{"gold_per_floor":[111,122,122,139,157,157,157,157],"floor_reached":8,"playtime":219,"items_purged":[],"score":84,"play_id":"fb9d6291-94ac-4d4a-aa0c-347cb7eaa1ba","local_time":"20190225005229","is_ascension_mode":true,"campfire_choices":[{"data":"Bouncing Flask","floor":6,"key":"SMITH"}],"neow_cost":"NONE","seed_source_timestamp":622832636483230,"circlet_count":0,"master_deck":["AscendersBane","Defend_G","Defend_G","Defend_G","Defend_G","Defend_G","Strike_G","Strike_G","Strike_G","Strike_G","Strike_G","Survivor","Neutralize","Tactician","Masterful Stab","Bouncing Flask+1"],"relics":["Ring of the Snake","Centennial Puzzle","Shuriken"],"potions_floor_usage":[],"damage_taken":[{"damage":0,"enemies":"2 Louse","floor":1,"turns":4},{"damage":5,"enemies":"Cultist","floor":2,"turns":6},{"damage":13,"enemies":"Jaw Worm","floor":4,"turns":5},{"damage":0,"enemies":"Large Slime","floor":5,"turns":8},{"damage":6,"enemies":"Exordium Thugs","floor":8,"turns":2}],"seed_played":"-4176544232767333680","potions_obtained":[{"floor":3,"key":"FairyPotion"},{"floor":3,"key":"Strength Potion"}],"is_trial":false,"path_per_floor":["M","M","?","M","M","R","?","M"],"character_chosen":"THE_SILENT","items_purchased":[],"campfire_rested":0,"item_purchase_floors":[],"current_hp_per_floor":[59,54,54,41,41,41,23,17],"gold":157,"neow_bonus":"RANDOM_COMMON_RELIC","is_prod":false,"is_daily":false,"chose_seed":false,"campfire_upgraded":1,"win_rate":0,"timestamp":1551027149,"path_taken":["M","M","?","?","M","R","?","M"],"build_version":"2019-01-23","purchased_purges":0,"victory":false,"max_hp_per_floor":[66,66,66,66,66,66,66,66],"card_choices":[{"not_picked":["Outmaneuver","Quick Slash","Dagger Spray"],"picked":"SKIP","floor":1},{"not_picked":["PiercingWail","Outmaneuver"],"picked":"Tactician","floor":2},{"not_picked":["Doppelganger","Bane"],"picked":"Masterful Stab","floor":4},{"not_picked":["Quick Slash","Dodge and Roll"],"picked":"Bouncing Flask","floor":5}],"player_experience":986997,"relics_obtained":[],"event_choices":[{"damage_healed":0,"gold_gain":0,"player_choice":"Got Potions","damage_taken":0,"max_hp_gain":0,"max_hp_loss":0,"event_name":"Lab","floor":3,"gold_loss":0},{"damage_healed":0,"gold_gain":0,"player_choice":"Success","damage_taken":18,"relics_obtained":["Shuriken"],"max_hp_gain":0,"max_hp_loss":0,"event_name":"Scrap Ooze","floor":7,"gold_loss":0}],"is_beta":false,"boss_relics":[],"items_purged_floors":[],"is_endless":false,"potions_floor_spawned":[],"killed_by":"Exordium Thugs","ascension_level":15}