{"gold_per_floor":[113,125,71,71,21,21,50,50,76,27,27,71,71,87,87,212,212,212,212,69,69,17,17,17,17,17,17,17,17,17,17,17,17,17,17,17,17,17,17,17,17,17,17,17,17,17,17,17,17,17],"floor_reached":51,"playtime":1102,"items_purged":["Shame"],"score":822,"play_id":"247d8447-a28f-4978-b49b-efa67daf9273","local_time":"20190807232142","is_ascension_mode":false,"campfire_choices":[{"data":"Zap","floor":6,"key":"SMITH"},{"data":"Dualcast","floor":11,"key":"SMITH"},{"data":"Rip and Tear","floor":13,"key":"SMITH"},{"data":"Beam Cell","floor":15,"key":"SMITH"},{"data":"Reinforced Body","floor":24,"key":"SMITH"},{"data":"Darkness","floor":29,"key":"SMITH"},{"floor":32,"key":"REST"},{"data":"Seek","floor":40,"key":"SMITH"},{"floor":46,"key":"REST"},{"floor":49,"key":"REST"}],"neow_cost":"NONE","seed_source_timestamp":1562110961494,"circlet_count":0,"master_deck":["Strike_B+1","Strike_B+1","Defend_B+1","Defend_B+1","Defend_B+1","Zap+1","Dualcast+1","Cold Snap+1","Reinforced Body+1","Cold Snap+1","Steam+1","Rip and Tear+1","Cold Snap+1","Beam Cell+1","Electrodynamics+1","Hologram+1","Rip and Tear+1","Cold Snap+1","Defragment+1","Auto Shields+1","Lockon+1","Darkness+1","Seek+1","Conserve Battery+1","Defragment+1","Sweeping Beam+1","Defragment+1","Seek+1","Go for the Eyes+1"],"relics":["Cracked Core","NeowsBlessing","Regal Pillow","Boot","Oddly Smooth Stone","Matryoshka","Ectoplasm","Bronze Scales","Ancient Tea Set","DataDisk","StoneCalendar","Sozu","Omamori","MawBank","Sundial","Mark of the Bloom"],"potions_floor_usage":[12,23,50],"damage_taken":[{"damage":0,"enemies":"Jaw Worm","floor":1,"turns":1},{"damage":0,"enemies":"Small Slimes","floor":2,"turns":1},{"damage":0,"enemies":"3 Sentries","floor":7,"turns":1},{"damage":12,"enemies":"Lagavulin","floor":12,"turns":5},{"damage":0,"enemies":"Cultist","floor":14,"turns":2},{"damage":0,"enemies":"Slime Boss","floor":16,"turns":10},{"damage":3,"enemies":"Spheric Guardian","floor":18,"turns":3},{"damage":0,"enemies":"3 Byrds","floor":23,"turns":2},{"damage":14,"enemies":"Snecko","floor":25,"turns":4},{"damage":10,"enemies":"Gremlin Leader","floor":27,"turns":6},{"damage":14,"enemies":"Collector","floor":33,"turns":9},{"damage":0,"enemies":"Orb Walker","floor":35,"turns":3},{"damage":3,"enemies":"3 Shapes","floor":38,"turns":3},{"damage":12,"enemies":"Spire Growth","floor":39,"turns":4},{"damage":0,"enemies":"4 Shapes","floor":41,"turns":2},{"damage":0,"enemies":"Reptomancer","floor":42,"turns":6},{"damage":10,"enemies":"Sphere and 2 Shapes","floor":45,"turns":6},{"damage":12,"enemies":"Time Eater","floor":50,"turns":12}],"seed_played":"-7068267174969445372","potions_obtained":[{"floor":7,"key":"AttackPotion"},{"floor":14,"key":"EssenceOfSteel"},{"floor":33,"key":"Dexterity Potion"}],"is_trial":false,"path_per_floor":["M","M","$","?","$","R","E","?","T","$","R","E","R","M","R","B",null,"M","?","$","?","$","M","R","M","T","E","?","R","?","?","R","B",null,"M","?","?","M","M","R","M","E","T","$","M","R","?","$","R","B",null],"character_chosen":"DEFECT","items_purchased":["Cold Snap","Steam","Cold Snap","Rip and Tear","Cold Snap"],"campfire_rested":3,"item_purchase_floors":[3,5,10,20,22],"current_hp_per_floor":[75,75,75,72,72,72,72,69,69,69,69,57,57,57,57,57,69,66,66,66,66,66,66,66,52,52,42,42,42,42,42,69,55,69,69,69,69,66,54,54,54,54,54,54,44,69,69,69,69,57],"gold":17,"neow_bonus":"THREE_ENEMY_KILL","is_prod":false,"is_daily":false,"chose_seed":false,"campfire_upgraded":7,"win_rate":0,"timestamp":1565241702,"path_taken":["M","M","$","?","$","R","E","?","T","$","R","E","R","M","R","BOSS","M","?","$","?","$","M","R","?","T","E","?","R","?","?","R","BOSS","M","?","?","?","M","R","M","E","T","?","M","R","?","$","R","BOSS"],"build_version":"2019-07-17","purchased_purges":1,"victory":true,"max_hp_per_floor":[75,75,75,75,75,75,75,69,69,69,69,69,69,69,69,69,69,69,69,69,69,69,69,69,69,69,69,69,69,69,69,69,69,69,69,69,69,69,69,69,69,69,69,69,69,69,69,69,69,69],"card_choices":[{"not_picked":["Steam","Aggregate"],"picked":"Cold Snap","floor":1},{"not_picked":["Compile Driver","Hologram"],"picked":"Reinforced Body","floor":2},{"not_picked":["Compile Driver","All For One"],"picked":"Rip and Tear","floor":7},{"not_picked":["BootSequence","Barrage","Steam Power"],"picked":"SKIP","floor":12},{"not_picked":["BootSequence","Sunder"],"picked":"Beam Cell","floor":14},{"not_picked":["Hyperbeam","Seek"],"picked":"Electrodynamics","floor":16},{"not_picked":["Stack+1","Scrape"],"picked":"Hologram","floor":18},{"not_picked":["Barrage+1","BootSequence","Fusion+1"],"picked":"SKIP","floor":23},{"not_picked":["Steam Power+1","Stack+1"],"picked":"Defragment+1","floor":25},{"not_picked":["Hologram","Streamline"],"picked":"Auto Shields+1","floor":27},{"not_picked":["Core Surge","Echo Form"],"picked":"Seek","floor":33},{"not_picked":["Undo+1","Turbo"],"picked":"Conserve Battery+1","floor":35},{"not_picked":["Redo+1","Recycle","Turbo"],"picked":"SKIP","floor":38},{"not_picked":["BootSequence+1","Rebound"],"picked":"Sweeping Beam+1","floor":39},{"not_picked":["Fusion","Streamline"],"picked":"Defragment","floor":41},{"not_picked":["Lockon+1","Sunder+1"],"picked":"Seek","floor":42},{"not_picked":["Turbo+1","Cold Snap+1"],"picked":"Go for the Eyes+1","floor":45}],"player_experience":1650277,"relics_obtained":[{"floor":7,"key":"Boot"},{"floor":9,"key":"Oddly Smooth Stone"},{"floor":12,"key":"Matryoshka"},{"floor":26,"key":"Ancient Tea Set"},{"floor":26,"key":"DataDisk"},{"floor":27,"key":"StoneCalendar"},{"floor":42,"key":"Omamori"},{"floor":43,"key":"MawBank"},{"floor":43,"key":"Sundial"}],"event_choices":[{"damage_healed":0,"gold_gain":0,"player_choice":"Success","damage_taken":3,"relics_obtained":["Regal Pillow"],"max_hp_gain":0,"max_hp_loss":0,"event_name":"Scrap Ooze","floor":4,"gold_loss":0},{"damage_healed":0,"gold_gain":0,"player_choice":"Lose Max HP","damage_taken":0,"relics_obtained":["Golden Idol"],"max_hp_gain":0,"max_hp_loss":6,"event_name":"Golden Idol","floor":8,"gold_loss":0},{"damage_healed":0,"gold_gain":0,"player_choice":"Stole Relic","damage_taken":0,"relics_obtained":["Bronze Scales"],"max_hp_gain":0,"max_hp_loss":0,"event_name":"Addict","floor":19,"gold_loss":0,"cards_obtained":["Shame"]},{"damage_healed":0,"gold_gain":0,"player_choice":"Forge","damage_taken":0,"max_hp_gain":0,"max_hp_loss":0,"event_name":"Accursed Blacksmith","floor":21,"gold_loss":0,"cards_upgraded":["Hologram"]},{"damage_healed":0,"gold_gain":0,"cards_transformed":["Strike_B","Defend_B"],"player_choice":"Became Test Subject","damage_taken":0,"max_hp_gain":0,"max_hp_loss":0,"event_name":"Drug Dealer","floor":28,"gold_loss":0,"cards_obtained":["Lockon","Darkness"]},{"cards_removed":["Strike_B"],"damage_healed":0,"gold_gain":0,"player_choice":"Elegance","damage_taken":0,"max_hp_gain":0,"max_hp_loss":0,"event_name":"Back to Basics","floor":30,"gold_loss":0},{"damage_healed":0,"gold_gain":0,"player_choice":"Ignored","damage_taken":0,"max_hp_gain":0,"max_hp_loss":0,"event_name":"Vampires","floor":31,"gold_loss":0},{"damage_healed":0,"gold_gain":333,"player_choice":"Gave Idol","damage_taken":0,"max_hp_gain":0,"max_hp_loss":0,"event_name":"The Moai Head","floor":36,"relics_lost":["Golden Idol"],"gold_loss":0},{"damage_healed":0,"gold_gain":0,"player_choice":"Copied","damage_taken":0,"max_hp_gain":0,"max_hp_loss":0,"event_name":"Duplicator","floor":37,"gold_loss":0,"cards_obtained":["Defragment"]},{"damage_healed":0,"gold_gain":0,"player_choice":"Upgrade","damage_taken":0,"relics_obtained":["Mark of the Bloom"],"max_hp_gain":0,"max_hp_loss":0,"event_name":"MindBloom","floor":47,"gold_loss":0,"cards_upgraded":["Strike_B","Strike_B","Defend_B","Defend_B","Defend_B","Cold Snap","Cold Snap","Steam","Cold Snap","Electrodynamics","Rip and Tear","Cold Snap","Lockon","Defragment","Seek"]}],"is_beta":false,"boss_relics":[{"not_picked":["Snecko Eye","Astrolabe"],"picked":"Ectoplasm"},{"not_picked":["Pandora\u0027s Box","Fusion Hammer"],"picked":"Sozu"}],"items_purged_floors":[20],"is_endless":false,"potions_floor_spawned":[7,14,33,41,42,45],"ascension_level":0}