{"gold_per_floor":[117,136,57,57,57,57,76,76,101,116,116,132,142,156,156,254,254,266,216,315,32,32,32,43,43,93,107,107,120,120,120,120,224,224,240,258,276,276,288,288,288,288,288,318,318,337,133,133,133,133],"floor_reached":51,"playtime":1322,"items_purged":["Strike_G","Strike_G","Strike_G"],"score":717,"play_id":"ec4d5ccf-7c95-4886-a8e6-74f85b109a96","local_time":"20181103234302","is_ascension_mode":false,"campfire_choices":[{"data":"Neutralize","floor":6,"key":"SMITH"},{"data":"Bouncing Flask","floor":8,"key":"SMITH"},{"data":"Deadly Poison","floor":11,"key":"SMITH"},{"data":"Noxious Fumes","floor":15,"key":"SMITH"},{"data":"Apotheosis","floor":23,"key":"SMITH"},{"data":"Footwork","floor":25,"key":"SMITH"},{"data":"Footwork","floor":30,"key":"SMITH"},{"floor":32,"key":"REST"},{"floor":40,"key":"REST"},{"data":"Malaise","floor":42,"key":"SMITH"},{"data":"Malaise","floor":45,"key":"SMITH"},{"floor":49,"key":"REST"}],"neow_cost":"NONE","seed_source_timestamp":12140127598488,"circlet_count":0,"master_deck":["Defend_G+1","Defend_G+1","Defend_G+1","Defend_G+1","Defend_G+1","Survivor+1","Neutralize+1","Doppelganger+1","All Out Attack+1","Footwork+1","Terror+1","Bouncing Flask+1","Deadly Poison+1","Malaise+1","Noxious Fumes+1","Night Terror+1","Footwork+1","Apotheosis+1","Backflip+1","Burst+1","Venomology+1","Malaise+1","Leg Sweep+1","Night Terror+1","Footwork+1","Catalyst+1","Catalyst+1","Footwork+1"],"relics":["Ring of the Snake","Smiling Mask","Regal Pillow","Philosopher\u0027s Stone","Centennial Puzzle","Ancient Tea Set","Runic Pyramid","Meat on the Bone","Pantograph","Mark of the Bloom"],"potions_floor_usage":[18,33,33,36,37,37,39,44,44,44,46,50],"damage_taken":[{"damage":0,"enemies":"Jaw Worm","floor":1,"turns":5},{"damage":0,"enemies":"2 Louse","floor":2,"turns":2},{"damage":0,"enemies":"Cultist","floor":7,"turns":4},{"damage":2,"enemies":"Looter","floor":10,"turns":3},{"damage":0,"enemies":"3 Louse","floor":12,"turns":3},{"damage":7,"enemies":"Blue Slaver","floor":13,"turns":4},{"damage":2,"enemies":"2 Fungi Beasts","floor":14,"turns":4},{"damage":25,"enemies":"The Guardian","floor":16,"turns":7},{"damage":4,"enemies":"Chosen","floor":18,"turns":4},{"damage":0,"enemies":"Spheric Guardian","floor":24,"turns":3},{"damage":7,"enemies":"Cultist and Chosen","floor":27,"turns":6},{"damage":10,"enemies":"Shelled Parasite and Fungi","floor":29,"turns":5},{"damage":25,"enemies":"Automaton","floor":33,"turns":8},{"damage":2,"enemies":"3 Shapes","floor":35,"turns":3},{"damage":0,"enemies":"Orb Walker","floor":36,"turns":4},{"damage":18,"enemies":"4 Shapes","floor":37,"turns":4},{"damage":25,"enemies":"3 Darklings","floor":39,"turns":5},{"damage":1,"enemies":"Nemesis","floor":44,"turns":7},{"damage":0,"enemies":"Jaw Worm Horde","floor":46,"turns":6},{"damage":2,"enemies":"Time Eater","floor":50,"turns":3}],"seed_played":"-4630168500547659187","potions_obtained":[{"floor":1,"key":"Energy Potion"},{"floor":2,"key":"AttackPotion"},{"floor":10,"key":"Ancient Potion"},{"floor":27,"key":"Strength Potion"},{"floor":44,"key":"Fruit Juice"}],"is_trial":false,"path_per_floor":["M","M","$","?","?","R","M","R","T","M","R","M","M","M","R","B",null,"M","$","?","$","?","R","M","R","T","M","T","M","R","?","R","B",null,"M","M","M","?","M","R","?","R","T","E","R","M","$","?","R","B",null],"character_chosen":"THE_SILENT","items_purchased":["Footwork","Footwork","Apotheosis","Catalyst","Footwork"],"campfire_rested":3,"item_purchase_floors":[3,21,21,47,47],"current_hp_per_floor":[70,70,70,67,67,67,67,67,67,65,65,65,58,56,56,31,70,66,66,66,66,53,53,53,53,53,46,46,36,36,36,73,48,75,73,75,57,57,32,69,69,69,69,68,68,73,73,73,73,71],"gold":133,"neow_bonus":"ONE_RANDOM_RARE_CARD","is_prod":false,"is_daily":false,"chose_seed":false,"campfire_upgraded":9,"win_rate":0,"timestamp":1541259782,"path_taken":["M","M","$","?","?","R","M","R","T","M","R","M","M","M","R","BOSS","M","?","?","$","?","R","M","R","T","M","?","?","R","?","R","BOSS","M","?","M","?","M","R","?","R","T","E","R","?","$","?","R","BOSS"],"build_version":"2018-11-01","purchased_purges":3,"victory":true,"max_hp_per_floor":[70,70,70,70,70,70,70,70,70,70,70,70,70,70,70,70,70,70,70,70,70,75,75,75,75,75,75,75,75,75,75,75,75,75,75,75,75,75,75,75,75,75,75,75,75,80,80,80,80,80],"card_choices":[{"not_picked":["Backstab","Slice"],"picked":"All Out Attack","floor":1},{"not_picked":["Underhanded Strike","Bane","Prepared"],"picked":"SKIP","floor":2},{"not_picked":["All Out Attack","Dagger Spray"],"picked":"Bouncing Flask","floor":7},{"not_picked":["Cloak And Dagger","Underhanded Strike"],"picked":"Deadly Poison","floor":10},{"not_picked":["Dash","Tactician","Quick Slash"],"picked":"SKIP","floor":12},{"not_picked":["Expertise","Dodge and Roll"],"picked":"Malaise","floor":13},{"not_picked":["Calculated Gamble","Choke"],"picked":"Noxious Fumes","floor":14},{"not_picked":["After Image","Wraith Form v2"],"picked":"Night Terror","floor":16},{"not_picked":["PiercingWail","Predator","Sucker Punch"],"picked":"SKIP","floor":18},{"not_picked":["Outmaneuver+1","Terror"],"picked":"Backflip","floor":24},{"not_picked":["Dagger Spray+1","Terror","Underhanded Strike"],"picked":"SKIP","floor":27},{"not_picked":["Quick Slash+1","Deflect"],"picked":"Burst","floor":29},{"not_picked":["After Image","Glass Knife"],"picked":"Malaise","floor":33},{"not_picked":["Poisoned Stab+1","Slice","Prepared+1"],"picked":"SKIP","floor":35},{"not_picked":["Flechettes","Endless Agony+1"],"picked":"Leg Sweep","floor":36},{"not_picked":["Expertise","Sucker Punch","Choke+1"],"picked":"SKIP","floor":37},{"not_picked":["Bouncing Flask","Masterful Stab","Dagger Spray+1"],"picked":"SKIP","floor":39},{"not_picked":["Sucker Punch","Bane+1"],"picked":"Footwork+1","floor":44},{"not_picked":["Flying Knee","Dagger Spray+1"],"picked":"Catalyst+1","floor":46}],"player_experience":843762,"relics_obtained":[{"floor":9,"key":"Regal Pillow"},{"floor":26,"key":"Centennial Puzzle"},{"floor":28,"key":"Ancient Tea Set"},{"floor":43,"key":"Meat on the Bone"},{"floor":44,"key":"Pantograph"}],"event_choices":[{"damage_healed":0,"gold_gain":0,"player_choice":"Success","damage_taken":3,"relics_obtained":["Smiling Mask"],"max_hp_gain":0,"max_hp_loss":0,"event_name":"Scrap Ooze","floor":4,"gold_loss":0},{"damage_healed":0,"gold_gain":0,"cards_transformed":["Strike_G"],"player_choice":"Transformed","damage_taken":0,"max_hp_gain":0,"max_hp_loss":0,"event_name":"Transmorgrifier","floor":5,"gold_loss":0,"cards_obtained":["Terror"]},{"damage_healed":0,"gold_gain":99,"player_choice":"Stole From Cult","damage_taken":0,"max_hp_gain":0,"max_hp_loss":0,"event_name":"Nest","floor":20,"gold_loss":0},{"damage_healed":0,"gold_gain":0,"player_choice":"Shed Blood","damage_taken":18,"max_hp_gain":5,"max_hp_loss":0,"event_name":"Forgotten Altar","floor":22,"gold_loss":0},{"damage_healed":0,"gold_gain":0,"cards_transformed":["Strike_G"],"player_choice":"Transformed","damage_taken":0,"max_hp_gain":0,"max_hp_loss":0,"event_name":"Transmorgrifier","floor":31,"gold_loss":0,"cards_obtained":["Venomology"]},{"damage_healed":0,"gold_gain":0,"player_choice":"Memory 1","damage_taken":0,"max_hp_gain":0,"max_hp_loss":0,"event_name":"SensoryStone","floor":38,"gold_loss":0},{"damage_healed":0,"gold_gain":0,"player_choice":"Copied","damage_taken":0,"max_hp_gain":0,"max_hp_loss":0,"event_name":"Duplicator","floor":41,"gold_loss":0,"cards_obtained":["Night Terror"]},{"damage_healed":0,"gold_gain":0,"player_choice":"Upgrade","damage_taken":0,"relics_obtained":["Mark of the Bloom"],"max_hp_gain":0,"max_hp_loss":0,"event_name":"MindBloom","floor":48,"gold_loss":0,"cards_upgraded":["Defend_G","Defend_G","Defend_G","Defend_G","Defend_G","Survivor","Doppelganger","All Out Attack","Terror","Night Terror","Backflip","Burst","Venomology","Leg Sweep","Night Terror","Catalyst","Footwork"]}],"is_beta":false,"boss_relics":[{"not_picked":["Tiny House","Ectoplasm"],"picked":"Philosopher\u0027s Stone"},{"not_picked":["Coffee Dripper","Black Star"],"picked":"Runic Pyramid"}],"items_purged_floors":[19,21,47],"is_endless":false,"potions_floor_spawned":[1,2,10,27,29,33,35,36,44],"ascension_level":0}