{"gold_per_floor":[210,267,277,288,174,174,184,184,263,263,275,275,301,318,318,415,415,433,452,466,130,45,45,73,73,123,73,73,93,93,16,16,113,113,123,123,73,84,96,96,108,0,25,25,36,51,64,84,84,84],"floor_reached":51,"playtime":2168,"items_purged":["Strike_G","Strike_G","Defend_G","Defend_G"],"score":821,"play_id":"d29aa357-3626-4aeb-a8e0-7bedce9d5d58","local_time":"20181020104843","is_ascension_mode":false,"campfire_choices":[{"data":"Footwork","floor":6.0,"key":"SMITH"},{"data":"Poisoned Stab","floor":8.0,"key":"SMITH"},{"data":"Neutralize","floor":10.0,"key":"SMITH"},{"data":"Dash","floor":12.0,"key":"SMITH"},{"data":"Well Laid Plans","floor":15.0,"key":"SMITH"},{"data":"Glass Knife","floor":23.0,"key":"SMITH"},{"data":"Malaise","floor":25.0,"key":"SMITH"},{"data":"Deadly Poison","floor":30.0,"key":"SMITH"},{"data":"Footwork","floor":32.0,"key":"SMITH"},{"data":"Night Terror","floor":40,"key":"SMITH"},{"data":"Leg Sweep","floor":44,"key":"SMITH"},{"data":"Night Terror","floor":49,"key":"SMITH"}],"neow_cost":"NONE","seed_source_timestamp":115952062546,"circlet_count":0,"master_deck":["Defend_G+1","Defend_G+1","Strike_G","Survivor","Neutralize+1","Dash+1","Escape Plan","Footwork+1","Poisoned Stab+1","Well Laid Plans+1","Glass Knife+1","Dodge and Roll+1","Deadly Poison+1","Infinite Blades+1","Malaise+1","Footwork+1","Night Terror+1","Blade Dance+1","Bouncing Flask+1","Leg Sweep+1","Leg Sweep+1","Parasite","Catalyst+1","Night Terror+1","Infinite Blades"],"special_seed":0,"relics":["Ring of the Snake","Kunai","Smiling Mask","Coffee Dripper","War Paint","Singing Bowl","Tough Bandages","Orichalcum","Astrolabe","Calipers","Red Mask","Oddly Smooth Stone"],"potions_floor_usage":[50],"damage_taken":[{"damage":1.0,"enemies":"Cultist","floor":1.0,"turns":5.0},{"damage":0.0,"enemies":"Small Slimes","floor":3.0,"turns":3.0},{"damage":1.0,"enemies":"Jaw Worm","floor":4.0,"turns":3.0},{"damage":9.0,"enemies":"Exordium Thugs","floor":7.0,"turns":8.0},{"damage":1.0,"enemies":"3 Louse","floor":11.0,"turns":4.0},{"damage":28.0,"enemies":"Gremlin Nob","floor":13.0,"turns":6.0},{"damage":0.0,"enemies":"Blue Slaver","floor":14.0,"turns":4.0},{"damage":9.0,"enemies":"Slime Boss","floor":16.0,"turns":16.0},{"damage":1.0,"enemies":"2 Thieves","floor":18.0,"turns":5.0},{"damage":1.0,"enemies":"Spheric Guardian","floor":19.0,"turns":4.0},{"damage":5.0,"enemies":"Snake Plant","floor":20.0,"turns":6.0},{"damage":5.0,"enemies":"Slavers","floor":24.0,"turns":8.0},{"damage":0.0,"enemies":"Snecko","floor":29.0,"turns":6.0},{"damage":0.0,"enemies":"Automaton","floor":33.0,"turns":13.0},{"damage":0.0,"enemies":"3 Shapes","floor":35.0,"turns":5.0},{"damage":0.0,"enemies":"Mind Bloom Boss Battle","floor":36.0,"turns":11.0},{"damage":0.0,"enemies":"3 Darklings","floor":38.0,"turns":8.0},{"damage":0,"enemies":"4 Shapes","floor":39,"turns":8},{"damage":0,"enemies":"Writhing Mass","floor":41,"turns":9},{"damage":0,"enemies":"Maw","floor":45,"turns":6},{"damage":0,"enemies":"Transient","floor":46,"turns":5},{"damage":1,"enemies":"3 Darklings","floor":47,"turns":6},{"damage":17,"enemies":"Writhing Mass","floor":48,"turns":4},{"damage":0,"enemies":"Time Eater","floor":50,"turns":7}],"seed_played":"-233228047270071169","potions_obtained":[{"floor":1.0,"key":"Dexterity Potion"},{"floor":4.0,"key":"FearPotion"},{"floor":16.0,"key":"Swift Potion"},{"floor":19.0,"key":"Regen Potion"},{"floor":20.0,"key":"SteroidPotion"},{"floor":24.0,"key":"SteroidPotion"},{"floor":29.0,"key":"GamblersBrew"},{"floor":36.0,"key":"Dexterity Potion"},{"floor":39,"key":"GamblersBrew"}],"is_trial":false,"path_per_floor":["M","?","M","M","$","R","M","R","T","R","M","R","E","M","R","B",null,"M","M","M","$","?","R","E","R","T","$","?","M","R","$","R","B",null,"M","?","$","M","M","R","M","?","T","R","M","M","M","M","R","B"],"character_chosen":"THE_SILENT","items_purchased":["Footwork","Malaise","War Paint","Footwork"],"campfire_rested":0,"item_purchase_floors":[5,21,21,31],"current_hp_per_floor":[69,69,69,68,68,68,59,59,59,59,58,58,30,30,30,21,70,69,68,63,63,63,63,70,70,70,70,57,59,59,59,59,59,79,79,81,81,83,85,85,85,85,85,85,87,89,88,71,71,71],"gold":84,"neow_bonus":"HUNDRED_GOLD","is_prod":false,"is_daily":false,"chose_seed":false,"campfire_upgraded":12,"win_rate":0,"timestamp":1540003723,"path_taken":["M","?","M","M","$","R","M","R","T","R","M","R","E","M","R","BOSS","M","M","M","$","?","R","E","R","T","$","?","M","R","?","R","BOSS","M","?","$","M","M","R","M","?","T","R","M","?","?","M","R","BOSS"],"build_version":"2018-10-18","purchased_purges":4,"victory":true,"max_hp_per_floor":[70,70,70,70,70,70,70,70,70,70,70,70,70,70,70,70,70,70,70,70,70,70,70,72,72,72,72,77,79,79,79,79,79,79,79,81,81,83,85,85,85,85,85,85,87,89,89,89,89,89],"card_choices":[{"not_picked":["Cloak And Dagger","Underhanded Strike"],"picked":"Dash","floor":1.0},{"not_picked":["Dodge and Roll","Deflect","Bane"],"picked":"SKIP","floor":3.0},{"not_picked":["Acrobatics","Deflect"],"picked":"Escape Plan","floor":4.0},{"not_picked":["PiercingWail","Dodge and Roll"],"picked":"Poisoned Stab","floor":7.0},{"not_picked":["Skewer","PiercingWail","Riddle With Holes"],"picked":"SKIP","floor":11.0},{"not_picked":["Bane","Die Die Die"],"picked":"Well Laid Plans","floor":13.0},{"not_picked":["Outmaneuver","Poisoned Stab","Concentrate"],"picked":"SKIP","floor":14.0},{"not_picked":["Doppelganger","After Image"],"picked":"Glass Knife","floor":16.0},{"not_picked":["Prepared","Flying Knee"],"picked":"Dodge and Roll+1","floor":18.0},{"not_picked":["Quick Slash+1","Backstab"],"picked":"Deadly Poison","floor":19.0},{"not_picked":["Acrobatics","Accuracy"],"picked":"Infinite Blades+1","floor":20.0},{"not_picked":["Skewer","Terror","Predator"],"picked":"Singing Bowl","floor":24.0},{"not_picked":["Dagger Throw","Concentrate","Choke"],"picked":"Singing Bowl","floor":29.0},{"not_picked":["Grand Finale","Venomology"],"picked":"Night Terror","floor":33.0},{"not_picked":["Deadly Poison","Concentrate+1"],"picked":"Leg Sweep","floor":35.0},{"not_picked":["Sucker Punch","Terror","Dagger Throw"],"picked":"Singing Bowl","floor":36.0},{"not_picked":["Prepared","Quick Slash","Dagger Spray"],"picked":"Singing Bowl","floor":38.0},{"not_picked":["Acrobatics+1","Blade Dance","Poisoned Stab"],"picked":"Singing Bowl","floor":39},{"not_picked":["Dodge and Roll+1","Setup+1"],"picked":"Catalyst+1","floor":41},{"not_picked":["Underhanded Strike+1","Reflex","Slice"],"picked":"Singing Bowl","floor":45},{"not_picked":["Bane+1","Underhanded Strike+1","Dodge and Roll"],"picked":"Singing Bowl","floor":46},{"not_picked":["Underhanded Strike+1","Prepared"],"picked":"Night Terror","floor":47},{"not_picked":["Calculated Gamble","Outmaneuver"],"picked":"Infinite Blades","floor":48}],"player_experience":387133,"relics_obtained":[{"floor":9.0,"key":"Kunai"},{"floor":13.0,"key":"Smiling Mask"},{"floor":24.0,"key":"Tough Bandages"},{"floor":26.0,"key":"Orichalcum"},{"floor":36.0,"key":"Calipers"},{"floor":43,"key":"Oddly Smooth Stone"}],"event_choices":[{"damage_healed":0.0,"max_hp_gain":0.0,"max_hp_loss":0.0,"gold_gain":57.0,"event_name":"Golden Wing","player_choice":"Gained Gold","floor":2.0,"gold_loss":0.0,"damage_taken":0.0},{"damage_healed":0.0,"max_hp_gain":0.0,"max_hp_loss":0.0,"gold_gain":0.0,"event_name":"Addict","player_choice":"Obtained Relic","floor":22.0,"gold_loss":85.0,"damage_taken":0.0,"relics_obtained":["Singing Bowl"]},{"damage_healed":0.0,"max_hp_gain":5.0,"max_hp_loss":0.0,"gold_gain":0.0,"event_name":"Forgotten Altar","player_choice":"Shed Blood","floor":28.0,"gold_loss":0.0,"damage_taken":18.0},{"damage_healed":0.0,"max_hp_gain":0.0,"max_hp_loss":0.0,"gold_gain":0.0,"event_name":"MindBloom","player_choice":"Fight","floor":36.0,"gold_loss":0.0,"damage_taken":0.0},{"damage_healed":0,"gold_gain":0,"player_choice":"Paid","damage_taken":0,"relics_obtained":["Red Mask"],"max_hp_gain":0,"max_hp_loss":0,"event_name":"Tomb of Lord Red Mask","floor":42,"gold_loss":108}],"is_beta":false,"boss_relics":[{"not_picked":["Ectoplasm","Philosopher\u0027s Stone"],"picked":"Coffee Dripper"},{"not_picked":["Black Star","Calling Bell"],"picked":"Astrolabe"}],"items_purged_floors":[5,21,27,37],"is_endless":false,"potions_floor_spawned":[1,4,16,19,20,24,29,36,39,46,47],"ascension_level":0}