{"gold_per_floor":[118,118,135,135,135,173,173,98,174,174,174,194,194,212,212,305,305,325,349,274,274,314,314,10,10,10,10,25,25,25,46,46,46],"floor_reached":33,"playtime":733,"items_purged":["Strike_B"],"score":532,"play_id":"a62b2862-06a3-48be-8be5-7eba5ee60763","local_time":"20181231152410","is_ascension_mode":true,"campfire_choices":[{"data":"Consume","floor":7.0,"key":"SMITH"},{"data":"Zap","floor":11.0,"key":"SMITH"},{"data":"Defragment","floor":13.0,"key":"SMITH"},{"data":"Dualcast","floor":15.0,"key":"SMITH"},{"data":"Self Repair","floor":23,"key":"SMITH"},{"data":"Self Repair","floor":25,"key":"SMITH"},{"data":"Capacitor","floor":29,"key":"SMITH"},{"floor":32,"key":"REST"}],"neow_cost":"NONE","seed_source_timestamp":15063442338668,"circlet_count":0,"master_deck":["AscendersBane","Strike_B","Defend_B","Defend_B","Zap+1","Dualcast+1","Undo","Machine Learning","Consume+1","Melter","Defragment+1","Electrodynamics","Self Repair+1","Undo","Self Repair+1","Shame","Hologram+1","Capacitor+1"],"special_seed":0,"relics":["Cracked Core","NeowsBlessing","Golden Idol","Ginger","Dodecahedron","Cursed Key","Red Mask","ClockworkSouvenir","Prayer Wheel"],"potions_floor_usage":[16,16,16,16,33],"damage_taken":[{"damage":0.0,"enemies":"Small Slimes","floor":1.0,"turns":1.0},{"damage":0.0,"enemies":"Jaw Worm","floor":3.0,"turns":1.0},{"damage":0.0,"enemies":"3 Sentries","floor":6.0,"turns":1.0},{"damage":0.0,"enemies":"2 Louse","floor":12.0,"turns":2.0},{"damage":16.0,"enemies":"Large Slime","floor":14.0,"turns":6.0},{"damage":28,"enemies":"Slime Boss","floor":16,"turns":7},{"damage":10,"enemies":"Chosen","floor":18,"turns":5},{"damage":11,"enemies":"3 Byrds","floor":19,"turns":3},{"damage":29,"enemies":"Masked Bandits","floor":22,"turns":3},{"damage":7,"enemies":"3 Cultists","floor":28,"turns":3},{"damage":17,"enemies":"Snecko","floor":31,"turns":6},{"damage":31,"enemies":"Champ","floor":33,"turns":8}],"seed_played":"2514634433474038266","potions_obtained":[{"floor":1.0,"key":"Strength Potion"},{"floor":3.0,"key":"EntropicBrew"},{"floor":19,"key":"Energy Potion"},{"floor":28,"key":"Regen Potion"}],"is_trial":false,"path_per_floor":["M","?","M","?","?","E","R","$","T","?","R","M","R","M","R","B",null,"M","M","?","?","?","R","$","R","T","$","M","R","?","M","R","B"],"character_chosen":"DEFECT","items_purchased":["ClockworkSouvenir","Self Repair"],"campfire_rested":1,"item_purchase_floors":[24,24],"current_hp_per_floor":[64,64,64,64,69,69,69,69,69,69,69,69,69,53,53,25,58,48,37,37,37,15,15,15,15,15,15,28,28,28,31,51,35],"gold":46,"neow_bonus":"THREE_ENEMY_KILL","is_prod":false,"is_daily":false,"chose_seed":false,"campfire_upgraded":7,"win_rate":0,"timestamp":1546241050,"path_taken":["M","?","M","?","?","E","R","$","T","?","R","M","R","M","R","BOSS","M","M","?","?","?","R","$","R","T","$","M","R","?","M","R","BOSS"],"build_version":"2018-12-20","purchased_purges":1,"victory":false,"max_hp_per_floor":[71,71,71,64,69,69,69,69,69,69,69,69,69,69,69,69,69,69,69,69,69,69,69,69,69,69,69,69,69,69,69,69,69],"card_choices":[{"not_picked":["Hello World","Tempest"],"picked":"Undo","floor":1.0},{"not_picked":["Hologram","Conserve Battery"],"picked":"Consume","floor":3.0},{"not_picked":["Ball Lightning","Rip and Tear"],"picked":"Melter","floor":6.0},{"not_picked":["Stack","Reinforced Body"],"picked":"Defragment","floor":12.0},{"not_picked":["Consume","Turbo","Redo"],"picked":"SKIP","floor":14.0},{"not_picked":["Biased Cognition","Multi-Cast"],"picked":"Electrodynamics","floor":16},{"not_picked":["Beam Cell","Turbo","Melter"],"picked":"SKIP","floor":18},{"not_picked":["Stack","Static Discharge+1"],"picked":"Self Repair","floor":19},{"not_picked":["Ball Lightning","Streamline"],"picked":"Undo","floor":22},{"not_picked":["Heatsinks","Rebound"],"picked":"Hologram","floor":28},{"not_picked":["Chill","Conserve Battery"],"picked":"Capacitor","floor":28},{"not_picked":["Leap","Redo","Beam Cell+1"],"picked":"SKIP","floor":31},{"not_picked":["Compile Driver+1","Reprogram","Heatsinks"],"picked":"SKIP","floor":31}],"player_experience":1620824,"relics_obtained":[{"floor":6.0,"key":"Ginger"},{"floor":9.0,"key":"Dodecahedron"},{"floor":22,"key":"Red Mask"},{"floor":26,"key":"Prayer Wheel"}],"event_choices":[{"damage_healed":0.0,"max_hp_gain":0.0,"max_hp_loss":0.0,"gold_gain":0.0,"cards_transformed":["Strike_B"],"event_name":"Living Wall","player_choice":"Change","floor":2.0,"gold_loss":0.0,"damage_taken":0.0,"cards_obtained":["Machine Learning"]},{"damage_healed":0.0,"max_hp_gain":0.0,"max_hp_loss":7.0,"gold_gain":0.0,"event_name":"Golden Idol","player_choice":"Lose Max HP","floor":4.0,"gold_loss":0.0,"damage_taken":0.0,"relics_obtained":["Golden Idol"]},{"damage_healed":0.0,"max_hp_gain":5.0,"max_hp_loss":0.0,"gold_gain":0.0,"event_name":"Big Fish","player_choice":"Donut","floor":5.0,"gold_loss":0.0,"damage_taken":0.0},{"cards_removed":["Strike_B"],"damage_healed":0.0,"max_hp_gain":0.0,"max_hp_loss":0.0,"gold_gain":0.0,"event_name":"Bonfire Elementals","player_choice":"Offered Basic","floor":10.0,"gold_loss":0.0,"damage_taken":0.0},{"cards_removed":["Defend_B"],"damage_healed":0,"gold_gain":0,"player_choice":"Gave Gold","damage_taken":0,"max_hp_gain":0,"max_hp_loss":0,"event_name":"Beggar","floor":20,"gold_loss":75},{"cards_removed":["Defend_B"],"damage_healed":0,"gold_gain":0,"player_choice":"Elegance","damage_taken":0,"max_hp_gain":0,"max_hp_loss":0,"event_name":"Back to Basics","floor":21,"gold_loss":0},{"damage_healed":0,"gold_gain":0,"player_choice":"Fought Bandits","damage_taken":0,"max_hp_gain":0,"max_hp_loss":0,"event_name":"Masked Bandits","floor":22,"gold_loss":0},{"damage_healed":0,"gold_gain":0,"player_choice":"Upgraded","damage_taken":0,"max_hp_gain":0,"max_hp_loss":0,"event_name":"Upgrade Shrine","floor":30,"gold_loss":0,"cards_upgraded":["Hologram"]}],"is_beta":false,"boss_relics":[{"not_picked":["FrozenCore","Fusion Hammer"],"picked":"Cursed Key"}],"items_purged_floors":[8],"is_endless":false,"potions_floor_spawned":[1,3,6,14,19,28,31],"killed_by":"Champ","ascension_level":20}