{"gold_per_floor":[119,44,119,119,143,183,198,213,213,213,213,237,277,291,291,291],"floor_reached":16,"playtime":886,"items_purged":["Defend_G"],"score":137,"play_id":"354b6af9-bb44-4046-ae76-62a50c62fd8b","local_time":"20190528230516","is_ascension_mode":false,"campfire_choices":[{"data":"Neutralize","floor":10.0,"key":"SMITH"},{"data":"Blade Dance","floor":15.0,"key":"SMITH"}],"neow_cost":"NONE","seed_source_timestamp":16473104387638,"circlet_count":0,"master_deck":["Defend_G","Defend_G","Defend_G","Defend_G","Strike_G","Strike_G","Strike_G","Strike_G","Strike_G","Survivor","Neutralize+1","Underhanded Strike","All Out Attack","Footwork","Prepared","Cloak And Dagger","Blade Dance+1","Dodge and Roll"],"special_seed":0,"relics":["Ring of the Snake","NeowsBlessing","Golden Idol","Omamori","Ornamental Fan","Letter Opener","Pear"],"potions_floor_usage":[16,16],"damage_taken":[{"damage":0.0,"enemies":"Cultist","floor":1.0,"turns":1.0},{"damage":0.0,"enemies":"Jaw Worm","floor":5.0,"turns":1.0},{"damage":0.0,"enemies":"Lagavulin","floor":6.0,"turns":1.0},{"damage":5.0,"enemies":"Small Slimes","floor":7.0,"turns":2.0},{"damage":0.0,"enemies":"Exordium Wildlife","floor":8.0,"turns":4.0},{"damage":2.0,"enemies":"Looter","floor":12.0,"turns":4.0},{"damage":10.0,"enemies":"Gremlin Nob","floor":13.0,"turns":4.0},{"damage":2.0,"enemies":"Blue Slaver","floor":14.0,"turns":4.0},{"damage":52,"enemies":"Hexaghost","floor":16,"turns":16}],"seed_played":"8554095873396397562","potions_obtained":[{"floor":5.0,"key":"LiquidBronze"},{"floor":8.0,"key":"Poison Potion"},{"floor":14.0,"key":"AttackPotion"}],"is_trial":false,"path_per_floor":["M","$","?","?","M","E","M","M","T","R","?","M","E","M","R","B"],"character_chosen":"THE_SILENT","items_purchased":[],"campfire_rested":0,"item_purchase_floors":[],"current_hp_per_floor":[70,70,59,59,59,59,54,54,54,54,51,49,49,47,47,0],"gold":291,"neow_bonus":"THREE_ENEMY_KILL","is_prod":false,"is_daily":false,"chose_seed":false,"campfire_upgraded":2,"win_rate":0,"timestamp":1559077516,"path_taken":["M","$","?","?","M","E","M","M","T","R","?","?","E","M","R","BOSS"],"build_version":"2019-01-23","purchased_purges":1,"victory":false,"max_hp_per_floor":[70,70,70,65,65,65,65,65,65,65,65,65,75,75,75,75],"card_choices":[{"not_picked":["Acrobatics","PiercingWail"],"picked":"Underhanded Strike","floor":1.0},{"not_picked":["Quick Slash","PiercingWail","Bouncing Flask"],"picked":"SKIP","floor":5.0},{"not_picked":["Masterful Stab","Flechettes"],"picked":"All Out Attack","floor":6.0},{"not_picked":["Accuracy","Dash"],"picked":"Footwork","floor":7.0},{"not_picked":["Quick Slash","Distraction"],"picked":"Prepared","floor":8.0},{"not_picked":["Acrobatics","Dash"],"picked":"Cloak And Dagger","floor":12.0},{"not_picked":["Noxious Fumes","Distraction"],"picked":"Blade Dance","floor":13.0},{"not_picked":["Prepared","Blade Dance"],"picked":"Dodge and Roll","floor":14.0}],"player_experience":437962,"relics_obtained":[{"floor":6.0,"key":"Omamori"},{"floor":9.0,"key":"Ornamental Fan"},{"floor":13.0,"key":"Pear"}],"event_choices":[{"damage_healed":0.0,"max_hp_gain":0.0,"max_hp_loss":0.0,"gold_gain":75.0,"event_name":"World of Goop","player_choice":"Gather Gold","floor":3.0,"gold_loss":0.0,"damage_taken":11.0},{"damage_healed":0.0,"max_hp_gain":0.0,"max_hp_loss":5.0,"gold_gain":0.0,"event_name":"Golden Idol","player_choice":"Lose Max HP","floor":4.0,"gold_loss":0.0,"damage_taken":0.0,"relics_obtained":["Golden Idol"]},{"damage_healed":0.0,"max_hp_gain":0.0,"max_hp_loss":0.0,"gold_gain":0.0,"event_name":"Scrap Ooze","player_choice":"Success","floor":11.0,"gold_loss":0.0,"damage_taken":3.0,"relics_obtained":["Letter Opener"]}],"is_beta":false,"boss_relics":[],"items_purged_floors":[2],"is_endless":false,"potions_floor_spawned":[5,8,14],"killed_by":"Hexaghost","ascension_level":0}