{"path_per_floor":["M","?","$","M","?","R","M","E","T","R","$","E","M","?","R","B",null,"M","?","?","M","$","R"],"character_chosen":"DEFECT","items_purchased":["Mercury Hourglass"],"gold_per_floor":[119,119,44,59,59,59,74,102,102,102,2,37,56,131,131,234,234,244,244,244,255,10,10,10],"floor_reached":24,"campfire_rested":3,"playtime":885,"item_purchase_floors":[22],"current_hp_per_floor":[69,62,62,57,42,64,64,54,54,75,75,64,69,58,75,58,75,40,40,40,15,15,15,0],"items_purged":["Defend_B","Defend_B"],"gold":10,"score":202,"play_id":"12715820-e75a-4897-8c39-ad075dbbc5fd","local_time":"20180617203911","is_prod":false,"is_daily":false,"chose_seed":false,"is_ascension_mode":false,"campfire_upgraded":0,"win_rate":0,"timestamp":1529260751,"campfire_choices":[{"floor":6.0,"key":"REST"},{"floor":10.0,"key":"REST"},{"floor":15.0,"key":"REST"}],"path_taken":["M","?","$","M","?","R","?","E","T","R","$","E","M","?","R","BOSS","M","?","?","M","?","R","M"],"build_version":"2018-06-14v2","seed_source_timestamp":0,"purchased_purges":2,"victory":false,"master_deck":["Strike_B","Strike_B","Strike_B","Defend_B","Defend_B+1","Zap","Dualcast","Echo Form+1","Fusion","Compile Driver","Self Repair","Multi-Cast","Double Energy","Buffer","Chill","Hologram"],"max_hp_per_floor":[75,75,75,75,75,75,75,75,75,75,75,75,75,75,75,75,75,75,75,75,75,75,75,75],"special_seed":0,"relics":["Fusion Hammer","Toolbox","Omamori","Kunai","Coffee Dripper","Mercury Hourglass"],"card_choices":[{"not_picked":["Steam Power","Cold Snap"],"picked":"Echo Form","floor":1.0},{"not_picked":["Hologram","Lockon"],"picked":"Fusion","floor":4.0},{"not_picked":["Go for the Eyes","Aggregate"],"picked":"Compile Driver","floor":7.0},{"not_picked":["Stack","Leap"],"picked":"Self Repair","floor":8.0},{"not_picked":["Rip and Tear","Cold Snap"],"picked":"Multi-Cast","floor":12.0},{"not_picked":["Loop","Leap"],"picked":"Double Energy","floor":13.0},{"not_picked":["Meteor Strike","Electrodynamics"],"picked":"Buffer","floor":16.0},{"not_picked":["Stack","Fusion"],"picked":"Chill","floor":18.0},{"not_picked":["Ball Lightning","Coolheaded"],"picked":"Hologram","floor":21}],"player_experience":251030,"potions_floor_usage":[],"damage_taken":[{"damage":6.0,"enemies":"Jaw Worm","floor":1.0,"turns":2.0},{"damage":5.0,"enemies":"Small Slimes","floor":4.0,"turns":4.0},{"damage":0.0,"enemies":"Cultist","floor":7.0,"turns":4.0},{"damage":10.0,"enemies":"Lagavulin","floor":8.0,"turns":6.0},{"damage":21.0,"enemies":"Gremlin Nob","floor":12.0,"turns":4.0},{"damage":9.0,"enemies":"Blue Slaver","floor":13.0,"turns":4.0},{"damage":27.0,"enemies":"Slime Boss","floor":16.0,"turns":5.0},{"damage":42.0,"enemies":"3 Byrds","floor":18.0,"turns":4.0},{"damage":39,"enemies":"Spheric Guardian","floor":21,"turns":6},{"damage":15,"enemies":"Centurion and Healer","floor":24,"turns":5}],"relics_obtained":[{"floor":8.0,"key":"Toolbox"},{"floor":9.0,"key":"Omamori"},{"floor":12.0,"key":"Kunai"}],"event_choices":[{"event_name":"Golden Wing","player_choice":"Card Removal","floor":2.0,"damage_taken":0.0},{"event_name":"Shining Light","player_choice":"Entered Light","floor":5.0,"damage_taken":0.0},{"event_name":"World of Goop","player_choice":"Gather Gold","floor":14.0,"damage_taken":0.0},{"event_name":"Drug Dealer","player_choice":"Ignored","floor":19.0,"damage_taken":0.0},{"event_name":"Cursed Tome","player_choice":"Ignored","floor":20.0,"damage_taken":0.0}],"boss_relics":[{"not_picked":["Philosopher\u0027s Stone","Inserter"],"picked":"Coffee Dripper"}],"items_purged_floors":[],"is_endless":false,"potions_floor_spawned":[1,7,21],"seed_played":"148764635097846024","killed_by":"Centurion and Healer","ascension_level":0,"potions_obtained":[{"floor":1.0,"key":"Dexterity Potion"},{"floor":7.0,"key":"SkillPotion"},{"floor":21,"key":"SkillPotion"}],"is_trial":false}