{"gold_per_floor":[114,114,127,48,64,64,83,83,110,33,33,43,61,26,26,99,99,109,68,87,12,12,12,38,38,88,88,0,12,12,23,23,102,102,117,117,134,134],"floor_reached":38,"playtime":1604,"items_purged":["Strike_G"],"score":768,"play_id":"80c004ca-ec0b-4467-8dc6-4991942ae4da","local_time":"20181229120356","is_ascension_mode":true,"campfire_choices":[{"data":"Neutralize","floor":6.0,"key":"SMITH"},{"data":"Footwork","floor":11.0,"key":"SMITH"},{"data":"Well Laid Plans","floor":15.0,"key":"SMITH"},{"data":"Bouncing Flask","floor":23.0,"key":"SMITH"},{"floor":30,"key":"REST"},{"data":"Noxious Fumes","floor":32,"key":"SMITH"}],"neow_cost":"TEN_PERCENT_HP_LOSS","seed_source_timestamp":2198441863951,"circlet_count":0,"master_deck":["AscendersBane","Defend_G+1","Defend_G+1","Defend_G+1","Defend_G+1","Defend_G+1","Strike_G+1","Strike_G+1","Strike_G+1","Strike_G+1","Survivor","Neutralize+1","Corpse Explosion+1","Backflip","Footwork+1","Dash","Footwork","Well Laid Plans+1","Caltrops","Night Terror","Backflip","Noxious Fumes+1","Deflect","Bouncing Flask+1","Noxious Fumes+1","Night Terror"],"special_seed":0,"relics":["Ring of the Snake","Art of War","Sozu","Bag of Marbles","Busted Crown"],"potions_floor_usage":[],"damage_taken":[{"damage":5.0,"enemies":"Jaw Worm","floor":1.0,"turns":4.0},{"damage":1.0,"enemies":"Cultist","floor":3.0,"turns":4.0},{"damage":0.0,"enemies":"Small Slimes","floor":5.0,"turns":5.0},{"damage":11.0,"enemies":"Exordium Wildlife","floor":7.0,"turns":6.0},{"damage":5.0,"enemies":"Blue Slaver","floor":12.0,"turns":4.0},{"damage":3.0,"enemies":"3 Louse","floor":13.0,"turns":3.0},{"damage":21.0,"enemies":"Slime Boss","floor":16.0,"turns":11.0},{"damage":0.0,"enemies":"Shell Parasite","floor":18.0,"turns":7.0},{"damage":0.0,"enemies":"Spheric Guardian","floor":20.0,"turns":5.0},{"damage":24.0,"enemies":"Book of Stabbing","floor":24.0,"turns":6.0},{"damage":27,"enemies":"Shelled Parasite and Fungi","floor":29,"turns":6},{"damage":0,"enemies":"Centurion and Healer","floor":31,"turns":6},{"damage":3,"enemies":"Champ","floor":33,"turns":12},{"damage":0,"enemies":"3 Shapes","floor":35,"turns":4},{"damage":36,"enemies":"3 Darklings","floor":37,"turns":6},{"damage":17,"enemies":"4 Shapes","floor":38,"turns":3}],"seed_played":"-8258727291035530587","potions_obtained":[{"floor":7.0,"key":"LiquidBronze"},{"floor":13.0,"key":"GamblersBrew"}],"is_trial":false,"path_per_floor":["M","?","M","$","M","R","M","?","T","$","R","M","M","?","R","B",null,"M","$","M","$","?","R","E","?","T","?","?","M","R","M","R","B",null,"M","?","M","M"],"character_chosen":"THE_SILENT","items_purchased":["Footwork","Footwork","Noxious Fumes"],"campfire_rested":1,"item_purchase_floors":[4,10,19],"current_hp_per_floor":[54,54,53,53,53,53,42,42,42,42,42,37,34,49,49,28,52,52,52,52,52,52,52,28,28,28,28,28,1,19,19,19,16,49,49,49,13,0],"gold":134,"neow_bonus":"THREE_RARE_CARDS","is_prod":false,"is_daily":false,"chose_seed":false,"campfire_upgraded":5,"win_rate":0,"timestamp":1546056236,"path_taken":["M","?","?","$","?","R","M","?","T","?","R","M","M","?","R","BOSS","M","$","M","$","?","R","E","?","T","?","?","M","R","M","R","BOSS","M","?","M","M"],"build_version":"2018-12-20","purchased_purges":1,"victory":false,"max_hp_per_floor":[60,60,60,60,60,60,60,60,60,60,60,60,60,60,60,60,60,60,60,60,60,60,60,60,60,60,60,60,60,60,60,60,60,60,60,60,60,60],"card_choices":[{"not_picked":["After Image","Phantasmal Killer"],"picked":"Corpse Explosion","floor":0.0},{"not_picked":["Deflect","Quick Slash"],"picked":"Backflip","floor":1.0},{"not_picked":["Dodge and Roll","Poisoned Stab","Riddle With Holes"],"picked":"SKIP","floor":3.0},{"not_picked":["Underhanded Strike","Concentrate"],"picked":"Dash","floor":5.0},{"not_picked":["Flying Knee","Poisoned Stab","Expertise"],"picked":"SKIP","floor":7.0},{"not_picked":["Reflex","Sucker Punch"],"picked":"Well Laid Plans","floor":12.0},{"not_picked":["Expertise","Outmaneuver"],"picked":"Caltrops","floor":13.0},{"not_picked":["Envenom","Storm of Steel"],"picked":"Night Terror","floor":16.0},{"not_picked":["Acrobatics","Prepared"],"picked":"Backflip","floor":18.0},{"not_picked":["Acrobatics","Die Die Die"],"picked":"Deflect","floor":20.0},{"not_picked":["Sucker Punch","Infinite Blades","Dagger Throw"],"picked":"SKIP","floor":24.0},{"not_picked":["Dagger Throw","Outmaneuver"],"picked":"Noxious Fumes+1","floor":29},{"not_picked":["Cloak And Dagger+1","Bane","Slice"],"picked":"SKIP","floor":31},{"not_picked":["Storm of Steel","Phantasmal Killer"],"picked":"Night Terror","floor":33},{"not_picked":["Dash+1"],"picked":"SKIP","floor":35},{"not_picked":["Skewer"],"picked":"SKIP","floor":37}],"player_experience":1558931,"relics_obtained":[{"floor":9.0,"key":"Art of War"},{"floor":24.0,"key":"Bag of Marbles"}],"event_choices":[{"damage_healed":0.0,"max_hp_gain":0.0,"max_hp_loss":0.0,"gold_gain":0.0,"event_name":"Upgrade Shrine","player_choice":"Upgraded","floor":2.0,"gold_loss":0.0,"damage_taken":0.0,"cards_upgraded":["Corpse Explosion"]},{"damage_healed":0.0,"max_hp_gain":0.0,"max_hp_loss":0.0,"gold_gain":0.0,"event_name":"Liars Game","player_choice":"Ignored","floor":8.0,"gold_loss":0.0,"damage_taken":0.0},{"damage_healed":15.0,"max_hp_gain":0.0,"max_hp_loss":0.0,"gold_gain":0.0,"event_name":"The Cleric","player_choice":"Healed","floor":14.0,"gold_loss":35.0,"damage_taken":0.0},{"damage_healed":0.0,"max_hp_gain":0.0,"max_hp_loss":0.0,"gold_gain":0.0,"event_name":"The Library","player_choice":"Read","floor":22.0,"gold_loss":0.0,"damage_taken":0.0,"cards_obtained":["Bouncing Flask"]},{"damage_healed":0.0,"max_hp_gain":0.0,"max_hp_loss":0.0,"gold_gain":0.0,"event_name":"Back to Basics","player_choice":"Simplicity","floor":25.0,"gold_loss":0.0,"damage_taken":0.0,"cards_upgraded":["Defend_G","Defend_G","Defend_G","Defend_G","Defend_G","Strike_G","Strike_G","Strike_G","Strike_G"]},{"damage_healed":0.0,"max_hp_gain":0.0,"max_hp_loss":0.0,"gold_gain":0.0,"event_name":"The Mausoleum","player_choice":"Ignored","floor":27.0,"gold_loss":0.0,"damage_taken":0.0},{"damage_healed":0,"gold_gain":0,"player_choice":"Paid Fearfully","damage_taken":0,"max_hp_gain":0,"max_hp_loss":0,"event_name":"Masked Bandits","floor":28,"gold_loss":88},{"damage_healed":0,"gold_gain":0,"player_choice":"Ignored","damage_taken":0,"max_hp_gain":0,"max_hp_loss":0,"event_name":"Tomb of Lord Red Mask","floor":36,"gold_loss":0}],"is_beta":false,"boss_relics":[{"not_picked":["White Beast Statue","Ectoplasm"],"picked":"Sozu"},{"not_picked":["Tiny House","Orrery"],"picked":"Busted Crown"}],"items_purged_floors":[21],"is_endless":false,"potions_floor_spawned":[7,13,16,18,33,35,37],"killed_by":"4 Shapes","ascension_level":20}