{"gold_per_floor":[117,134,134,134,134,134,178,178,178,222,222,241,316,340,340,469,469,492,33,54,67,87,87,106,106,186,199,223,248,248,248,248,367,367,383,716,727,746,764,764,775,775,775,789,789,802,802,802,802,802],"floor_reached":51,"playtime":1914,"items_purged":["Strike_R"],"score":888,"play_id":"39427daa-9b35-435d-978b-06e539dd1f48","local_time":"20190704113320","is_ascension_mode":false,"campfire_choices":[{"data":"Flex","floor":6.0,"key":"SMITH"},{"data":"Second Wind","floor":8.0,"key":"SMITH"},{"floor":11.0,"key":"REST"},{"data":"Power Through","floor":15.0,"key":"SMITH"},{"data":"Strike_R","floor":23.0,"key":"PURGE"},{"data":"Strike_R","floor":25.0,"key":"PURGE"},{"data":"Clash","floor":30,"key":"SMITH"},{"data":"Fiend Fire","floor":32,"key":"SMITH"},{"data":"Immolate","floor":40,"key":"SMITH"},{"data":"Bash","floor":42,"key":"SMITH"},{"data":"1","floor":45,"key":"LIFT"},{"data":"2","floor":47,"key":"LIFT"},{"data":"3","floor":49,"key":"LIFT"}],"neow_cost":"NONE","seed_source_timestamp":76233714771123,"circlet_count":0,"master_deck":["Defend_R+1","Defend_R+1","Defend_R+1","Defend_R+1","Bash+1","Second Wind+1","Flex+1","Clash+1","Impervious+1","Power Through+1","Fiend Fire+1","Offering+1","Shame","Immolate+1"],"special_seed":0,"relics":["Burning Blood","Singing Bowl","Happy Flower","Centennial Puzzle","Thread and Needle","Busted Crown","Peace Pipe","Blue Candle","Mango","Runic Cube","Girya","Mark of the Bloom"],"potions_floor_usage":[37,37,46,50,50],"damage_taken":[{"damage":6.0,"enemies":"Cultist","floor":1.0,"turns":3.0},{"damage":0.0,"enemies":"2 Louse","floor":2.0,"turns":3.0},{"damage":20.0,"enemies":"3 Sentries","floor":7.0,"turns":13.0},{"damage":11.0,"enemies":"Lagavulin","floor":10.0,"turns":5.0},{"damage":0.0,"enemies":"Small Slimes","floor":12.0,"turns":3.0},{"damage":0.0,"enemies":"2 Fungi Beasts","floor":14.0,"turns":3.0},{"damage":45.0,"enemies":"Slime Boss","floor":16.0,"turns":15.0},{"damage":1.0,"enemies":"2 Thieves","floor":18.0,"turns":4.0},{"damage":6.0,"enemies":"Spheric Guardian","floor":20.0,"turns":1.0},{"damage":6.0,"enemies":"3 Cultists","floor":21.0,"turns":4.0},{"damage":6.0,"enemies":"Shelled Parasite and Fungi","floor":22.0,"turns":4.0},{"damage":6.0,"enemies":"Centurion and Healer","floor":24.0,"turns":4.0},{"damage":6.0,"enemies":"Snecko","floor":27.0,"turns":2.0},{"damage":33,"enemies":"Cultist and Chosen","floor":28,"turns":10},{"damage":6,"enemies":"Centurion and Healer","floor":29,"turns":6},{"damage":6,"enemies":"Champ","floor":33,"turns":12},{"damage":9,"enemies":"3 Shapes","floor":35,"turns":3},{"damage":6,"enemies":"3 Darklings","floor":37,"turns":4},{"damage":6,"enemies":"Transient","floor":38,"turns":5},{"damage":6,"enemies":"4 Shapes","floor":39,"turns":3},{"damage":6,"enemies":"Writhing Mass","floor":41,"turns":3},{"damage":7,"enemies":"Transient","floor":44,"turns":5},{"damage":13,"enemies":"Jaw Worm Horde","floor":46,"turns":4},{"damage":51,"enemies":"Awakened One","floor":50,"turns":22}],"seed_played":"-6056856561417047707","potions_obtained":[{"floor":2.0,"key":"LiquidBronze"},{"floor":16.0,"key":"EssenceOfSteel"},{"floor":18.0,"key":"Fire Potion"},{"floor":20.0,"key":"FairyPotion"},{"floor":35,"key":"Energy Potion"},{"floor":37,"key":"Regen Potion"},{"floor":38,"key":"SkillPotion"}],"is_trial":false,"path_per_floor":["M","M","?","?","?","R","E","R","T","E","R","M","?","M","R","B",null,"M","$","M","M","M","R","M","R","T","M","M","M","R","?","R","B",null,"M","?","M","M","M","R","M","R","T","M","R","M","R","?","R","B",null],"character_chosen":"IRONCLAD","items_purchased":["Peace Pipe","Offering"],"campfire_rested":1,"item_purchase_floors":[19,19],"current_hp_per_floor":[80,80,60,60,42,42,28,28,28,25,49,57,46,52,52,13,84,86,86,88,90,92,92,94,94,94,96,71,73,73,87,87,87,114,113,113,115,117,119,119,121,121,121,122,122,128,128,128,128,77],"gold":802,"neow_bonus":"TRANSFORM_CARD","is_prod":false,"is_daily":false,"chose_seed":false,"campfire_upgraded":7,"win_rate":0,"timestamp":1562211200,"path_taken":["M","M","?","?","?","R","E","R","T","E","R","M","?","M","R","BOSS","M","$","M","M","M","R","M","R","T","M","M","M","R","?","R","BOSS","M","?","M","M","M","R","M","R","T","M","R","M","R","?","R","BOSS"],"build_version":"2019-07-01","purchased_purges":1,"victory":true,"max_hp_per_floor":[80,80,80,80,80,80,80,80,80,82,82,84,84,84,84,84,84,86,86,88,90,92,92,94,94,94,96,98,100,100,114,114,114,114,116,116,118,120,122,122,124,124,124,126,126,128,128,128,128,128],"card_choices":[{"not_picked":["Cleave","Iron Wave"],"picked":"Flex","floor":1.0},{"not_picked":["Twin Strike","Armaments"],"picked":"Clash","floor":2.0},{"not_picked":["True Grit","Wild Strike"],"picked":"Impervious","floor":7.0},{"not_picked":["Ghostly Armor","Seeing Red","Clothesline"],"picked":"Singing Bowl","floor":10.0},{"not_picked":["Wild Strike","Headbutt","Fire Breathing"],"picked":"Singing Bowl","floor":12.0},{"not_picked":["Whirlwind","Hemokinesis"],"picked":"Power Through","floor":14.0},{"not_picked":["Juggernaut","Demon Form"],"picked":"Fiend Fire","floor":16.0},{"not_picked":["Corruption"],"picked":"Singing Bowl","floor":18.0},{"not_picked":["Wild Strike+1"],"picked":"Singing Bowl","floor":20.0},{"not_picked":["Clothesline+1"],"picked":"Singing Bowl","floor":21.0},{"not_picked":["Rage"],"picked":"Singing Bowl","floor":22.0},{"not_picked":["Flex+1"],"picked":"Singing Bowl","floor":24.0},{"not_picked":["Metallicize"],"picked":"Singing Bowl","floor":27.0},{"not_picked":["Warcry"],"picked":"Singing Bowl","floor":28},{"not_picked":["True Grit"],"picked":"Singing Bowl","floor":29},{"not_picked":[],"picked":"Immolate","floor":33},{"not_picked":["Flex+1"],"picked":"Singing Bowl","floor":35},{"not_picked":["Clothesline+1"],"picked":"Singing Bowl","floor":37},{"not_picked":["Carnage+1"],"picked":"Singing Bowl","floor":38},{"not_picked":["Shrug It Off"],"picked":"Singing Bowl","floor":39},{"not_picked":["True Grit+1"],"picked":"Singing Bowl","floor":41},{"not_picked":["Wild Strike"],"picked":"Singing Bowl","floor":44},{"not_picked":["Rage"],"picked":"Singing Bowl","floor":46}],"player_experience":5676060,"relics_obtained":[{"floor":7.0,"key":"Happy Flower"},{"floor":9.0,"key":"Centennial Puzzle"},{"floor":10.0,"key":"Thread and Needle"},{"floor":26.0,"key":"Blue Candle"},{"floor":43,"key":"Girya"}],"event_choices":[{"damage_healed":0.0,"max_hp_gain":0.0,"max_hp_loss":0.0,"gold_gain":0.0,"event_name":"Golden Idol","player_choice":"Take Damage","floor":3.0,"gold_loss":0.0,"damage_taken":20.0,"relics_obtained":["Golden Idol"]},{"cards_removed":["Strike_R"],"damage_healed":0.0,"max_hp_gain":0.0,"max_hp_loss":0.0,"gold_gain":0.0,"event_name":"Living Wall","player_choice":"Forget","floor":4.0,"gold_loss":0.0,"damage_taken":0.0},{"damage_healed":0.0,"max_hp_gain":0.0,"max_hp_loss":0.0,"gold_gain":0.0,"event_name":"Scrap Ooze","player_choice":"Success","floor":5.0,"gold_loss":0.0,"damage_taken":18.0,"relics_obtained":["Singing Bowl"]},{"damage_healed":0.0,"max_hp_gain":0.0,"max_hp_loss":0.0,"gold_gain":75.0,"event_name":"World of Goop","player_choice":"Gather Gold","floor":13.0,"gold_loss":0.0,"damage_taken":11.0},{"damage_healed":0,"gold_gain":0,"player_choice":"Stole Relic","damage_taken":0,"relics_obtained":["Mango"],"max_hp_gain":0,"max_hp_loss":0,"event_name":"Addict","floor":31,"gold_loss":0,"cards_obtained":["Shame"]},{"damage_healed":0,"gold_gain":333,"player_choice":"Gave Idol","damage_taken":0,"max_hp_gain":0,"max_hp_loss":0,"event_name":"The Moai Head","floor":36,"relics_lost":["Golden Idol"],"gold_loss":0},{"damage_healed":0,"gold_gain":0,"player_choice":"Upgrade","damage_taken":0,"relics_obtained":["Mark of the Bloom"],"max_hp_gain":0,"max_hp_loss":0,"event_name":"MindBloom","floor":48,"gold_loss":0,"cards_upgraded":["Defend_R","Defend_R","Defend_R","Defend_R","Impervious","Offering"]}],"is_beta":false,"boss_relics":[{"not_picked":["Ectoplasm","Tiny House"],"picked":"Busted Crown"},{"not_picked":["Coffee Dripper","Velvet Choker"],"picked":"Runic Cube"}],"items_purged_floors":[19],"is_endless":false,"potions_floor_spawned":[2,16,18,20,29,35,37,38,44],"ascension_level":0}