{"gold_per_floor":[115,28,28,38,51,51,64,64,64,78,11,11,11,23,23,121,121,121,121,121,46,46,46,46,46,46,46,46,46,46,46,46,46,46,46,46,46,46,46,46,46,46,46,46,46,46,46,46,46,46],"floor_reached":51,"playtime":1073,"items_purged":[],"score":764,"play_id":"a10a411b-c1e3-4fc3-8c4e-414ac9227eba","local_time":"20181016210046","is_ascension_mode":false,"campfire_choices":[{"data":"Catalyst","floor":6.0,"key":"SMITH"},{"data":"Deadly Poison","floor":8.0,"key":"SMITH"},{"data":"Leg Sweep","floor":13.0,"key":"SMITH"},{"data":"Neutralize","floor":15.0,"key":"SMITH"},{"data":"Corpse Explosion","floor":23.0,"key":"SMITH"},{"data":"Wraith Form v2","floor":25.0,"key":"SMITH"},{"data":"Adrenaline","floor":30.0,"key":"SMITH"},{"data":"Survivor","floor":32.0,"key":"SMITH"},{"floor":40.0,"key":"REST"},{"data":"Night Terror","floor":44.0,"key":"SMITH"},{"floor":46.0,"key":"REST"},{"floor":49.0,"key":"REST"}],"neow_cost":"NONE","seed_source_timestamp":46849781799707,"circlet_count":0,"master_deck":["Defend_G+1","Defend_G+1","Defend_G+1","Defend_G+1","Defend_G+1","Survivor+1","Neutralize+1","Catalyst+1","Deadly Poison+1","Leg Sweep+1","Catalyst+1","Adrenaline+1","Well Laid Plans+1","Corpse Explosion+1","Wraith Form v2+1","Crippling Poison+1","Burst+1","All Out Attack+1","A Thousand Cuts+1","Adrenaline+1","Night Terror+1"],"special_seed":0,"relics":["Ring of the Snake","Question Card","Ectoplasm","MawBank","Nilry\u0027s Codex","Astrolabe","Mark of the Bloom","Ancient Tea Set"],"potions_floor_usage":[],"damage_taken":[{"damage":0.0,"enemies":"Jaw Worm","floor":1.0,"turns":4.0},{"damage":0.0,"enemies":"2 Louse","floor":4.0,"turns":3.0},{"damage":0.0,"enemies":"Small Slimes","floor":5.0,"turns":3.0},{"damage":0.0,"enemies":"Red Slaver","floor":7.0,"turns":3.0},{"damage":0.0,"enemies":"Blue Slaver","floor":10.0,"turns":2.0},{"damage":0.0,"enemies":"2 Fungi Beasts","floor":14.0,"turns":3.0},{"damage":0.0,"enemies":"Hexaghost","floor":16.0,"turns":5.0},{"damage":0.0,"enemies":"Shell Parasite","floor":18.0,"turns":2.0},{"damage":0.0,"enemies":"Chosen","floor":20.0,"turns":2.0},{"damage":0.0,"enemies":"Shelled Parasite and Fungi","floor":22.0,"turns":3.0},{"damage":0.0,"enemies":"Snecko","floor":28.0,"turns":4.0},{"damage":6.0,"enemies":"Cultist and Chosen","floor":31.0,"turns":2.0},{"damage":21.0,"enemies":"Collector","floor":33.0,"turns":4.0},{"damage":2.0,"enemies":"3 Darklings","floor":35.0,"turns":2.0},{"damage":0.0,"enemies":"Orb Walker","floor":38.0,"turns":3.0},{"damage":0.0,"enemies":"Spire Growth","floor":39.0,"turns":3.0},{"damage":0.0,"enemies":"Transient","floor":41.0,"turns":4.0},{"damage":0.0,"enemies":"Reptomancer","floor":42.0,"turns":4.0},{"damage":0.0,"enemies":"3 Darklings","floor":45.0,"turns":2.0},{"damage":0,"enemies":"Time Eater","floor":50,"turns":1}],"seed_played":"3590695981551979882","potions_obtained":[{"floor":4.0,"key":"PowerPotion"},{"floor":7.0,"key":"Dexterity Potion"},{"floor":10.0,"key":"PowerPotion"},{"floor":20.0,"key":"Dexterity Potion"}],"is_trial":false,"path_per_floor":["M","$","?","M","M","R","M","R","T","M","$","?","R","M","R","B",null,"M","$","M","?","M","R","$","R","T","?","M","$","R","M","R","B",null,"M","?","?","M","M","R","M","M","T","R","M","R","$","$","R","B"],"character_chosen":"THE_SILENT","items_purchased":["Catalyst","Deadly Poison","Well Laid Plans"],"campfire_rested":3,"item_purchase_floors":[2,2,11],"current_hp_per_floor":[70,70,70,70,70,70,70,70,70,70,70,70,70,70,70,70,70,70,70,70,70,70,70,70,70,70,54,54,54,54,48,48,27,70,68,68,68,68,68,68,68,68,68,68,68,68,68,68,68,68],"gold":46,"neow_bonus":"REMOVE_CARD","is_prod":false,"is_daily":false,"chose_seed":false,"campfire_upgraded":9,"win_rate":0,"timestamp":1539694846,"path_taken":["M","$","?","?","M","R","M","R","T","M","$","?","R","M","R","BOSS","M","?","M","?","M","R","$","R","T","?","M","?","R","M","R","BOSS","M","?","?","M","M","R","M","?","T","R","?","R","?","$","R","BOSS"],"build_version":"2018-10-11","purchased_purges":0,"victory":true,"max_hp_per_floor":[70,70,70,70,70,70,70,70,70,70,70,70,70,70,70,70,70,70,70,70,70,70,70,70,70,70,70,70,70,70,70,70,70,70,70,70,70,70,70,70,70,70,70,70,70,70,70,70,70,70],"card_choices":[{"not_picked":["Blade Dance","Bane","PiercingWail"],"picked":"SKIP","floor":1.0},{"not_picked":["Dagger Spray","Cloak And Dagger"],"picked":"Leg Sweep","floor":4.0},{"not_picked":["Dagger Spray","Backflip"],"picked":"Catalyst","floor":5.0},{"not_picked":["Masterful Stab","Dash","Dagger Throw"],"picked":"SKIP","floor":7.0},{"not_picked":["Quick Slash","Prepared","Blade Dance"],"picked":"Adrenaline","floor":10.0},{"not_picked":["Acrobatics","Dagger Spray","Accuracy","Prepared"],"picked":"SKIP","floor":14.0},{"not_picked":["Venomology","Tools of the Trade","Phantasmal Killer"],"picked":"Corpse Explosion","floor":16.0},{"not_picked":["Outmaneuver","Prepared","Setup","Tactician"],"picked":"SKIP","floor":18.0},{"not_picked":["Underhanded Strike","Acrobatics","Flying Knee"],"picked":"Wraith Form v2","floor":20.0},{"not_picked":["Blade Dance","Sucker Punch","All Out Attack+1"],"picked":"Crippling Poison+1","floor":22.0},{"not_picked":["Dagger Throw+1","Dagger Spray","Skewer","PiercingWail"],"picked":"SKIP","floor":28.0},{"not_picked":["Dagger Throw+1","Dodge and Roll","Dash","PiercingWail"],"picked":"SKIP","floor":31.0},{"not_picked":["Adrenaline","Envenom","Die Die Die"],"picked":"Burst","floor":33.0},{"not_picked":["Outmaneuver+1","Accuracy+1","Underhanded Strike","Dagger Spray+1"],"picked":"SKIP","floor":35.0},{"not_picked":["Cloak And Dagger+1","Blur","Quick Slash","Dodge and Roll"],"picked":"SKIP","floor":38.0},{"not_picked":["Prepared+1","Dodge and Roll+1","Flying Knee+1","Distraction+1"],"picked":"SKIP","floor":39.0},{"not_picked":["Choke+1","Eviscerate","PiercingWail+1","Prepared+1"],"picked":"SKIP","floor":41.0},{"not_picked":["Quick Slash","Dash+1","Dodge and Roll+1"],"picked":"Night Terror","floor":42.0},{"not_picked":["Heel Hook+1","Accuracy","Quick Slash+1","Flying Knee+1"],"picked":"SKIP","floor":45.0}],"player_experience":265529,"relics_obtained":[{"floor":9.0,"key":"Question Card"},{"floor":26.0,"key":"MawBank"},{"floor":27.0,"key":"Nilry\u0027s Codex"},{"floor":43.0,"key":"Ancient Tea Set"}],"event_choices":[{"event_name":"Living Wall","player_choice":"Grow","floor":3.0,"damage_taken":0.0},{"event_name":"Upgrade Shrine","player_choice":"Upgraded","floor":12.0,"damage_taken":0.0},{"event_name":"Beggar","player_choice":"Gave Gold","floor":21.0,"damage_taken":0.0},{"event_name":"Cursed Tome","player_choice":"Obtained Book","floor":27.0,"damage_taken":0.0},{"event_name":"MindBloom","player_choice":"Upgrade","floor":36.0,"damage_taken":0.0},{"event_name":"Mysterious Sphere","player_choice":"Ignore","floor":37.0,"damage_taken":0.0}],"is_beta":false,"boss_relics":[{"not_picked":["WristBlade","HoveringKite"],"picked":"Ectoplasm"},{"not_picked":["Calling Bell","Orrery"],"picked":"Astrolabe"}],"items_purged_floors":[],"is_endless":false,"potions_floor_spawned":[4,7,10,14,20,22,28,35,38],"ascension_level":0}