{"gold_per_floor":[117,192,37,55,20,20,36,36,62,62,62,32,32,47,47,150,150,137,150,75,75,89,89,100,111,137,137,37,37,62,82,82,177,177,194,206,81,94,0,0,0,0,0,18,18,37,37,50,50,50],"floor_reached":51,"playtime":2291,"items_purged":["Strike_G","Strike_G","Strike_G"],"score":757,"play_id":"2b4e450d-076b-41e0-974c-6010681508e5","local_time":"20181016162505","is_ascension_mode":false,"campfire_choices":[{"data":"Night Terror","floor":6.0,"key":"SMITH"},{"data":"Footwork","floor":8.0,"key":"SMITH"},{"data":"Catalyst","floor":10.0,"key":"SMITH"},{"data":"Noxious Fumes","floor":15.0,"key":"SMITH"},{"data":"Wraith Form v2","floor":23.0,"key":"SMITH"},{"data":"Night Terror","floor":29.0,"key":"SMITH"},{"data":"Catalyst","floor":32.0,"key":"SMITH"},{"data":"Bouncing Flask","floor":40.0,"key":"SMITH"},{"data":"Bullet Time","floor":42.0,"key":"SMITH"},{"floor":47,"key":"REST"},{"floor":49,"key":"REST"}],"neow_cost":"PERCENT_DAMAGE","seed_source_timestamp":28811390064611,"circlet_count":0,"master_deck":["Defend_G+1","Defend_G+1","Defend_G+1","Defend_G+1","Defend_G+1","Strike_G+1","Survivor+1","Neutralize+1","Night Terror+1","Footwork+1","Catalyst+1","Wraith Form v2+1","Noxious Fumes+1","Blur+1","Night Terror+1","Bouncing Flask+1","Deadly Poison+1","Backflip+1","Backflip+1","Blur+1","Leg Sweep+1","Catalyst+1","Bullet Time+1","Dodge and Roll+1","Dodge and Roll+1","Blur+1"],"special_seed":0,"relics":["Ring of the Snake","Art of War","Orrery","Snake Skull","Happy Flower","Centennial Puzzle","Pantograph","Black Star","Red Mask","Thread and Needle","Mark of the Bloom"],"potions_floor_usage":[44,50],"damage_taken":[{"damage":11.0,"enemies":"Jaw Worm","floor":1.0,"turns":6.0},{"damage":5.0,"enemies":"Small Slimes","floor":4.0,"turns":6.0},{"damage":0.0,"enemies":"2 Louse","floor":7.0,"turns":4.0},{"damage":1.0,"enemies":"Looter","floor":12.0,"turns":4.0},{"damage":0.0,"enemies":"3 Louse","floor":14.0,"turns":4.0},{"damage":29.0,"enemies":"Slime Boss","floor":16.0,"turns":15.0},{"damage":1.0,"enemies":"2 Thieves","floor":18.0,"turns":4.0},{"damage":0.0,"enemies":"Shell Parasite","floor":19.0,"turns":7.0},{"damage":0.0,"enemies":"Snecko","floor":22.0,"turns":4.0},{"damage":0.0,"enemies":"Centurion and Healer","floor":24.0,"turns":7.0},{"damage":3.0,"enemies":"Snake Plant","floor":25.0,"turns":6.0},{"damage":0.0,"enemies":"Book of Stabbing","floor":30.0,"turns":7.0},{"damage":1.0,"enemies":"Cultist and Chosen","floor":31.0,"turns":6.0},{"damage":0.0,"enemies":"Champ","floor":33.0,"turns":5.0},{"damage":4.0,"enemies":"3 Darklings","floor":35.0,"turns":8.0},{"damage":0.0,"enemies":"Orb Walker","floor":36.0,"turns":2.0},{"damage":0.0,"enemies":"Maw","floor":38.0,"turns":3.0},{"damage":0,"enemies":"Reptomancer","floor":44,"turns":7},{"damage":0,"enemies":"Transient","floor":46,"turns":5},{"damage":0,"enemies":"3 Darklings","floor":48,"turns":5},{"damage":42,"enemies":"Awakened One","floor":50,"turns":13}],"seed_played":"401539150574320090","potions_obtained":[{"floor":7.0,"key":"SkillPotion"},{"floor":16.0,"key":"SkillPotion"},{"floor":18.0,"key":"Regen Potion"},{"floor":22.0,"key":"PowerPotion"},{"floor":30.0,"key":"Weak Potion"},{"floor":44,"key":"Weak Potion"}],"is_trial":false,"path_per_floor":["M","?","$","M","?","R","M","R","T","R","?","M","$","M","R","B",null,"M","M","$","?","M","R","M","M","T","?","$","R","E","M","R","B",null,"M","M","$","M","?","R","$","R","T","M","?","M","R","M","R","B"],"character_chosen":"THE_SILENT","items_purchased":["Footwork","Catalyst"],"campfire_rested":2,"item_purchase_floors":[3,3],"current_hp_per_floor":[38,27,27,22,39,39,39,39,39,39,39,38,38,38,38,9,70,69,69,69,69,69,69,69,66,66,66,66,66,66,65,65,70,70,66,66,66,66,66,66,66,66,66,66,66,66,66,66,66,24],"gold":50,"neow_bonus":"THREE_RARE_CARDS","is_prod":false,"is_daily":false,"chose_seed":false,"campfire_upgraded":9,"win_rate":0,"timestamp":1539678305,"path_taken":["M","?","$","M","?","R","?","R","T","R","?","M","$","M","R","BOSS","M","M","$","?","M","R","M","M","T","?","$","R","E","?","R","BOSS","M","M","$","?","?","R","?","R","T","M","?","M","R","?","R","BOSS"],"build_version":"2018-10-11","purchased_purges":3,"victory":true,"max_hp_per_floor":[70,70,70,70,70,70,70,70,70,70,70,70,70,70,70,70,70,70,70,70,70,70,70,70,70,70,70,70,70,70,70,70,70,70,70,70,70,70,70,70,70,70,70,70,70,70,70,70,70,70],"card_choices":[{"not_picked":["Tools of the Trade","Bullet Time"],"picked":"Night Terror","floor":0.0},{"not_picked":["Dodge and Roll","Slice","Flechettes"],"picked":"SKIP","floor":1.0},{"not_picked":["PiercingWail","Quick Slash","Eviscerate"],"picked":"SKIP","floor":4.0},{"not_picked":["Dagger Spray","Storm of Steel","PiercingWail"],"picked":"SKIP","floor":7.0},{"not_picked":["Dagger Spray","Deadly Poison"],"picked":"Noxious Fumes","floor":12.0},{"not_picked":["Dagger Spray","Acrobatics"],"picked":"Blur","floor":14.0},{"not_picked":["Wraith Form v2","Storm of Steel"],"picked":"Night Terror","floor":16.0},{"not_picked":["Unload","Prepared"],"picked":"Bouncing Flask","floor":17.0},{"not_picked":["Bane","Flying Knee"],"picked":"Deadly Poison","floor":17.0},{"not_picked":["Deflect","Dodge and Roll"],"picked":"Backflip","floor":17.0},{"not_picked":["PiercingWail","Expertise"],"picked":"Backflip","floor":17.0},{"not_picked":["Bane","Flechettes+1","Predator"],"picked":"SKIP","floor":18.0},{"not_picked":["Sucker Punch+1","Slice"],"picked":"Backflip","floor":19.0},{"not_picked":["Cloak And Dagger","Quick Slash","Expertise"],"picked":"SKIP","floor":22.0},{"not_picked":["Slice","Eviscerate"],"picked":"Blur+1","floor":24.0},{"not_picked":["Poisoned Stab","Dagger Spray","Underhanded Strike"],"picked":"SKIP","floor":25.0},{"not_picked":["Dodge and Roll","Dagger Spray+1"],"picked":"Leg Sweep+1","floor":30.0},{"not_picked":["Underhanded Strike","Quick Slash"],"picked":"Catalyst","floor":31.0},{"not_picked":["Phantasmal Killer","Grand Finale"],"picked":"Bullet Time","floor":33.0},{"not_picked":["PiercingWail+1","Cloak And Dagger+1"],"picked":"Dodge and Roll+1","floor":35.0},{"not_picked":["Doppelganger","Slice+1"],"picked":"Dodge and Roll+1","floor":36.0},{"not_picked":["PiercingWail","Skewer+1","Quick Slash"],"picked":"SKIP","floor":38.0},{"not_picked":["Backflip+1","Dagger Throw"],"picked":"Blur+1","floor":44},{"not_picked":["Caltrops+1","Prepared+1","PiercingWail+1"],"picked":"SKIP","floor":46},{"not_picked":["Sucker Punch+1","Quick Slash+1","Terror"],"picked":"SKIP","floor":48}],"player_experience":249582,"relics_obtained":[{"floor":9.0,"key":"Art of War"},{"floor":26.0,"key":"Happy Flower"},{"floor":30.0,"key":"Pantograph"},{"floor":43.0,"key":"Thread and Needle"}],"event_choices":[{"event_name":"World of Goop","player_choice":"Gather Gold","floor":2.0,"damage_taken":0.0},{"event_name":"The Cleric","player_choice":"Healed","floor":5.0,"damage_taken":0.0},{"event_name":"Transmorgrifier","player_choice":"Transform","floor":11.0,"damage_taken":0.0},{"event_name":"The Mausoleum","player_choice":"Yes","floor":21.0,"damage_taken":0.0},{"event_name":"WeMeetAgain","player_choice":"Card","floor":27.0,"damage_taken":0.0},{"event_name":"Tomb of Lord Red Mask","player_choice":"Paid","floor":39.0,"damage_taken":0.0},{"event_name":"MindBloom","player_choice":"Upgrade","floor":45,"damage_taken":0}],"is_beta":false,"boss_relics":[{"not_picked":["HoveringKite","Eternal Feather"],"picked":"Orrery"},{"not_picked":["Pandora\u0027s Box","Calling Bell"],"picked":"Black Star"}],"items_purged_floors":[20,28,37],"is_endless":false,"potions_floor_spawned":[7,16,18,22,30,36,44],"ascension_level":0}