{"gold_per_floor":[114,114,72,86,161,161,174,189,189,205,235,235,160,171,171,249,249,267,286,286,201,220,220,235,235,313,313],"floor_reached":27,"playtime":716,"items_purged":[],"score":435,"play_id":"cc9866f9-8987-4475-8b79-e78e2e451031","local_time":"20181225121422","is_ascension_mode":true,"campfire_choices":[{"data":"Dash","floor":6.0,"key":"SMITH"},{"data":"Poisoned Stab","floor":12.0,"key":"SMITH"},{"data":"Catalyst","floor":15.0,"key":"SMITH"},{"data":"Bouncing Flask","floor":23,"key":"SMITH"}],"neow_cost":"NONE","seed_source_timestamp":1920884858147,"circlet_count":0,"master_deck":["AscendersBane","Defend_G","Defend_G","Defend_G","Defend_G","Defend_G","Strike_G","Strike_G","Strike_G","Strike_G","Survivor","Neutralize+1","Catalyst+1","Dash+1","Poisoned Stab+1","Poisoned Stab+1","Masterful Stab","Masterful Stab","Poisoned Stab","Poisoned Stab","Venomology","Venomology","Crippling Poison","Crippling Poison","Bouncing Flask+1"],"special_seed":0,"relics":["Ring of the Snake","NeowsBlessing","Letter Opener","Coffee Dripper","Omamori","Shuriken"],"potions_floor_usage":[24,27],"damage_taken":[{"damage":0.0,"enemies":"Jaw Worm","floor":1.0,"turns":1.0},{"damage":0.0,"enemies":"Cultist","floor":4.0,"turns":1.0},{"damage":0.0,"enemies":"2 Louse","floor":7.0,"turns":1.0},{"damage":19.0,"enemies":"Large Slime","floor":8.0,"turns":8.0},{"damage":0.0,"enemies":"3 Louse","floor":10.0,"turns":3.0},{"damage":0.0,"enemies":"2 Fungi Beasts","floor":14.0,"turns":2.0},{"damage":2.0,"enemies":"Slime Boss","floor":16.0,"turns":9.0},{"damage":0.0,"enemies":"Chosen","floor":18.0,"turns":3.0},{"damage":2.0,"enemies":"2 Thieves","floor":19.0,"turns":3.0},{"damage":19,"enemies":"Centurion and Healer","floor":22,"turns":6},{"damage":0,"enemies":"Snecko","floor":24,"turns":3},{"damage":8,"enemies":"3 Cultists","floor":27,"turns":3}],"seed_played":"8431906368627305690","potions_obtained":[{"floor":8.0,"key":"Dexterity Potion"},{"floor":10.0,"key":"Fire Potion"},{"floor":16.0,"key":"Explosive Potion"}],"is_trial":false,"path_per_floor":["M","?","$","M","?","R","M","M","T","M","?","R","?","M","R","B",null,"M","M","?","?","M","R","M","?","T","M"],"character_chosen":"THE_SILENT","items_purchased":["Catalyst"],"campfire_rested":0,"item_purchase_floors":[3],"current_hp_per_floor":[59,59,59,59,48,48,48,29,29,29,29,29,29,29,29,27,56,56,54,54,54,35,35,35,35,35,27],"gold":313,"neow_bonus":"THREE_ENEMY_KILL","is_prod":false,"is_daily":false,"chose_seed":false,"campfire_upgraded":4,"win_rate":0,"timestamp":1545711262,"path_taken":["M","?","$","?","?","R","M","M","T","M","?","R","?","M","R","BOSS","M","M","?","?","?","R","M","?","T","M"],"build_version":"2018-12-20","purchased_purges":0,"victory":false,"max_hp_per_floor":[66,66,66,66,66,66,66,66,66,66,66,66,66,66,66,66,66,66,66,66,66,66,66,66,66,66,66],"card_choices":[{"not_picked":["Outmaneuver","Choke","Sucker Punch"],"picked":"SKIP","floor":1.0},{"not_picked":["Slice","Dagger Spray"],"picked":"Dash","floor":4.0},{"not_picked":["Blade Dance","Dagger Throw","Bane"],"picked":"SKIP","floor":7.0},{"not_picked":["Dash","Blade Dance"],"picked":"Poisoned Stab","floor":8.0},{"not_picked":["Dash","Blade Dance"],"picked":"Poisoned Stab","floor":8.0},{"not_picked":["Acrobatics","Prepared"],"picked":"Masterful Stab","floor":10.0},{"not_picked":["Acrobatics","Prepared"],"picked":"Masterful Stab","floor":10.0},{"not_picked":["A Thousand Cuts","Slice"],"picked":"Poisoned Stab","floor":14.0},{"not_picked":["A Thousand Cuts","Slice"],"picked":"Poisoned Stab","floor":14.0},{"not_picked":["Glass Knife","Tools of the Trade"],"picked":"Venomology","floor":16.0},{"not_picked":["Glass Knife","Tools of the Trade"],"picked":"Venomology","floor":16.0},{"not_picked":["Blade Dance","Prepared","All Out Attack"],"picked":"SKIP","floor":18.0},{"not_picked":["Dagger Spray","PiercingWail"],"picked":"Crippling Poison","floor":19.0},{"not_picked":["Dagger Spray","PiercingWail"],"picked":"Crippling Poison","floor":19.0},{"not_picked":["Outmaneuver","Dodge and Roll","Reflex"],"picked":"SKIP","floor":22},{"not_picked":["Cloak And Dagger","Blade Dance","Bane"],"picked":"SKIP","floor":24}],"player_experience":1483619,"relics_obtained":[{"floor":26,"key":"Shuriken"}],"event_choices":[{"damage_healed":0.0,"max_hp_gain":0.0,"max_hp_loss":0.0,"gold_gain":0.0,"event_name":"Upgrade Shrine","player_choice":"Upgraded","floor":2.0,"gold_loss":0.0,"damage_taken":0.0,"cards_upgraded":["Neutralize"]},{"damage_healed":0.0,"max_hp_gain":0.0,"max_hp_loss":0.0,"gold_gain":75.0,"event_name":"World of Goop","player_choice":"Gather Gold","floor":5.0,"gold_loss":0.0,"damage_taken":11.0},{"damage_healed":0.0,"max_hp_gain":0.0,"max_hp_loss":0.0,"gold_gain":30.0,"event_name":"Dead Adventurer","player_choice":"Searched \u00272\u0027 times","floor":11.0,"gold_loss":0.0,"damage_taken":0.0,"relics_obtained":["Letter Opener"]},{"cards_removed":["Strike_G"],"damage_healed":0.0,"max_hp_gain":0.0,"max_hp_loss":0.0,"gold_gain":0.0,"event_name":"The Cleric","player_choice":"Card Removal","floor":13.0,"gold_loss":75.0,"damage_taken":0.0},{"damage_healed":0.0,"max_hp_gain":0.0,"max_hp_loss":0.0,"gold_gain":0.0,"event_name":"The Library","player_choice":"Read","floor":20.0,"gold_loss":0.0,"damage_taken":0.0,"cards_obtained":["Bouncing Flask"]},{"damage_healed":0,"gold_gain":0,"player_choice":"Obtained Relic","damage_taken":0,"relics_obtained":["Omamori"],"max_hp_gain":0,"max_hp_loss":0,"event_name":"Addict","floor":21,"gold_loss":85},{"damage_healed":0,"gold_gain":0,"player_choice":"Ignored","damage_taken":0,"max_hp_gain":0,"max_hp_loss":0,"event_name":"The Mausoleum","floor":25,"gold_loss":0}],"is_beta":false,"boss_relics":[{"not_picked":["Astrolabe","Black Star"],"picked":"Coffee Dripper"}],"items_purged_floors":[],"is_endless":false,"potions_floor_spawned":[8,10,14,16,22],"killed_by":"3 Cultists","ascension_level":20}