{"gold_per_floor":[366,381,456,169,169,200,200,224,251,265,309,322,322,343,343,441,441,454,454,473,146,146],"floor_reached":22,"playtime":559,"items_purged":["Strike_B","Strike_B"],"score":492,"play_id":"9dfb0340-b1b8-4a1e-9517-5ba0440d8b62","local_time":"20190401194748","is_ascension_mode":true,"campfire_choices":[{"data":"Consume","floor":7.0,"key":"SMITH"},{"data":"Redo","floor":13.0,"key":"SMITH"},{"data":"Loop","floor":15.0,"key":"SMITH"}],"neow_cost":"TEN_PERCENT_HP_LOSS","seed_source_timestamp":27285567109959,"circlet_count":0,"master_deck":["AscendersBane","Strike_B+1","Strike_B","Defend_B","Defend_B","Defend_B","Defend_B","Zap","Dualcast","Cold Snap+1","Consume+1","Darkness","Loop+1","Hyperbeam","Redo+1","Ball Lightning","Capacitor+1","Echo Form+1","Electrodynamics+1"],"special_seed":0,"relics":["Cracked Core","Golden Idol","Whetstone","Omamori","Frozen Egg 2","Snecko Eye","PrismaticShard"],"potions_floor_usage":[16],"damage_taken":[{"damage":3.0,"enemies":"2 Louse","floor":1.0,"turns":3.0},{"damage":4.0,"enemies":"Jaw Worm","floor":2.0,"turns":4.0},{"damage":15.0,"enemies":"Lagavulin","floor":6.0,"turns":7.0},{"damage":1.0,"enemies":"Small Slimes","floor":8.0,"turns":3.0},{"damage":2.0,"enemies":"Exordium Thugs","floor":10.0,"turns":4.0},{"damage":21.0,"enemies":"3 Sentries","floor":11.0,"turns":4.0},{"damage":4.0,"enemies":"Exordium Wildlife","floor":12.0,"turns":2.0},{"damage":0.0,"enemies":"3 Louse","floor":14.0,"turns":1.0},{"damage":0,"enemies":"Hexaghost","floor":16,"turns":8},{"damage":26,"enemies":"3 Byrds","floor":18,"turns":4},{"damage":17,"enemies":"2 Thieves","floor":20,"turns":2},{"damage":10,"enemies":"Sentry and Sphere","floor":22,"turns":2}],"seed_played":"-4451050001719938288","potions_obtained":[{"floor":6.0,"key":"Block Potion"},{"floor":11.0,"key":"Weak Potion"},{"floor":14.0,"key":"FocusPotion"},{"floor":20,"key":"FearPotion"}],"is_trial":false,"path_per_floor":["M","M","?","$","?","E","R","M","T","M","E","M","R","M","R","B",null,"M","?","M","$","M"],"character_chosen":"DEFECT","items_purchased":["Darkness","Loop","Fire Potion","PrismaticShard"],"campfire_rested":0,"item_purchase_floors":[4,4,4,21],"current_hp_per_floor":[61,57,46,46,46,31,31,30,30,28,7,3,3,3,3,3,44,18,18,1,1,0],"gold":146,"neow_bonus":"TWO_FIFTY_GOLD","is_prod":false,"is_daily":false,"chose_seed":false,"campfire_upgraded":3,"win_rate":0,"timestamp":1554119268,"path_taken":["M","M","?","$","?","E","R","?","T","M","E","M","R","M","R","BOSS","M","?","M","?","M"],"build_version":"2019-01-23","purchased_purges":2,"victory":false,"max_hp_per_floor":[64,64,64,64,58,58,58,58,58,58,58,58,58,58,58,58,58,58,58,58,58,58],"card_choices":[{"not_picked":["Go for the Eyes","Lockon"],"picked":"Cold Snap","floor":1.0},{"not_picked":["Ball Lightning","Turbo"],"picked":"Consume","floor":2.0},{"not_picked":["Hologram","Barrage"],"picked":"Hyperbeam","floor":6.0},{"not_picked":["Hologram","Turbo"],"picked":"Redo","floor":8.0},{"not_picked":["Conserve Battery","Redo","Scrape"],"picked":"SKIP","floor":10.0},{"not_picked":["Aggregate","Sweeping Beam","Stack"],"picked":"SKIP","floor":11.0},{"not_picked":["Stack","Tempest"],"picked":"Ball Lightning","floor":12.0},{"not_picked":["Gash","Doom and Gloom"],"picked":"Capacitor+1","floor":14.0},{"not_picked":["Hyperbeam","Reboot"],"picked":"Echo Form+1","floor":16},{"not_picked":["Cold Snap","Tempest","Steam Power"],"picked":"SKIP","floor":18},{"not_picked":["Streamline","Compile Driver","Leap+1"],"picked":"SKIP","floor":20}],"player_experience":3987997,"relics_obtained":[{"floor":6.0,"key":"Whetstone"},{"floor":9.0,"key":"Omamori"},{"floor":11.0,"key":"Frozen Egg 2"}],"event_choices":[{"damage_healed":0.0,"max_hp_gain":0.0,"max_hp_loss":0.0,"gold_gain":75.0,"event_name":"World of Goop","player_choice":"Gather Gold","floor":3.0,"gold_loss":0.0,"damage_taken":11.0},{"damage_healed":0.0,"max_hp_gain":0.0,"max_hp_loss":6.0,"gold_gain":0.0,"event_name":"Golden Idol","player_choice":"Lose Max HP","floor":5.0,"gold_loss":0.0,"damage_taken":0.0,"relics_obtained":["Golden Idol"]},{"damage_healed":0,"gold_gain":0,"player_choice":"1 cards matched","damage_taken":0,"max_hp_gain":0,"max_hp_loss":0,"event_name":"Match and Keep!","floor":19,"gold_loss":0,"cards_obtained":["Electrodynamics"]}],"is_beta":false,"boss_relics":[{"not_picked":["Black Star","Philosopher\u0027s Stone"],"picked":"Snecko Eye"}],"items_purged_floors":[4,21],"is_endless":false,"potions_floor_spawned":[6,11,14,20],"killed_by":"Sentry and Sphere","ascension_level":20}