{"path_per_floor":["M","$","?","M","M","E","?","R","T","R","M","M","$","M","R","B",null,"M","$","$","M","$","R","$","M","T","M","M","E","R","M","R"],"character_chosen":"IRONCLAD","items_purchased":["Toxic Egg 2","Flex","Flex","Bottled Lightning"],"gold_per_floor":[362,54,54,69,86,114,289,289,313,313,329,346,58,73,73,168,168,182,107,7,22,22,22,22,34,57,70,83,118,118,133,133,133],"floor_reached":33,"campfire_rested":3,"playtime":1198,"current_hp_per_floor":[38,38,26,31,37,7,7,31,31,55,49,55,55,53,53,25,80,80,80,80,59,59,80,80,80,80,80,80,87,87,70,70,0],"items_purged":["Defend_R","Defend_R"],"gold":133,"score":269,"play_id":"b28540c3-26fa-4149-bc60-525d849ae7cb","local_time":"20180328203307","is_prod":false,"is_daily":false,"is_ascension_mode":false,"campfire_upgraded":3,"timestamp":1522261987,"path_taken":["M","$","?","?","M","E","?","R","T","R","?","M","$","M","R","BOSS","M","?","$","M","$","R","?","M","T","M","?","E","R","M","R","BOSS"],"build_version":"2018-03-22v2","purchased_purges":2,"victory":false,"master_deck":["Strike_R","Strike_R","Strike_R","Strike_R","Strike_R","Defend_R+1","Defend_R+1","Bash+1","Whirlwind+1","Flex+1","Sword Boomerang","Rage+1","Doubt","Clash+1","Warcry+1","Flex+1","Clash","Impervious+1","Burning Pact+1","Cleave","Intimidate+1","Clash"],"max_hp_per_floor":[80,80,80,80,80,80,80,80,80,80,80,80,80,80,80,80,80,80,80,80,80,80,80,80,80,80,80,80,87,87,87,87,87],"relics":["Black Blood","Toxic Egg 2","Paper Frog","War Paint","Happy Flower","Bottled Lightning","Orichalcum","Strawberry"],"card_choices":[{"not_picked":["Flex","Thunderclap"],"picked":"Whirlwind","floor":1.0},{"not_picked":["True Grit","Shrug It Off"],"picked":"Sword Boomerang","floor":5.0},{"not_picked":["Twin Strike","Burning Pact"],"picked":"Rage","floor":6.0},{"not_picked":["Fire Breathing","Twin Strike"],"picked":"Clash","floor":11.0},{"not_picked":["Combust","Sentinel"],"picked":"Warcry","floor":12.0},{"not_picked":["Havoc","Rampage"],"picked":"Clash","floor":14.0},{"not_picked":["Demon Form","Juggernaut"],"picked":"Impervious","floor":16.0},{"not_picked":["Shockwave","Armaments"],"picked":"Burning Pact","floor":18.0},{"not_picked":["Havoc","Warcry"],"picked":"Cleave","floor":25.0},{"not_picked":["Body Slam","Clothesline"],"picked":"Intimidate","floor":27.0},{"not_picked":["Second Wind","Clothesline"],"picked":"Clash","floor":28.0}],"player_experience":203654,"potions_floor_usage":[31,31,33],"damage_taken":[{"damage":8.0,"enemies":"2 Louse","floor":1.0,"turns":3.0},{"damage":1.0,"enemies":"Jaw Worm","floor":4.0,"turns":3.0},{"damage":0.0,"enemies":"Cultist","floor":5.0,"turns":2.0},{"damage":36.0,"enemies":"3 Sentries","floor":6.0,"turns":7.0},{"damage":12.0,"enemies":"Blue Slaver","floor":11.0,"turns":4.0},{"damage":0.0,"enemies":"2 Fungi Beasts","floor":12.0,"turns":3.0},{"damage":8.0,"enemies":"Exordium Thugs","floor":14.0,"turns":6.0},{"damage":34.0,"enemies":"Slime Boss","floor":16.0,"turns":9.0},{"damage":4.0,"enemies":"2 Thieves","floor":18.0,"turns":3.0},{"damage":31.0,"enemies":"Chosen","floor":21.0,"turns":5.0},{"damage":5.0,"enemies":"Centurion and Healer","floor":25.0,"turns":5.0},{"damage":9.0,"enemies":"3 Cultists","floor":27.0,"turns":5.0},{"damage":0.0,"enemies":"Snecko","floor":28.0,"turns":3.0},{"damage":10.0,"enemies":"Book of Stabbing","floor":29.0,"turns":5.0},{"damage":27,"enemies":"Slaver and Parasite","floor":31,"turns":4},{"damage":75,"enemies":"Collector","floor":33,"turns":7}],"event_choices":[{"event_name":"Scrap Ooze","player_choice":"success","floor":3.0,"damage_taken":12.0},{"event_name":"Liars Game","player_choice":"agreed","floor":7.0,"damage_taken":0.0}],"boss_relics":[],"potions_floor_spawned":[1,6,12,16,18,28,29],"seed_played":"8585752441037489792","killed_by":"Collector","ascension_level":0,"is_trial":false}