{"gold_per_floor":[20,37,37,37,49,49,60,79,127,145,145,174,174,185,185,258,258,237,247,247,259,184,184,197,197,224,149,149,163,63,77,77,153,203,216,216,216,316,333,333,333],"floor_reached":41,"playtime":4972,"items_purged":["Strike_G","Strike_G"],"score":840,"play_id":"d1fa50a7-3b66-4ceb-92fd-2dd103631b99","local_time":"20190622191837","is_ascension_mode":true,"campfire_choices":[{"data":"Deadly Poison","floor":6.0,"key":"SMITH"},{"data":"Neutralize","floor":11.0,"key":"SMITH"},{"data":"Footwork","floor":13.0,"key":"SMITH"},{"data":"Venomology","floor":15.0,"key":"SMITH"},{"data":"Catalyst","floor":23.0,"key":"SMITH"},{"floor":28.0,"key":"REST"},{"floor":32.0,"key":"REST"},{"data":"Calculated Gamble","floor":40,"key":"SMITH"}],"neow_cost":"NO_GOLD","seed_source_timestamp":30847244713448,"circlet_count":0,"master_deck":["AscendersBane","Defend_G+1","Defend_G","Defend_G","Defend_G+1","Strike_G+1","Survivor","Neutralize+1","Blur","Calculated Gamble+1","Deadly Poison+1","Footwork+1","Venomology+1","Escape Plan","Adrenaline","Catalyst+1","Caltrops+1","Blur"],"special_seed":0,"relics":["Ring of the Snake","Orichalcum","Mummified Hand","Runic Dome","Ancient Tea Set","Tiny House","Incense Burner"],"potions_floor_usage":[38,39,39],"damage_taken":[{"damage":4.0,"enemies":"Small Slimes","floor":1.0,"turns":4.0},{"damage":0.0,"enemies":"Jaw Worm","floor":2.0,"turns":6.0},{"damage":0.0,"enemies":"Cultist","floor":5.0,"turns":4.0},{"damage":3.0,"enemies":"Gremlin Gang","floor":7.0,"turns":3.0},{"damage":11.0,"enemies":"Exordium Thugs","floor":8.0,"turns":6.0},{"damage":0.0,"enemies":"Large Slime","floor":10.0,"turns":7.0},{"damage":0.0,"enemies":"Gremlin Nob","floor":12.0,"turns":5.0},{"damage":0.0,"enemies":"Looter","floor":14.0,"turns":4.0},{"damage":1.0,"enemies":"The Guardian","floor":16.0,"turns":12.0},{"damage":0.0,"enemies":"2 Thieves","floor":18.0,"turns":4.0},{"damage":12.0,"enemies":"Spheric Guardian","floor":19.0,"turns":11.0},{"damage":2.0,"enemies":"Cultist and Chosen","floor":21.0,"turns":7.0},{"damage":9.0,"enemies":"Centurion and Healer","floor":24.0,"turns":11.0},{"damage":4.0,"enemies":"Snake Plant","floor":29.0,"turns":6.0},{"damage":13.0,"enemies":"Snecko","floor":31.0,"turns":5.0},{"damage":13.0,"enemies":"Collector","floor":33.0,"turns":8.0},{"damage":4.0,"enemies":"3 Shapes","floor":35.0,"turns":8.0},{"damage":4,"enemies":"Mind Bloom Boss Battle","floor":38,"turns":17},{"damage":10,"enemies":"Orb Walker","floor":39,"turns":4},{"damage":76,"enemies":"Giant Head","floor":41,"turns":13}],"seed_played":"3960737267404145663","potions_obtained":[{"floor":1.0,"key":"AttackPotion"},{"floor":5.0,"key":"SkillPotion"},{"floor":8.0,"key":"PowerPotion"},{"floor":33.0,"key":"Ancient Potion"},{"floor":34.0,"key":"FairyPotion"}],"is_trial":false,"path_per_floor":["M","M","$","?","M","R","M","M","T","M","R","E","R","M","R","B",null,"M","M","?","M","$","R","M","?","T","?","R","M","$","M","R","B",null,"M","?","?","?","M","R","E"],"character_chosen":"THE_SILENT","items_purchased":[],"campfire_rested":2,"item_purchase_floors":[],"current_hp_per_floor":[55,55,55,35,35,35,32,21,21,21,21,21,21,21,21,20,55,55,43,43,41,41,41,32,14,14,14,35,31,31,18,39,26,65,61,61,61,57,47,47,0],"gold":333,"neow_bonus":"REMOVE_TWO","is_prod":false,"is_daily":false,"chose_seed":false,"campfire_upgraded":6,"win_rate":0,"timestamp":1561202317,"path_taken":["M","M","$","?","M","R","M","M","T","M","R","E","R","M","R","BOSS","M","M","?","M","$","R","M","?","T","?","R","M","$","M","R","BOSS","M","?","?","?","M","R","E"],"build_version":"2019-01-23","purchased_purges":2,"victory":false,"max_hp_per_floor":[66,66,66,66,66,66,66,66,66,66,66,66,66,66,66,66,66,66,66,66,66,66,66,66,71,71,71,71,71,71,71,71,71,76,76,76,76,76,76,76,76],"card_choices":[{"not_picked":["Deflect","Prepared"],"picked":"Blur","floor":1.0},{"not_picked":["Deflect","Finisher"],"picked":"Calculated Gamble","floor":2.0},{"not_picked":["Bane","Dagger Throw"],"picked":"Deadly Poison","floor":5.0},{"not_picked":["Quick Slash","Expertise","Poisoned Stab"],"picked":"SKIP","floor":7.0},{"not_picked":["Choke","All Out Attack","Deflect"],"picked":"SKIP","floor":8.0},{"not_picked":["Deadly Poison","Underhanded Strike"],"picked":"Footwork","floor":10.0},{"not_picked":["Finisher","Outmaneuver"],"picked":"Venomology","floor":12.0},{"not_picked":["Bane","Slice"],"picked":"Escape Plan","floor":14.0},{"not_picked":["Glass Knife","A Thousand Cuts"],"picked":"Adrenaline","floor":16.0},{"not_picked":["Terror","Bouncing Flask"],"picked":"Catalyst","floor":18.0},{"not_picked":["Predator","Quick Slash","Terror+1"],"picked":"SKIP","floor":19.0},{"not_picked":["Distraction","Choke"],"picked":"Caltrops+1","floor":21.0},{"not_picked":["Backstab","Caltrops","Expertise"],"picked":"SKIP","floor":24.0},{"not_picked":["Concentrate","Bane","Outmaneuver"],"picked":"SKIP","floor":29.0},{"not_picked":["Bouncing Flask","Slice"],"picked":"Caltrops+1","floor":31.0},{"not_picked":["Deadly Poison","Blade Dance"],"picked":"Blur","floor":34.0},{"not_picked":["Infinite Blades+1","Cloak And Dagger+1","Setup+1"],"picked":"SKIP","floor":35.0},{"not_picked":["Masterful Stab","Flechettes","Blade Dance"],"picked":"SKIP","floor":39}],"player_experience":5528858,"relics_obtained":[{"floor":9.0,"key":"Orichalcum"},{"floor":12.0,"key":"Mummified Hand"},{"floor":26.0,"key":"Ancient Tea Set"},{"floor":38,"key":"Incense Burner"}],"event_choices":[{"damage_healed":0.0,"max_hp_gain":0.0,"max_hp_loss":0.0,"gold_gain":0.0,"event_name":"Shining Light","player_choice":"Entered Light","floor":4.0,"gold_loss":0.0,"damage_taken":20.0,"cards_upgraded":["Strike_G","Defend_G"]},{"damage_healed":0.0,"max_hp_gain":0.0,"max_hp_loss":0.0,"gold_gain":0.0,"event_name":"Vampires","player_choice":"Ignored","floor":20.0,"gold_loss":0.0,"damage_taken":0.0},{"damage_healed":0.0,"max_hp_gain":5.0,"max_hp_loss":0.0,"gold_gain":0.0,"event_name":"Forgotten Altar","player_choice":"Shed Blood","floor":25.0,"gold_loss":0.0,"damage_taken":23.0},{"cards_removed":["Strike_G"],"damage_healed":0.0,"max_hp_gain":0.0,"max_hp_loss":0.0,"gold_gain":0.0,"event_name":"Beggar","player_choice":"Gave Gold","floor":27.0,"gold_loss":75.0,"damage_taken":0.0},{"cards_removed":["Caltrops"],"damage_healed":0.0,"max_hp_gain":0.0,"max_hp_loss":0.0,"gold_gain":0.0,"event_name":"Falling","player_choice":"Removed Power","floor":36.0,"gold_loss":0.0,"damage_taken":0.0},{"damage_healed":0,"gold_gain":0,"player_choice":"Memory 1","damage_taken":0,"max_hp_gain":0,"max_hp_loss":0,"event_name":"SensoryStone","floor":37,"gold_loss":0},{"damage_healed":0,"gold_gain":0,"player_choice":"Fight","damage_taken":0,"max_hp_gain":0,"max_hp_loss":0,"event_name":"MindBloom","floor":38,"gold_loss":0}],"is_beta":false,"boss_relics":[{"not_picked":["Black Star","HoveringKite"],"picked":"Runic Dome"},{"not_picked":["Sozu","Busted Crown"],"picked":"Tiny House"}],"items_purged_floors":[22,30],"is_endless":false,"potions_floor_spawned":[1,5,8,10,14,16,31,33],"killed_by":"Giant Head","ascension_level":20}