{"gold_per_floor":[115,125,140,65,84,84,116,116,197,197,212,287,287,299,299,376,376,394,410,139,139,64,64,76,94,121,121,139,139,12,47,47,124,124,142,242,242,260,260,295,314,326,375,375,375],"floor_reached":45,"playtime":1796,"items_purged":["Strike_G","Strike_G","Strike_G"],"score":1080,"play_id":"350d7805-029f-4d86-a96a-e7d914ae372b","local_time":"20190105111150","is_ascension_mode":true,"campfire_choices":[{"data":"Bouncing Flask","floor":6.0,"key":"SMITH"},{"data":"Well Laid Plans","floor":8.0,"key":"SMITH"},{"data":"Neutralize","floor":10.0,"key":"SMITH"},{"data":"Survivor","floor":15.0,"key":"SMITH"},{"data":"Burst","floor":23.0,"key":"SMITH"},{"data":"Deadly Poison","floor":27.0,"key":"SMITH"},{"data":"Defend_G","floor":29.0,"key":"SMITH"},{"data":"Noxious Fumes","floor":32.0,"key":"SMITH"},{"data":"Footwork","floor":44,"key":"SMITH"}],"neow_cost":"NONE","seed_source_timestamp":927019329427,"circlet_count":0,"master_deck":["AscendersBane","Defend_G+1","Defend_G","Defend_G","Defend_G","Defend_G","Strike_G","Survivor+1","Neutralize+1","Bouncing Flask+1","Escape Plan","Well Laid Plans+1","PiercingWail","Burst+1","Deadly Poison+1","Noxious Fumes+1","Footwork+1","Impatience","PiercingWail"],"special_seed":0,"relics":["Ring of the Snake","NeowsBlessing","Girya","Meat on the Bone","Busted Crown","Art of War","Smiling Mask","Anchor","Runic Pyramid","The Specimen","Pear"],"potions_floor_usage":[],"damage_taken":[{"damage":0.0,"enemies":"2 Louse","floor":1.0,"turns":1.0},{"damage":0.0,"enemies":"Small Slimes","floor":2.0,"turns":1.0},{"damage":0.0,"enemies":"Jaw Worm","floor":3.0,"turns":1.0},{"damage":9.0,"enemies":"Exordium Thugs","floor":5.0,"turns":4.0},{"damage":44.0,"enemies":"Gremlin Nob","floor":7.0,"turns":5.0},{"damage":4.0,"enemies":"Red Slaver","floor":11.0,"turns":4.0},{"damage":0.0,"enemies":"2 Fungi Beasts","floor":14.0,"turns":4.0},{"damage":0.0,"enemies":"The Guardian","floor":16.0,"turns":11.0},{"damage":0.0,"enemies":"3 Byrds","floor":18.0,"turns":3.0},{"damage":1.0,"enemies":"Shell Parasite","floor":19.0,"turns":4.0},{"damage":0.0,"enemies":"Snake Plant","floor":24.0,"turns":4.0},{"damage":2.0,"enemies":"Sentry and Sphere","floor":25.0,"turns":5.0},{"damage":0.0,"enemies":"Centurion and Healer","floor":28.0,"turns":6.0},{"damage":14.0,"enemies":"Book of Stabbing","floor":31.0,"turns":6.0},{"damage":33.0,"enemies":"Automaton","floor":33.0,"turns":11.0},{"damage":16,"enemies":"3 Shapes","floor":35,"turns":5},{"damage":0,"enemies":"Mind Bloom Boss Battle","floor":36,"turns":6},{"damage":1,"enemies":"3 Darklings","floor":38,"turns":5},{"damage":3,"enemies":"Giant Head","floor":40,"turns":9},{"damage":0,"enemies":"Writhing Mass","floor":41,"turns":5},{"damage":21,"enemies":"Sphere and 2 Shapes","floor":42,"turns":5},{"damage":46,"enemies":"Reptomancer","floor":45,"turns":3}],"seed_played":"1413914714236892834","potions_obtained":[{"floor":2.0,"key":"Fire Potion"},{"floor":7.0,"key":"SkillPotion"},{"floor":11.0,"key":"LiquidBronze"},{"floor":16.0,"key":"Block Potion"},{"floor":24.0,"key":"Regen Potion"},{"floor":28.0,"key":"Weak Potion"},{"floor":31.0,"key":"FearPotion"},{"floor":35,"key":"SpeedPotion"}],"is_trial":false,"path_per_floor":["M","M","M","$","M","R","E","R","T","R","M","?","?","M","R","B",null,"M","M","$","?","?","R","M","M","T","R","M","R","$","E","R","B",null,"M","?","?","M","?","E","M","M","T","R","E"],"character_chosen":"THE_SILENT","items_purchased":["Art of War","Noxious Fumes"],"campfire_rested":0,"item_purchase_floors":[20,30],"current_hp_per_floor":[59,59,59,59,50,50,6,6,6,6,14,3,3,15,15,27,56,56,55,55,55,55,55,55,53,53,53,53,53,53,53,53,32,58,42,42,32,43,43,50,50,41,41,41,0],"gold":375,"neow_bonus":"THREE_ENEMY_KILL","is_prod":false,"is_daily":false,"chose_seed":false,"campfire_upgraded":9,"win_rate":0,"timestamp":1546657910,"path_taken":["M","M","M","$","M","R","E","R","T","R","M","?","?","M","R","BOSS","M","M","$","?","?","R","?","M","T","R","M","R","?","E","R","BOSS","M","?","?","M","?","E","M","M","T","R","E"],"build_version":"2019-01-03v4","purchased_purges":3,"victory":false,"max_hp_per_floor":[66,66,66,66,66,66,66,66,66,66,66,66,66,66,66,66,66,66,66,66,66,66,66,66,66,66,66,66,66,66,66,66,66,66,66,66,66,66,66,76,76,76,76,76,76],"card_choices":[{"not_picked":["Dagger Throw","Underhanded Strike","Cloak And Dagger"],"picked":"SKIP","floor":1.0},{"not_picked":["Setup","Accuracy"],"picked":"Bouncing Flask","floor":2.0},{"not_picked":["Deflect","Eviscerate"],"picked":"Escape Plan","floor":3.0},{"not_picked":["Acrobatics","Terror"],"picked":"Well Laid Plans","floor":5.0},{"not_picked":["Blur","Poisoned Stab","Endless Agony"],"picked":"SKIP","floor":7.0},{"not_picked":["Sucker Punch","Bane"],"picked":"PiercingWail","floor":11.0},{"not_picked":["Heel Hook","Eviscerate","Setup"],"picked":"SKIP","floor":14.0},{"not_picked":["A Thousand Cuts","Phantasmal Killer"],"picked":"Burst","floor":16.0},{"not_picked":["Terror"],"picked":"SKIP","floor":18.0},{"not_picked":[],"picked":"Deadly Poison","floor":19.0},{"not_picked":["Quick Slash"],"picked":"SKIP","floor":24.0},{"not_picked":["Underhanded Strike"],"picked":"SKIP","floor":25.0},{"not_picked":["Calculated Gamble"],"picked":"SKIP","floor":28.0},{"not_picked":["Sucker Punch"],"picked":"SKIP","floor":31.0},{"not_picked":["Dagger Spray+1"],"picked":"SKIP","floor":35},{"not_picked":[],"picked":"Footwork","floor":36},{"not_picked":[],"picked":"Impatience","floor":37},{"not_picked":["Infinite Blades+1"],"picked":"SKIP","floor":38},{"not_picked":["Endless Agony"],"picked":"SKIP","floor":40},{"not_picked":[],"picked":"PiercingWail","floor":41},{"not_picked":["Sucker Punch+1"],"picked":"SKIP","floor":42}],"player_experience":1738764,"relics_obtained":[{"floor":7.0,"key":"Girya"},{"floor":9.0,"key":"Meat on the Bone"},{"floor":26.0,"key":"Smiling Mask"},{"floor":31.0,"key":"Anchor"},{"floor":36,"key":"The Specimen"},{"floor":40,"key":"Pear"}],"event_choices":[{"damage_healed":0.0,"max_hp_gain":0.0,"max_hp_loss":0.0,"gold_gain":75.0,"event_name":"World of Goop","player_choice":"Gather Gold","floor":12.0,"gold_loss":0.0,"damage_taken":11.0},{"damage_healed":0.0,"max_hp_gain":0.0,"max_hp_loss":0.0,"gold_gain":0.0,"event_name":"Shining Light","player_choice":"Ignored","floor":13.0,"gold_loss":0.0,"damage_taken":0.0},{"damage_healed":0.0,"max_hp_gain":0.0,"max_hp_loss":0.0,"gold_gain":0.0,"event_name":"The Mausoleum","player_choice":"Ignored","floor":21.0,"gold_loss":0.0,"damage_taken":0.0},{"cards_removed":["Strike_G"],"damage_healed":0.0,"max_hp_gain":0.0,"max_hp_loss":0.0,"gold_gain":0.0,"event_name":"Beggar","player_choice":"Gave Gold","floor":22.0,"gold_loss":75.0,"damage_taken":0.0},{"damage_healed":0,"gold_gain":0,"player_choice":"Fight","damage_taken":0,"max_hp_gain":0,"max_hp_loss":0,"event_name":"MindBloom","floor":36,"gold_loss":0},{"damage_healed":0,"gold_gain":0,"player_choice":"Memory 3","damage_taken":10,"max_hp_gain":0,"max_hp_loss":0,"event_name":"SensoryStone","floor":37,"gold_loss":0},{"damage_healed":0,"gold_gain":0,"player_choice":"Got Potions","damage_taken":0,"max_hp_gain":0,"max_hp_loss":0,"event_name":"Lab","floor":39,"gold_loss":0}],"is_beta":false,"boss_relics":[{"not_picked":["Orrery","WristBlade"],"picked":"Busted Crown"},{"not_picked":["Pandora\u0027s Box","Fusion Hammer"],"picked":"Runic Pyramid"}],"items_purged_floors":[4,20,30],"is_endless":false,"potions_floor_spawned":[2,7,11,16,24,28,31,35,41,42],"killed_by":"Reptomancer","ascension_level":20}