{"gold_per_floor":[117,128,91,102,114,114,145,145,145,145,145,165,185,185,185,185],"floor_reached":16,"playtime":282,"items_purged":[],"score":204,"play_id":"8dffeb79-4566-4077-9f5b-f0d8341d57cd","local_time":"20190410223026","is_ascension_mode":true,"campfire_choices":[{"data":"Sunder","floor":6.0,"key":"SMITH"},{"data":"Fusion","floor":10.0,"key":"SMITH"},{"data":"Chaos","floor":15.0,"key":"SMITH"}],"neow_cost":"NONE","seed_source_timestamp":121748422815662,"circlet_count":0,"master_deck":["AscendersBane","Strike_B","Strike_B","Strike_B","Strike_B","Defend_B","Defend_B","Defend_B","Defend_B","Zap+1","Dualcast","Hologram","Fusion+1","Sunder+1","Double Energy","Compile Driver","Undo+1","Chaos+1","Recycle"],"special_seed":0,"relics":["Cracked Core","NeowsBlessing","Letter Opener","Blue Candle","Golden Idol"],"potions_floor_usage":[],"damage_taken":[{"damage":0.0,"enemies":"Cultist","floor":1.0,"turns":1.0},{"damage":0.0,"enemies":"Jaw Worm","floor":2.0,"turns":1.0},{"damage":0.0,"enemies":"Small Slimes","floor":4.0,"turns":1.0},{"damage":9.0,"enemies":"2 Fungi Beasts","floor":5.0,"turns":4.0},{"damage":23.0,"enemies":"3 Sentries","floor":7.0,"turns":6.0},{"damage":0.0,"enemies":"Large Slime","floor":12.0,"turns":3.0},{"damage":1.0,"enemies":"Lots of Slimes","floor":13.0,"turns":3.0},{"damage":0,"enemies":"Slime Boss","floor":16,"turns":3}],"seed_played":"5815013971536613819","potions_obtained":[{"floor":4.0,"key":"SkillPotion"},{"floor":5.0,"key":"Strength Potion"},{"floor":12.0,"key":"FocusPotion"}],"is_trial":false,"path_per_floor":["M","M","$","M","M","R","E","?","T","R","?","M","M","?","R","B"],"character_chosen":"DEFECT","items_purchased":["Sunder"],"campfire_rested":0,"item_purchase_floors":[3],"current_hp_per_floor":[64,64,64,64,55,55,32,32,32,32,11,11,10,10,10,10],"gold":185,"neow_bonus":"THREE_ENEMY_KILL","is_prod":false,"is_daily":false,"chose_seed":false,"campfire_upgraded":3,"win_rate":0,"timestamp":1554906626,"path_taken":["M","?","$","M","M","R","E","?","T","R","?","M","M","?","R","BOSS"],"build_version":"2019-01-23","purchased_purges":0,"victory":false,"max_hp_per_floor":[71,71,71,71,71,71,71,71,71,71,71,71,71,64,64,64],"card_choices":[{"not_picked":["Redo","Streamline"],"picked":"Hologram","floor":1.0},{"not_picked":["BootSequence","White Noise"],"picked":"Fusion","floor":2.0},{"not_picked":["Conserve Battery","Machine Learning"],"picked":"Double Energy","floor":4.0},{"not_picked":["Lockon","Double Energy"],"picked":"Compile Driver","floor":5.0},{"not_picked":["Go for the Eyes","Barrage"],"picked":"Undo","floor":7.0},{"not_picked":["Barrage","Gash"],"picked":"Chaos","floor":12.0},{"not_picked":["Rip and Tear","Rebound"],"picked":"Recycle","floor":13.0}],"player_experience":1358654,"relics_obtained":[{"floor":7.0,"key":"Letter Opener"},{"floor":9.0,"key":"Blue Candle"}],"event_choices":[{"damage_healed":0.0,"max_hp_gain":0.0,"max_hp_loss":0.0,"gold_gain":0.0,"event_name":"Dead Adventurer","player_choice":"Searched \u00270\u0027 times","floor":8.0,"gold_loss":0.0,"damage_taken":0.0},{"damage_healed":0.0,"max_hp_gain":0.0,"max_hp_loss":0.0,"gold_gain":0.0,"event_name":"Shining Light","player_choice":"Entered Light","floor":11.0,"gold_loss":0.0,"damage_taken":21.0,"cards_upgraded":["Undo","Zap"]},{"damage_healed":0.0,"max_hp_gain":0.0,"max_hp_loss":7.0,"gold_gain":0.0,"event_name":"Golden Idol","player_choice":"Lose Max HP","floor":14.0,"gold_loss":0.0,"damage_taken":0.0,"relics_obtained":["Golden Idol"]}],"is_beta":false,"boss_relics":[],"items_purged_floors":[],"is_endless":false,"potions_floor_spawned":[4,5,12],"killed_by":"Slime Boss","ascension_level":20}