{"path_per_floor":["M","M","$","M","?","R","E","?","T","?","?","E","R","M","R","B",null,"M","$","?","M","?","E","M","R","T","E","M","M","?","M","R","B",null,"M","?","?","?","M","R","E","M","T","$","E","M","$","M","R","B"],"character_chosen":"THE_SILENT","items_purchased":["Footwork","Calculated Gamble","Toolbox"],"gold_per_floor":[109,123,13,24,24,24,55,155,179,179,129,155,155,175,175,279,279,289,154,154,164,164,224,236,236,236,268,288,303,303,322,322,419,419,430,430,430,430,447,447,476,491,491,366,395,413,2,16,16,16],"floor_reached":51,"campfire_rested":1,"playtime":3254,"current_hp_per_floor":[70,70,70,70,63,63,58,58,58,58,58,52,52,51,51,28,70,70,70,70,70,54,54,54,54,54,53,41,41,41,41,41,18,70,65,65,65,56,39,39,39,35,35,35,38,38,38,42,74,28],"items_purged":["Defend_G","Strike_G","Caltrops","Catalyst"],"gold":16,"score":630,"play_id":"1d16e638-ddad-4329-8347-19158d85827a","is_prod":false,"is_daily":false,"is_ascension_mode":false,"campfire_upgraded":3,"path_taken":["M","M","$","M","?","R","E","?","T","?","?","E","R","M","R","BOSS","M","$","?","M","?","E","M","R","T","E","M","M","?","M","R","BOSS","M","?","?","?","?","R","E","M","T","$","E","M","$","M","R","BOSS"],"build_version":"2018-02-15-PROD1","purchased_purges":4,"victory":true,"master_deck":["Strike_G+1","Neutralize+1","Dash","Footwork+1","Calculated Gamble+1","Necronomicurse","Reflex+1","Riddle With Holes","Backflip+1","Adrenaline","Crippling Poison+1","Madness","Madness","Predator+1","Reflex+1","Unload"],"max_hp_per_floor":[70,70,70,70,70,70,70,70,70,70,70,70,70,70,70,70,70,70,70,70,70,70,70,70,70,70,70,70,70,70,70,70,70,70,70,70,70,70,70,70,70,70,70,70,72,72,72,74,74,74],"relics":["Ring of the Snake","Girya","Whetstone","Calipers","Pen Nib","Black Star","Necronomicon","Tiny Chest","Vajra","Frozen Eye","Omamori","Regal Pillow","Astrolabe","Blood Vial","Oddly Smooth Stone","Ice Cream","Ancient Tea Set","Singing Bowl","Toolbox"],"card_choices":[{"not_picked":["Quick Slash","Blur"],"picked":"Dash"},{"not_picked":["Deflect","Quick Slash"],"picked":"Reflex"},{"not_picked":["All Out Attack","PiercingWail"],"picked":"Backflip"},{"not_picked":["Bullet Time","Phantasmal Killer"],"picked":"Adrenaline"},{"not_picked":["Catalyst","Outmaneuver"],"picked":"Predator"},{"not_picked":["Eviscerate","Finisher"],"picked":"Reflex"},{"not_picked":["Bouncing Flask","Acrobatics"],"picked":"Unload"}],"player_experience":101361,"potions_floor_usage":[50],"damage_taken":[{"damage":0.0,"enemies":"Jaw Worm","floor":1.0,"turns":5.0},{"damage":0.0,"enemies":"Small Slimes","floor":2.0,"turns":4.0},{"damage":0.0,"enemies":"Cultist","floor":4.0,"turns":4.0},{"damage":5.0,"enemies":"Lagavulin","floor":7.0,"turns":10.0},{"damage":6.0,"enemies":"Lagavulin","floor":12.0,"turns":10.0},{"damage":1.0,"enemies":"Exordium Thugs","floor":14.0,"turns":4.0},{"damage":23.0,"enemies":"Slime Boss","floor":16.0,"turns":9.0},{"damage":0.0,"enemies":"Chosen","floor":18.0,"turns":4.0},{"damage":0.0,"enemies":"Spheric Guardian","floor":21.0,"turns":4.0},{"damage":0.0,"enemies":"Book of Stabbing","floor":23.0,"turns":6.0},{"damage":0.0,"enemies":"Cultist and Chosen","floor":24.0,"turns":6.0},{"damage":1.0,"enemies":"Gremlin Leader","floor":27.0,"turns":6.0},{"damage":12.0,"enemies":"Centurion and Healer","floor":28.0,"turns":4.0},{"damage":0.0,"enemies":"Snecko","floor":29.0,"turns":4.0},{"damage":0.0,"enemies":"Cultist and Chosen","floor":31.0,"turns":3.0},{"damage":23.0,"enemies":"Collector","floor":33.0,"turns":5.0},{"damage":5.0,"enemies":"3 Darklings","floor":35.0,"turns":3.0},{"damage":17.0,"enemies":"3 Shapes","floor":39.0,"turns":4.0},{"damage":0.0,"enemies":"Giant Head","floor":41.0,"turns":6.0},{"damage":6.0,"enemies":"Maw","floor":42.0,"turns":5.0},{"damage":1.0,"enemies":"Nemesis","floor":45.0,"turns":3.0},{"damage":5.0,"enemies":"Sphere and 2 Shapes","floor":46.0,"turns":3.0},{"damage":0.0,"enemies":"3 Darklings","floor":48.0,"turns":3.0},{"damage":46,"enemies":"Awakened One","floor":50,"turns":11}],"event_choices":[{"event_name":"Golden Wing","player_choice":"Card Removal","floor":5.0,"damage_taken":0.0},{"event_name":"Golden Shrine","player_choice":"Pray","floor":8.0,"damage_taken":0.0},{"event_name":"Accursed Blacksmith","player_choice":"Rummage","floor":10.0,"damage_taken":0.0},{"event_name":"The Cleric","player_choice":"Card Removal","floor":11.0,"damage_taken":0.0},{"event_name":"Back to Basics","player_choice":"Elegance","floor":20.0,"damage_taken":0.0},{"event_name":"Cursed Tome","player_choice":"Obtained Book","floor":22.0,"damage_taken":0.0},{"event_name":"Transmorgrifier","player_choice":"Transform","floor":30.0,"damage_taken":0.0},{"event_name":"Mysterious Sphere","player_choice":"Ignore","floor":37.0,"damage_taken":0.0},{"event_name":"Winding Halls","player_choice":"Embrace Madness","floor":38.0,"damage_taken":0.0}],"boss_relics":[],"potions_floor_spawned":[1,7,12,18,21,24,31,35,39,45],"seed_played":"-4813027391309237108","ascension_level":0,"is_trial":false}