{"gold_per_floor":[119,50,50,69,88,88,98,98,125,142,160,160,191,201,201,299,299,316,328,328,342,421,421,450,465,465,465,465,477,477,122,122,223,223,240,240,251,101,114,114,114,114,114,125,125,141,169,187,187,187],"floor_reached":51,"playtime":2047,"items_purged":["Strike_G","Strike_G+1"],"score":876,"play_id":"2f906787-9514-4687-83ff-73a025abc4cb","local_time":"20181021090029","is_ascension_mode":false,"campfire_choices":[{"data":"Noxious Fumes","floor":6,"key":"SMITH"},{"data":"Catalyst","floor":8,"key":"SMITH"},{"data":"Backflip","floor":12,"key":"SMITH"},{"data":"Backflip","floor":15,"key":"SMITH"},{"data":"Malaise","floor":23,"key":"SMITH"},{"data":"Backflip","floor":28,"key":"SMITH"},{"data":"Bouncing Flask","floor":30,"key":"SMITH"},{"data":"Apotheosis","floor":32,"key":"SMITH"},{"data":"Deadly Poison","floor":40,"key":"SMITH"},{"data":"Discovery","floor":42,"key":"SMITH"},{"data":"Well Laid Plans","floor":45,"key":"SMITH"},{"data":"Backflip","floor":49,"key":"SMITH"}],"neow_cost":"NONE","seed_source_timestamp":1803717154592,"circlet_count":0,"master_deck":["Defend_G+1","Defend_G+1","Defend_G+1","Defend_G+1","Defend_G+1","Survivor+1","Neutralize+1","Noxious Fumes+1","Catalyst+1","Backflip+1","Backflip+1","Backflip+1","Malaise+1","Backflip+1","PiercingWail+1","Catalyst+1","Backflip+1","After Image+1","Ghostly+1","Ghostly+1","Ghostly+1","Ghostly+1","Ghostly+1","Bouncing Flask+1","Footwork+1","Apotheosis+1","Night Terror+1","Night Terror+1","Deadly Poison+1","Discovery+1","Well Laid Plans+1","Backflip+1","Backflip+1"],"relics":["Ring of the Snake","Blood Vial","War Paint","Astrolabe","Mercury Hourglass","Nunchaku","Meat on the Bone","Membership Card","Busted Crown","Mark of the Bloom","DollysMirror","Regal Pillow"],"potions_floor_usage":[19,24,39],"damage_taken":[{"damage":0,"enemies":"2 Louse","floor":1,"turns":3},{"damage":0,"enemies":"Cultist","floor":4,"turns":4},{"damage":0,"enemies":"Jaw Worm","floor":5,"turns":5},{"damage":0,"enemies":"2 Fungi Beasts","floor":7,"turns":4},{"damage":0,"enemies":"3 Louse","floor":10,"turns":4},{"damage":0,"enemies":"Exordium Wildlife","floor":11,"turns":5},{"damage":6,"enemies":"3 Sentries","floor":13,"turns":8},{"damage":0,"enemies":"2 Fungi Beasts","floor":14,"turns":4},{"damage":44,"enemies":"Slime Boss","floor":16,"turns":15},{"damage":0,"enemies":"Shell Parasite","floor":18,"turns":5},{"damage":1,"enemies":"2 Thieves","floor":19,"turns":3},{"damage":4,"enemies":"Centurion and Healer","floor":21,"turns":10},{"damage":0,"enemies":"Gremlin Leader","floor":24,"turns":5},{"damage":7,"enemies":"Snake Plant","floor":25,"turns":5},{"damage":0,"enemies":"Shelled Parasite and Fungi","floor":29,"turns":6},{"damage":0,"enemies":"Champ","floor":33,"turns":10},{"damage":0,"enemies":"3 Shapes","floor":35,"turns":6},{"damage":0,"enemies":"3 Darklings","floor":37,"turns":7},{"damage":0,"enemies":"Writhing Mass","floor":39,"turns":3},{"damage":0,"enemies":"Spire Growth","floor":44,"turns":6},{"damage":0,"enemies":"4 Shapes","floor":46,"turns":5},{"damage":0,"enemies":"Giant Head","floor":47,"turns":4},{"damage":0,"enemies":"Maw","floor":48,"turns":5},{"damage":9,"enemies":"Awakened One","floor":50,"turns":18}],"seed_played":"-375550662925857463","potions_obtained":[{"floor":4,"key":"Weak Potion"},{"floor":7,"key":"SkillPotion"},{"floor":14,"key":"Ancient Potion"},{"floor":19,"key":"AttackPotion"},{"floor":21,"key":"Explosive Potion"},{"floor":25,"key":"FearPotion"},{"floor":47,"key":"Energy Potion"}],"is_trial":false,"path_per_floor":["M","$","?","M","M","R","M","R","T","M","M","R","E","M","R","B",null,"M","M","?","M","T","R","E","M","T","?","R","M","R","$","R","B",null,"M","?","M","$","M","R","?","R","T","M","R","M","E","M","R","B"],"character_chosen":"THE_SILENT","items_purchased":["Catalyst","Membership Card","Footwork","Apotheosis","DollysMirror"],"campfire_rested":0,"item_purchase_floors":[2,31,31,31,38],"current_hp_per_floor":[70,70,56,56,56,56,56,56,56,58,60,60,56,58,58,16,70,70,69,69,66,66,66,68,63,63,35,35,35,35,35,35,35,35,35,35,35,35,35,35,35,35,35,35,35,35,35,35,35,26],"gold":187,"neow_bonus":"UPGRADE_CARD","is_prod":false,"is_daily":false,"chose_seed":false,"campfire_upgraded":12,"win_rate":0,"timestamp":1540083629,"path_taken":["M","$","?","M","M","R","?","R","T","M","M","R","E","M","R","BOSS","M","M","?","M","?","R","E","M","T","?","R","?","R","$","R","BOSS","M","?","?","$","M","R","?","R","T","M","R","M","E","M","R","BOSS"],"build_version":"2018-10-18","purchased_purges":2,"victory":true,"max_hp_per_floor":[70,70,70,70,70,70,70,70,70,70,70,70,70,70,70,70,70,70,70,70,70,70,70,70,70,70,35,35,35,35,35,35,35,35,35,35,35,35,35,35,35,35,35,35,35,35,35,35,35,35],"card_choices":[{"not_picked":["Dodge and Roll","Crippling Poison"],"picked":"Noxious Fumes","floor":1},{"not_picked":["Cloak And Dagger","Outmaneuver"],"picked":"Backflip","floor":4},{"not_picked":["Expertise","Deflect","Poisoned Stab"],"picked":"SKIP","floor":5},{"not_picked":["Endless Agony","PiercingWail","Underhanded Strike"],"picked":"SKIP","floor":7},{"not_picked":["Deflect","Concentrate","Dagger Spray"],"picked":"SKIP","floor":10},{"not_picked":["Cloak And Dagger","Bane"],"picked":"Backflip","floor":11},{"not_picked":["Terror","Flying Knee"],"picked":"Backflip","floor":13},{"not_picked":["Flying Knee","Sucker Punch","Quick Slash"],"picked":"SKIP","floor":14},{"not_picked":["Unload","Storm of Steel"],"picked":"Malaise","floor":16},{"not_picked":["Acrobatics","Deflect+1"],"picked":"Backflip","floor":18},{"not_picked":["Flying Knee","Acrobatics","Dodge and Roll"],"picked":"SKIP","floor":19},{"not_picked":["Cloak And Dagger+1","Slice","Distraction+1"],"picked":"SKIP","floor":21},{"not_picked":["Expertise","Sucker Punch"],"picked":"After Image","floor":24},{"not_picked":["Backstab+1","Poisoned Stab+1","Eviscerate"],"picked":"SKIP","floor":25},{"not_picked":["Sucker Punch","Choke+1"],"picked":"Bouncing Flask","floor":29},{"not_picked":["A Thousand Cuts","Tools of the Trade"],"picked":"Night Terror","floor":33},{"not_picked":["Dodge and Roll+1"],"picked":"SKIP","floor":35},{"not_picked":["Dodge and Roll"],"picked":"SKIP","floor":37},{"not_picked":[],"picked":"Deadly Poison","floor":39},{"not_picked":[],"picked":"Discovery","floor":41},{"not_picked":[],"picked":"Well Laid Plans","floor":44},{"not_picked":[],"picked":"Backflip+1","floor":46},{"not_picked":["Heel Hook+1"],"picked":"SKIP","floor":47},{"not_picked":[],"picked":"Backflip","floor":48}],"player_experience":435612,"relics_obtained":[{"floor":9,"key":"Blood Vial"},{"floor":13,"key":"War Paint"},{"floor":22,"key":"Mercury Hourglass"},{"floor":24,"key":"Nunchaku"},{"floor":26,"key":"Meat on the Bone"},{"floor":47,"key":"Regal Pillow"}],"event_choices":[{"damage_healed":0,"gold_gain":0,"player_choice":"Entered Light","damage_taken":14,"max_hp_gain":0,"max_hp_loss":0,"event_name":"Shining Light","floor":3,"gold_loss":0,"cards_upgraded":["Defend_G","Survivor"]},{"damage_healed":0,"gold_gain":0,"player_choice":"Ignored","damage_taken":0,"max_hp_gain":0,"max_hp_loss":0,"event_name":"Vampires","floor":20,"gold_loss":0},{"damage_healed":0,"gold_gain":0,"player_choice":"Became a Ghost","damage_taken":0,"max_hp_gain":0,"max_hp_loss":35,"event_name":"Ghosts","floor":27,"gold_loss":0,"cards_obtained":["Ghostly","Ghostly","Ghostly","Ghostly","Ghostly"]},{"damage_healed":0,"gold_gain":0,"player_choice":"Upgrade","damage_taken":0,"relics_obtained":["Mark of the Bloom"],"max_hp_gain":0,"max_hp_loss":0,"event_name":"MindBloom","floor":36,"gold_loss":0,"cards_upgraded":["Defend_G","Defend_G","Defend_G","Strike_G","After Image","Ghostly","Ghostly","Ghostly","Ghostly","Ghostly","Footwork","Night Terror"]},{"damage_healed":0,"gold_gain":0,"player_choice":"Memory 1","damage_taken":0,"max_hp_gain":0,"max_hp_loss":0,"event_name":"SensoryStone","floor":41,"gold_loss":0}],"is_beta":false,"boss_relics":[{"not_picked":["Fusion Hammer","Ring of the Serpent"],"picked":"Astrolabe"},{"not_picked":["Lizard Tail","Calling Bell"],"picked":"Busted Crown"}],"items_purged_floors":[31,38],"is_endless":false,"potions_floor_spawned":[4,7,14,19,21,25,47,48],"ascension_level":0}