{"gold_per_floor":[118,43,43,18,29,54,54,54,54,74,74,86,86,100,100,173,173,184,184,184],"floor_reached":20,"playtime":751,"items_purged":["Strike_B"],"score":394,"play_id":"a406d1ea-1753-41de-bc4a-e9341f461a52","local_time":"20190127182555","is_ascension_mode":true,"campfire_choices":[{"data":"Darkness","floor":7,"key":"SMITH"},{"data":"Redo","floor":11,"key":"SMITH"},{"data":"Loop","floor":13,"key":"SMITH"},{"data":"Capacitor","floor":15,"key":"SMITH"}],"neow_cost":"NONE","seed_source_timestamp":17303997878549,"circlet_count":0,"master_deck":["AscendersBane","Strike_B","Strike_B+1","Strike_B","Defend_B","Defend_B","Defend_B","Defend_B+1","Zap","Dualcast","Darkness+1","Buffer","Coolheaded","Redo+1","Capacitor+1","Loop+1","Fission","Loop","Pain"],"special_seed":0,"relics":["Cracked Core","NeowsBlessing","Vajra","Lantern","Velvet Choker","WarpedTongs"],"potions_floor_usage":[16],"damage_taken":[{"damage":0.0,"enemies":"Cultist","floor":1.0,"turns":1.0},{"damage":0,"enemies":"2 Louse","floor":5,"turns":1},{"damage":0,"enemies":"Gremlin Nob","floor":6,"turns":1},{"damage":0,"enemies":"Small Slimes","floor":10,"turns":3},{"damage":8,"enemies":"Red Slaver","floor":12,"turns":3},{"damage":7,"enemies":"3 Louse","floor":14,"turns":2},{"damage":29,"enemies":"Hexaghost","floor":16,"turns":9},{"damage":27,"enemies":"theJungle:GiantWrat","floor":18,"turns":6},{"damage":0,"enemies":"theJungle:5_Spyders","floor":20,"turns":1}],"seed_played":"-5385786330128945284","potions_obtained":[{"floor":6,"key":"LiquidBronze"},{"floor":12,"key":"FairyPotion"}],"is_trial":false,"path_per_floor":["M","$","?","$","M","E","R","?","T","M","R","M","R","M","R","B",null,"M","?","M"],"character_chosen":"DEFECT","items_purchased":["Redo"],"campfire_rested":0,"item_purchase_floors":[4],"current_hp_per_floor":[64,64,64,64,64,64,64,43,43,43,43,35,35,28,28,7,55,28,28,28],"gold":184,"neow_bonus":"THREE_ENEMY_KILL","is_prod":false,"is_daily":false,"chose_seed":false,"campfire_upgraded":4,"win_rate":0,"timestamp":1548584755,"path_taken":["M","$","?","?","?","E","R","?","T","M","R","M","R","M","R","BOSS","M","?","?"],"build_version":"2019-01-23","purchased_purges":1,"victory":false,"max_hp_per_floor":[71,71,71,71,71,71,71,71,71,71,71,71,71,71,71,71,71,71,71,71],"card_choices":[{"not_picked":["Cold Snap","Stack"],"picked":"Darkness","floor":1.0},{"not_picked":["Ball Lightning","Leap","BootSequence"],"picked":"SKIP","floor":5},{"not_picked":["Coolheaded","Redo"],"picked":"Capacitor","floor":6},{"not_picked":["Sweeping Beam","BootSequence","Go for the Eyes"],"picked":"SKIP","floor":10},{"not_picked":["Redo","Fusion"],"picked":"Loop","floor":12},{"not_picked":["Reprogram","Leap","Gash"],"picked":"SKIP","floor":14},{"not_picked":["Hyperbeam","Machine Learning"],"picked":"Fission","floor":16},{"not_picked":["Darkness","Gash"],"picked":"Loop","floor":18}],"player_experience":2326911,"relics_obtained":[{"floor":6,"key":"Vajra"},{"floor":9,"key":"Lantern"}],"event_choices":[{"damage_healed":0,"gold_gain":0,"player_choice":"2 cards matched","damage_taken":0,"max_hp_gain":0,"max_hp_loss":0,"event_name":"Match and Keep!","floor":3,"gold_loss":0,"cards_obtained":["Buffer","Coolheaded"]},{"damage_healed":0,"gold_gain":0,"player_choice":"Entered Light","damage_taken":21,"max_hp_gain":0,"max_hp_loss":0,"event_name":"Shining Light","floor":8,"gold_loss":0,"cards_upgraded":["Defend_B","Strike_B"]},{"damage_healed":0,"gold_gain":0,"player_choice":"Rummage","damage_taken":0,"relics_obtained":["WarpedTongs"],"max_hp_gain":0,"max_hp_loss":0,"event_name":"Accursed Blacksmith","floor":19,"gold_loss":0,"cards_obtained":["Pain"]}],"is_beta":false,"boss_relics":[{"not_picked":["Sozu","Inserter"],"picked":"Velvet Choker"}],"items_purged_floors":[2],"is_endless":false,"potions_floor_spawned":[6,12],"killed_by":"theJungle:5_Spyders","ascension_level":20}