{"gold_per_floor":[216,366,291,99,99,99,24,24,24,38,38,62,62,62,62,62],"floor_reached":16,"playtime":361,"items_purged":["Strike_R"],"score":163,"play_id":"cd7226f2-46cc-453d-a088-de8307c41103","local_time":"20181218222507","is_ascension_mode":true,"campfire_choices":[{"data":"Impatience","floor":6.0,"key":"SMITH"},{"data":"Burning Pact","floor":8.0,"key":"SMITH"},{"data":"Infernal Blade","floor":13.0,"key":"SMITH"},{"data":"Bash","floor":15,"key":"SMITH"}],"neow_cost":"NONE","seed_source_timestamp":37812596996886,"circlet_count":0,"master_deck":["AscendersBane","Strike_R","Strike_R","Defend_R","Defend_R","Defend_R","Defend_R","Bash+1","Second Wind","Doubt","Burning Pact+1","Impatience+1","Injury","Infernal Blade+1"],"special_seed":0,"relics":["Burning Blood","Golden Idol"],"potions_floor_usage":[16,16],"damage_taken":[{"damage":16.0,"enemies":"Jaw Worm","floor":1.0,"turns":5.0},{"damage":0.0,"enemies":"2 Louse","floor":10.0,"turns":3.0},{"damage":1.0,"enemies":"Small Slimes","floor":12.0,"turns":3.0},{"damage":73,"enemies":"The Guardian","floor":16,"turns":10}],"seed_played":"-2275081842756009126","potions_obtained":[{"floor":1.0,"key":"Block Potion"},{"floor":12.0,"key":"Explosive Potion"}],"is_trial":false,"path_per_floor":["M","?","?","$","?","R","$","R","T","M","$","M","R","?","R","B"],"character_chosen":"IRONCLAD","items_purchased":["Burning Pact","Impatience"],"campfire_rested":0,"item_purchase_floors":[4,4],"current_hp_per_floor":[58,58,58,58,58,58,58,58,58,64,64,69,69,69,69,0],"gold":62,"neow_bonus":"HUNDRED_GOLD","is_prod":false,"is_daily":false,"chose_seed":false,"campfire_upgraded":4,"win_rate":0,"timestamp":1545143107,"path_taken":["M","?","?","$","?","R","$","R","T","M","?","M","R","?","R","BOSS"],"build_version":"2018-12-13","purchased_purges":1,"victory":false,"max_hp_per_floor":[75,75,75,75,75,75,75,75,75,75,75,75,75,75,75,75],"card_choices":[{"not_picked":["Rupture","Body Slam"],"picked":"Second Wind","floor":1.0},{"not_picked":["Spot Weakness","Rage"],"picked":"Infernal Blade","floor":10.0},{"not_picked":["Cleave","Perfected Strike","Metallicize"],"picked":"SKIP","floor":12.0}],"player_experience":1359209,"relics_obtained":[],"event_choices":[{"damage_healed":0.0,"max_hp_gain":0.0,"max_hp_loss":0.0,"gold_gain":150.0,"event_name":"Liars Game","player_choice":"AGREE","floor":2.0,"gold_loss":0.0,"damage_taken":0.0,"cards_obtained":["Doubt"]},{"cards_removed":["Strike_R"],"damage_healed":0.0,"max_hp_gain":0.0,"max_hp_loss":0.0,"gold_gain":0.0,"event_name":"The Cleric","player_choice":"Card Removal","floor":3.0,"gold_loss":75.0,"damage_taken":0.0},{"damage_healed":0.0,"max_hp_gain":0.0,"max_hp_loss":0.0,"gold_gain":0.0,"event_name":"Golden Idol","player_choice":"Take Wound","floor":5.0,"gold_loss":0.0,"damage_taken":0.0,"relics_obtained":["Golden Idol"],"cards_obtained":["Injury"]},{"cards_removed":["Strike_R"],"damage_healed":0,"gold_gain":0,"player_choice":"Forget","damage_taken":0,"max_hp_gain":0,"max_hp_loss":0,"event_name":"Living Wall","floor":14,"gold_loss":0}],"is_beta":false,"boss_relics":[],"items_purged_floors":[7],"is_endless":false,"potions_floor_spawned":[1,12],"killed_by":"The Guardian","ascension_level":18}