{"gold_per_floor":[114,189,114,133,133,133,147,72,99,99,99,99,69,84,84,173,173,197,197,21,41,41,41],"floor_reached":23,"playtime":1235,"items_purged":["Strike_R"],"score":485,"play_id":"06febb6f-f2a3-41a2-b840-0159e719819a","local_time":"20190806060412","is_ascension_mode":true,"campfire_choices":[{"data":"Finesse","floor":6,"key":"SMITH"},{"data":"Metallicize","floor":10,"key":"SMITH"},{"floor":12,"key":"REST"},{"data":"Whirlwind","floor":15,"key":"SMITH"}],"neow_cost":"NONE","seed_source_timestamp":0,"circlet_count":0,"master_deck":["AscendersBane","Strike_R","Strike_R","Strike_R","Defend_R+1","Defend_R","Defend_R","Defend_R","Bash+1","Finesse+1","True Grit","Iron Wave","Metallicize+1","Whirlwind+1","Spot Weakness","Demon Form","Apotheosis","Offering"],"special_seed":0,"relics":["Burning Blood","Strawberry","Golden Idol","White Beast Statue"],"potions_floor_usage":[16,23],"damage_taken":[{"damage":8,"enemies":"Small Slimes","floor":1,"turns":5},{"damage":0,"enemies":"Jaw Worm","floor":4,"turns":3},{"damage":0,"enemies":"2 Louse","floor":7,"turns":4},{"damage":0,"enemies":"Looter","floor":13,"turns":4},{"damage":2,"enemies":"2 Fungi Beasts","floor":14,"turns":4},{"damage":53,"enemies":"Hexaghost","floor":16,"turns":15},{"damage":12,"enemies":"Chosen","floor":18,"turns":5},{"damage":2,"enemies":"3 Byrds","floor":21,"turns":5},{"damage":66,"enemies":"Gremlin Leader","floor":23,"turns":5}],"seed_played":"-7172478468640136124","potions_obtained":[{"floor":4,"key":"Block Potion"},{"floor":16,"key":"LiquidBronze"},{"floor":18,"key":"GamblersBrew"},{"floor":21,"key":"Energy Potion"}],"is_trial":false,"path_per_floor":["M","?","?","M","?","R","M","$","T","R","?","R","M","M","R","B",null,"M","?","$","M","?","E"],"character_chosen":"IRONCLAD","items_purchased":["Apotheosis"],"campfire_rested":1,"item_purchase_floors":[20],"current_hp_per_floor":[66,55,55,61,38,38,44,44,51,51,23,47,53,57,57,10,64,58,58,58,62,62,0],"gold":41,"neow_bonus":"RANDOM_COLORLESS","is_prod":false,"is_daily":false,"chose_seed":false,"campfire_upgraded":3,"win_rate":0,"timestamp":1565089452,"path_taken":["M","?","?","M","?","R","M","$","T","R","?","R","M","M","R","BOSS","M","?","$","M","?","E"],"build_version":"2019-07-17","purchased_purges":1,"victory":false,"max_hp_per_floor":[75,75,75,75,75,75,75,75,82,82,82,82,82,82,82,82,82,82,82,82,82,82,82],"card_choices":[{"not_picked":["Infernal Blade","Bloodletting"],"picked":"True Grit","floor":1},{"not_picked":["True Grit","Heavy Blade"],"picked":"Iron Wave","floor":4},{"not_picked":["Heavy Blade","Ghostly Armor"],"picked":"Metallicize","floor":7},{"not_picked":["Reckless Charge","Pommel Strike"],"picked":"Whirlwind","floor":13},{"not_picked":["Corruption","Twin Strike"],"picked":"Spot Weakness","floor":14},{"not_picked":["Bludgeon","Reaper"],"picked":"Demon Form","floor":16},{"not_picked":["Spot Weakness","Warcry","Iron Wave"],"picked":"SKIP","floor":18},{"not_picked":["Flex","Burning Pact","Perfected Strike"],"picked":"SKIP","floor":21}],"player_experience":456258,"relics_obtained":[{"floor":9,"key":"Strawberry"}],"event_choices":[{"damage_healed":0,"gold_gain":75,"player_choice":"Gather Gold","damage_taken":11,"max_hp_gain":0,"max_hp_loss":0,"event_name":"World of Goop","floor":2,"gold_loss":0},{"cards_removed":["Strike_R"],"damage_healed":0,"gold_gain":0,"player_choice":"Card Removal","damage_taken":0,"max_hp_gain":0,"max_hp_loss":0,"event_name":"The Cleric","floor":3,"gold_loss":75},{"damage_healed":0,"gold_gain":0,"player_choice":"Entered Light","damage_taken":23,"max_hp_gain":0,"max_hp_loss":0,"event_name":"Shining Light","floor":5,"gold_loss":0,"cards_upgraded":["Defend_R","Bash"]},{"damage_healed":0,"gold_gain":0,"player_choice":"Take Damage","damage_taken":28,"relics_obtained":["Golden Idol"],"max_hp_gain":0,"max_hp_loss":0,"event_name":"Golden Idol","floor":11,"gold_loss":0},{"damage_healed":0,"gold_gain":0,"player_choice":"Ignored","damage_taken":0,"max_hp_gain":0,"max_hp_loss":0,"event_name":"Ghosts","floor":19,"gold_loss":0},{"damage_healed":0,"gold_gain":0,"player_choice":"Read","damage_taken":0,"max_hp_gain":0,"max_hp_loss":0,"event_name":"The Library","floor":22,"gold_loss":0,"cards_obtained":["Offering"]}],"is_beta":false,"boss_relics":[{"not_picked":["Eternal Feather","Calling Bell"],"picked":"White Beast Statue"}],"items_purged_floors":[8],"is_endless":false,"potions_floor_spawned":[4,16,18,21],"killed_by":"Gremlin Leader","ascension_level":15}