{"path_per_floor":["M","?","?","$","T","E","R","E","T","?","$","M","M","M","R","B",null,"M"],"character_chosen":"DEFECT","items_purchased":["Frozen Egg 2","Toxic Egg 2"],"gold_per_floor":[114,114,289,37,37,64,64,397,397,397,62,79,98,108,108,206,206,216,216],"floor_reached":19,"campfire_rested":0,"playtime":1095,"current_hp_per_floor":[75,68,68,68,68,68,68,68,68,68,68,63,60,42,42,12,75,52,0],"items_purged":["Doubt"],"gold":216,"score":225,"play_id":"f3b1e38a-eedc-4f49-8746-c5177728e4c5","local_time":"20180429145351","is_prod":false,"is_daily":false,"chose_seed":false,"is_ascension_mode":false,"campfire_upgraded":2,"timestamp":1525006431,"path_taken":["M","?","?","$","?","E","R","E","T","?","$","M","M","M","R","BOSS","M","?"],"build_version":"2018-04-27v3","seed_source_timestamp":0,"purchased_purges":1,"victory":false,"master_deck":["Strike_B","Strike_B","Strike_B","Strike_B","Defend_B+1","Defend_B","Defend_B","Zap+1","Dualcast+1","Leap","Darkness+1","Hello World+1","Blaster","Streamline","Auto Shields+1","Genetic Algorithm+1","Creative AI+1","Undo+1"],"max_hp_per_floor":[75,75,75,75,75,75,75,75,75,75,75,75,75,75,75,75,75,75,75],"relics":["Cracked Core","NeowsBlessing","Frozen Egg 2","Gambling Chip","War Paint","Old Coin","Shuriken","Toxic Egg 2","Philosopher\u0027s Stone"],"card_choices":[{"not_picked":["Rebound","Aggregate"],"picked":"Leap","floor":1.0},{"not_picked":["White Noise","Axe Kick"],"picked":"Darkness","floor":6.0},{"not_picked":["Amplify","White Noise"],"picked":"Hello World","floor":8.0},{"not_picked":["Hologram","Reinforced Body"],"picked":"Streamline","floor":12.0},{"not_picked":["Streamline","Hologram"],"picked":"Auto Shields","floor":13.0},{"not_picked":["Sweeping Beam","Streamline"],"picked":"Genetic Algorithm","floor":14.0},{"not_picked":["Biased Cognition","Machine Learning"],"picked":"Creative AI","floor":16},{"not_picked":["Stack","Cold Snap"],"picked":"Undo","floor":18}],"player_experience":22464,"potions_floor_usage":[16,18,19],"damage_taken":[{"damage":0.0,"enemies":"2 Louse","floor":1.0,"turns":1.0},{"damage":0.0,"enemies":"Gremlin Nob","floor":6.0,"turns":1.0},{"damage":0.0,"enemies":"3 Sentries","floor":8.0,"turns":1.0},{"damage":5.0,"enemies":"Small Slimes","floor":12.0,"turns":4.0},{"damage":3.0,"enemies":"Jaw Worm","floor":13.0,"turns":4.0},{"damage":18.0,"enemies":"Exordium Wildlife","floor":14.0,"turns":3.0},{"damage":30,"enemies":"The Guardian","floor":16,"turns":9},{"damage":23,"enemies":"3 Byrds","floor":18,"turns":5},{"damage":63,"enemies":"Masked Bandits","floor":19,"turns":3}],"event_choices":[{"event_name":"Golden Wing","player_choice":"Card Removal","floor":2.0,"damage_taken":0.0},{"event_name":"Liars Game","player_choice":"agreed","floor":3.0,"damage_taken":0.0},{"event_name":"Match and Keep!","player_choice":"1 cards matched","floor":10.0,"damage_taken":0.0},{"event_name":"Masked Bandits","player_choice":"Fought over 216 gold","floor":19,"damage_taken":0}],"boss_relics":[{"not_picked":["Calling Bell","Lizard Tail"],"picked":"Philosopher\u0027s Stone"}],"potions_floor_spawned":[6,12,14,18],"seed_played":"-2656758301879234229","killed_by":"Masked Bandits","ascension_level":0,"is_trial":false}