{"gold_per_floor":[113,188,39,39,49,49,74,88,88,98,98,118,118,137,137,137],"floor_reached":16,"playtime":332,"items_purged":["Strike_G"],"score":254,"play_id":"36ca30ce-952e-424f-be8a-b33160027f8b","local_time":"20190218123407","is_ascension_mode":true,"campfire_choices":[{"data":"Deadly Poison","floor":6,"key":"SMITH"},{"data":"Tactician","floor":11,"key":"SMITH"},{"data":"Calculated Gamble","floor":13,"key":"SMITH"},{"floor":15,"key":"REST"}],"neow_cost":"NONE","seed_source_timestamp":16180607350316,"circlet_count":0,"master_deck":["AscendersBane","Defend_G","Defend_G","Defend_G","Defend_G","Defend_G","Strike_G","Strike_G","Strike_G","Strike_G","Survivor","Neutralize","Deadly Poison+1","Tactician+1","Pain","Calculated Gamble+1","Concentrate","Caltrops"],"relics":["Ring of the Snake","NeowsBlessing","WarpedTongs","Bottled Flame"],"potions_floor_usage":[12],"damage_taken":[{"damage":0,"enemies":"Small Slimes","floor":1,"turns":1},{"damage":1,"enemies":"Jaw Worm","floor":5,"turns":1},{"damage":0,"enemies":"Lagavulin","floor":7,"turns":1},{"damage":1,"enemies":"Cultist","floor":8,"turns":5},{"damage":3,"enemies":"Exordium Wildlife","floor":10,"turns":6},{"damage":4,"enemies":"Gremlin Gang","floor":12,"turns":3},{"damage":12,"enemies":"3 Louse","floor":14,"turns":4},{"damage":27,"enemies":"Slime Boss","floor":16,"turns":4}],"seed_played":"-6163600202179697509","potions_obtained":[{"floor":7,"key":"Explosive Potion"},{"floor":12,"key":"SteroidPotion"}],"is_trial":false,"path_per_floor":["M","?","$","?","M","R","E","M","T","M","R","M","R","M","R","B"],"character_chosen":"THE_SILENT","items_purchased":["Tactician"],"campfire_rested":1,"item_purchase_floors":[3],"current_hp_per_floor":[59,48,48,48,47,47,47,46,46,43,43,39,39,27,46,19],"gold":137,"neow_bonus":"THREE_ENEMY_KILL","is_prod":false,"is_daily":false,"chose_seed":false,"campfire_upgraded":3,"win_rate":0,"timestamp":1550464447,"path_taken":["M","?","?","?","M","R","E","M","T","M","R","?","R","M","R","BOSS"],"build_version":"2019-01-23","purchased_purges":1,"victory":false,"max_hp_per_floor":[66,66,66,66,66,66,66,66,66,66,66,66,66,66,66,66],"card_choices":[{"not_picked":["Flying Knee","Quick Slash"],"picked":"Deadly Poison","floor":1},{"not_picked":["Quick Slash","Outmaneuver","Blade Dance"],"picked":"SKIP","floor":5},{"not_picked":["Envenom","Backflip"],"picked":"Calculated Gamble","floor":7},{"not_picked":["Leg Sweep","Deadly Poison"],"picked":"Concentrate","floor":8},{"not_picked":["Slice","Cloak And Dagger","Underhanded Strike"],"picked":"SKIP","floor":10},{"not_picked":["PiercingWail","Deflect","Blade Dance"],"picked":"SKIP","floor":12},{"not_picked":["Sucker Punch","Flying Knee"],"picked":"Caltrops","floor":14}],"player_experience":2898982,"relics_obtained":[{"floor":7,"key":"Bottled Flame"}],"event_choices":[{"damage_healed":0,"gold_gain":75,"player_choice":"Gather Gold","damage_taken":11,"max_hp_gain":0,"max_hp_loss":0,"event_name":"World of Goop","floor":2,"gold_loss":0},{"damage_healed":0,"gold_gain":0,"player_choice":"Rummage","damage_taken":0,"relics_obtained":["WarpedTongs"],"max_hp_gain":0,"max_hp_loss":0,"event_name":"Accursed Blacksmith","floor":4,"gold_loss":0,"cards_obtained":["Pain"]}],"is_beta":false,"boss_relics":[],"items_purged_floors":[3],"is_endless":false,"potions_floor_spawned":[7,12],"killed_by":"Slime Boss","ascension_level":20}