{"gold_per_floor":[117,134,309,234,252,252,262,262,262,262,294,305,305,273,273,372,372,372,0,0,0,0,0,0,0,0,0,0,0,0,0,0,0,0,0,0,0,0,0,0,0,0,0,0,0,0,0,0,0,0],"floor_reached":51,"playtime":1427,"items_purged":["Doubt"],"score":861,"play_id":"0be623b8-698c-4d2a-92b4-cfe6dd716ed6","local_time":"20181007234201","is_ascension_mode":true,"campfire_choices":[{"data":"Zap","floor":6,"key":"SMITH"},{"data":"Dualcast","floor":8,"key":"SMITH"},{"data":"Loop","floor":10,"key":"SMITH"},{"floor":15,"key":"REST"},{"data":"Sunder","floor":23,"key":"SMITH"},{"data":"Electrodynamics","floor":25,"key":"SMITH"},{"floor":32,"key":"REST"},{"floor":40,"key":"REST"},{"data":"1","floor":42,"key":"LIFT"},{"data":"2","floor":45,"key":"LIFT"},{"data":"3","floor":49,"key":"LIFT"}],"neow_cost":"PERCENT_DAMAGE","seed_source_timestamp":466629541327480,"circlet_count":0,"master_deck":["Strike_B+1","Defend_B","Defend_B","Defend_B","Zap+1","Dualcast+1","Loop+1","Leap","Reinforced Body","Ball Lightning+1","Cold Snap","Sweeping Beam","Electrodynamics+1","Sunder+1","Coolheaded","Rip and Tear","Barrage+1","Gash","Beam Cell+1","Chaos+1","Go for the Eyes+1","Echo Form","Machine Learning+1","Streamline+1","Chaos+1","Capacitor","Undo+1"],"relics":["Cracked Core","Ginger","Shuriken","Symbiotic Virus","Ectoplasm","Omamori","Chemical X","Centennial Puzzle","Astrolabe","Red Mask","Girya","Vajra"],"potions_floor_usage":[7,21,30,33,33,37,50,50],"damage_taken":[{"damage":3,"enemies":"2 Louse","floor":1,"turns":2},{"damage":4,"enemies":"Small Slimes","floor":2,"turns":3},{"damage":0,"enemies":"Cultist","floor":5,"turns":3},{"damage":14,"enemies":"Gremlin Gang","floor":7,"turns":5},{"damage":14,"enemies":"Lagavulin","floor":11,"turns":6},{"damage":0,"enemies":"Looter","floor":12,"turns":2},{"damage":0,"enemies":"Slime Boss","floor":16,"turns":6},{"damage":0,"enemies":"Chosen","floor":18,"turns":3},{"damage":6,"enemies":"2 Thieves","floor":21,"turns":4},{"damage":10,"enemies":"Cultist and Chosen","floor":22,"turns":3},{"damage":0,"enemies":"Sentry and Sphere","floor":24,"turns":3},{"damage":0,"enemies":"Snake Plant","floor":27,"turns":3},{"damage":0,"enemies":"Snecko","floor":30,"turns":4},{"damage":10,"enemies":"Cultist and Chosen","floor":31,"turns":3},{"damage":29,"enemies":"Champ","floor":33,"turns":8},{"damage":22,"enemies":"3 Shapes","floor":35,"turns":3},{"damage":10,"enemies":"Mysterious Sphere","floor":37,"turns":3},{"damage":10,"enemies":"Orb Walker","floor":38,"turns":2},{"damage":22,"enemies":"Maw","floor":41,"turns":6},{"damage":23,"enemies":"Spire Growth","floor":46,"turns":4},{"damage":0,"enemies":"Sphere and 2 Shapes","floor":47,"turns":2},{"damage":42,"enemies":"Donu and Deca","floor":50,"turns":10}],"seed_played":"-1175077292448714363","potions_obtained":[{"floor":2,"key":"PowerPotion"},{"floor":7,"key":"Swift Potion"},{"floor":12,"key":"Swift Potion"},{"floor":21,"key":"Dexterity Potion"},{"floor":24,"key":"PowerPotion"},{"floor":30,"key":"FocusPotion"},{"floor":33,"key":"Weak Potion"},{"floor":37,"key":"EssenceOfSteel"}],"is_trial":false,"path_per_floor":["M","M","?","$","M","R","M","R","T","R","E","M","?","?","R","B",null,"M","$","?","M","M","R","M","R","T","M","?","$","M","M","R","B",null,"M","?","?","M","$","R","M","R","T","?","R","M","M","?","R","B"],"character_chosen":"DEFECT","items_purchased":["Omamori","Chemical X","Coolheaded"],"campfire_rested":3,"item_purchase_floors":[19,19,19],"current_hp_per_floor":[51,47,47,47,47,47,33,33,33,33,19,19,4,4,26,26,63,63,63,63,57,47,47,47,47,47,47,33,33,33,23,47,18,65,43,43,33,23,23,47,25,25,25,70,70,47,47,65,65,23],"gold":0,"neow_bonus":"ONE_RARE_RELIC","is_prod":false,"is_daily":false,"chose_seed":false,"campfire_upgraded":5,"win_rate":0,"timestamp":1538926921,"path_taken":["M","M","?","$","?","R","M","R","T","R","E","M","?","?","R","BOSS","M","$","?","M","M","R","M","R","T","M","?","?","?","?","R","BOSS","M","?","?","M","$","R","M","R","T","?","R","M","?","?","R","BOSS"],"build_version":"2018-10-04v2","purchased_purges":1,"victory":true,"max_hp_per_floor":[75,75,75,75,75,75,75,75,75,75,75,75,75,75,75,75,75,75,75,75,75,75,75,75,75,75,75,80,80,80,80,80,80,80,80,80,80,80,80,80,80,80,80,70,70,70,70,70,70,70],"card_choices":[{"not_picked":["Redo","Go for the Eyes"],"picked":"Loop","floor":1},{"not_picked":["Go for the Eyes","Doom and Gloom"],"picked":"Leap","floor":2},{"not_picked":["Heatsinks","Fusion"],"picked":"Reinforced Body","floor":5},{"not_picked":["White Noise","Recycle"],"picked":"Ball Lightning","floor":7},{"not_picked":["Darkness","Auto Shields"],"picked":"Cold Snap","floor":11},{"not_picked":["White Noise","Fusion"],"picked":"Sweeping Beam","floor":12},{"not_picked":["Hyperbeam","Fission"],"picked":"Electrodynamics","floor":16},{"not_picked":["Genetic Algorithm","Leap"],"picked":"Sunder","floor":18},{"not_picked":["Coolheaded+1","Steam"],"picked":"Barrage+1","floor":21},{"not_picked":["Ball Lightning","Hologram","Undo"],"picked":"SKIP","floor":22},{"not_picked":["Steam Power","Machine Learning"],"picked":"Gash","floor":24},{"not_picked":["Coolheaded","Gash"],"picked":"Beam Cell+1","floor":27},{"not_picked":["Cold Snap","Rip and Tear+1"],"picked":"Chaos+1","floor":30},{"not_picked":["All For One","Static Discharge"],"picked":"Go for the Eyes+1","floor":31},{"not_picked":["Rainbow","Core Surge"],"picked":"Echo Form","floor":33},{"not_picked":["Compile Driver+1","Coolheaded+1","Barrage+1"],"picked":"SKIP","floor":35},{"not_picked":["Rip and Tear","Cold Snap+1"],"picked":"Capacitor","floor":38},{"not_picked":["Steam","White Noise+1","Capacitor"],"picked":"SKIP","floor":41},{"not_picked":["Tempest+1","Self Repair+1"],"picked":"Undo+1","floor":46},{"not_picked":["Recycle+1","Go for the Eyes+1","Turbo"],"picked":"SKIP","floor":47}],"player_experience":224599,"relics_obtained":[{"floor":9,"key":"Shuriken"},{"floor":11,"key":"Symbiotic Virus"},{"floor":26,"key":"Centennial Puzzle"},{"floor":37,"key":"Girya"},{"floor":43,"key":"Vajra"}],"event_choices":[{"event_name":"Liars Game","player_choice":"agreed","floor":3,"damage_taken":0},{"event_name":"Shining Light","player_choice":"Entered Light","floor":13,"damage_taken":0},{"event_name":"World of Goop","player_choice":"Left","floor":14,"damage_taken":0},{"event_name":"Transmorgrifier","player_choice":"Transform","floor":20,"damage_taken":0},{"event_name":"Forgotten Altar","player_choice":"Shed Blood","floor":28,"damage_taken":0},{"event_name":"Tomb of Lord Red Mask","player_choice":"Paid","floor":36,"damage_taken":0},{"event_name":"Mysterious Sphere","player_choice":"Fight","floor":37,"damage_taken":0},{"event_name":"The Moai Head","player_choice":"Heal","floor":44,"damage_taken":0},{"event_name":"Winding Halls","player_choice":"Writhe","floor":48,"damage_taken":0}],"is_beta":false,"boss_relics":[{"not_picked":["Tiny House","White Beast Statue"],"picked":"Ectoplasm"},{"not_picked":["Eternal Feather","Pandora\u0027s Box"],"picked":"Astrolabe"}],"items_purged_floors":[4],"is_endless":false,"potions_floor_spawned":[2,7,12,21,24,30,31,33,37],"ascension_level":5}