{"gold_per_floor":[110,68,85,85,104,104,115,115,142,173,185,197,224,161,161,161],"floor_reached":16,"playtime":317,"items_purged":["Strike_G"],"score":184,"play_id":"6e82d508-d997-443c-8ffb-6f5ebcdbc833","local_time":"20190119171545","is_ascension_mode":true,"campfire_choices":[{"data":"Noxious Fumes","floor":6.0,"key":"SMITH"},{"data":"Neutralize","floor":8.0,"key":"SMITH"},{"data":"Footwork","floor":15,"key":"SMITH"}],"neow_cost":"NONE","seed_source_timestamp":17589035994779,"circlet_count":0,"master_deck":["AscendersBane","Defend_G","Defend_G","Defend_G+1","Defend_G","Defend_G","Strike_G","Strike_G","Strike_G","Strike_G","Survivor+1","Neutralize+1","Escape Plan","Footwork+1","Noxious Fumes+1","Acrobatics","Blur"],"special_seed":0,"relics":["Ring of the Snake","War Paint","MawBank"],"potions_floor_usage":[16],"damage_taken":[{"damage":1.0,"enemies":"2 Louse","floor":1.0,"turns":3.0},{"damage":0.0,"enemies":"Cultist","floor":3.0,"turns":4.0},{"damage":2.0,"enemies":"Jaw Worm","floor":5.0,"turns":4.0},{"damage":2.0,"enemies":"2 Fungi Beasts","floor":7.0,"turns":4.0},{"damage":1.0,"enemies":"Looter","floor":10.0,"turns":4.0},{"damage":12,"enemies":"3 Louse","floor":13,"turns":4},{"damage":24,"enemies":"Slime Boss","floor":16,"turns":10}],"seed_played":"2542855857334972414","potions_obtained":[{"floor":4.0,"key":"FairyPotion"},{"floor":4.0,"key":"Explosive Potion"},{"floor":5.0,"key":"SpeedPotion"},{"floor":13,"key":"Strength Potion"}],"is_trial":false,"path_per_floor":["M","$","M","?","M","R","M","R","T","M","?","?","M","$","R","B"],"character_chosen":"THE_SILENT","items_purchased":["Footwork"],"campfire_rested":0,"item_purchase_floors":[2],"current_hp_per_floor":[58,58,58,58,56,56,54,54,54,53,53,53,41,41,41,17],"gold":161,"neow_bonus":"RANDOM_COMMON_RELIC","is_prod":false,"is_daily":false,"chose_seed":false,"campfire_upgraded":3,"win_rate":0,"timestamp":1547889345,"path_taken":["M","$","M","?","?","R","M","R","T","M","?","?","M","$","R","BOSS"],"build_version":"2019-01-17v2","purchased_purges":1,"victory":false,"max_hp_per_floor":[66,66,66,66,66,66,66,66,66,66,66,66,66,66,66,66],"card_choices":[{"not_picked":["Dagger Throw","Poisoned Stab"],"picked":"Escape Plan","floor":1.0},{"not_picked":["Prepared","PiercingWail","Bane"],"picked":"SKIP","floor":3.0},{"not_picked":["Deadly Poison","Blur"],"picked":"Noxious Fumes","floor":5.0},{"not_picked":["Dagger Throw","Predator"],"picked":"Acrobatics","floor":7.0},{"not_picked":["Endless Agony","Sucker Punch","Blade Dance"],"picked":"SKIP","floor":10.0},{"not_picked":["Slice","Cloak And Dagger"],"picked":"Blur","floor":13}],"player_experience":2037075,"relics_obtained":[{"floor":9.0,"key":"MawBank"}],"event_choices":[{"damage_healed":0.0,"max_hp_gain":0.0,"max_hp_loss":0.0,"gold_gain":0.0,"event_name":"Lab","player_choice":"Got Potions","floor":4.0,"gold_loss":0.0,"damage_taken":0.0},{"damage_healed":0.0,"max_hp_gain":0.0,"max_hp_loss":0.0,"gold_gain":0.0,"event_name":"Liars Game","player_choice":"Ignored","floor":11.0,"gold_loss":0.0,"damage_taken":0.0},{"damage_healed":0,"gold_gain":0,"player_choice":"Searched \u00270\u0027 times","damage_taken":0,"max_hp_gain":0,"max_hp_loss":0,"event_name":"Dead Adventurer","floor":12,"gold_loss":0}],"is_beta":false,"boss_relics":[],"items_purged_floors":[14],"is_endless":false,"potions_floor_spawned":[5,7,13],"killed_by":"Slime Boss","ascension_level":20}