{"gold_per_floor":[114,39,59,71,71,71,102,102,102,102,136,147,176,197,197,271,271,284,310,326,58,58,58,72,91,91,105,136,136,136,155,155,226,226,244,38,138,138,138,138,173,199,253,475,475,325,325,337,337,337,337,337,337,5,38,38],"floor_reached":57,"playtime":2289,"items_purged":["Strike_B","Strike_B","Defend_B","Defend_B"],"score":3013,"play_id":"90b4a71d-a005-483a-946b-c27dd1cda4ad","local_time":"20190510030628","is_ascension_mode":true,"campfire_choices":[{"data":"Defragment","floor":6.0,"key":"SMITH"},{"data":"Fission","floor":8.0,"key":"SMITH"},{"data":"Dualcast","floor":10.0,"key":"SMITH"},{"data":"Hologram","floor":15.0,"key":"SMITH"},{"data":"Writhe","floor":23.0,"key":"PURGE"},{"data":"Strike_B","floor":29.0,"key":"PURGE"},{"data":"Defend_B","floor":32.0,"key":"PURGE"},{"data":"Coolheaded","floor":40.0,"key":"SMITH"},{"data":"Regret","floor":45.0,"key":"PURGE"},{"data":"Capacitor","floor":47.0,"key":"SMITH"},{"floor":49.0,"key":"RECALL"},{"data":"Biased Cognition","floor":53,"key":"SMITH"}],"neow_cost":"TEN_PERCENT_HP_LOSS","seed_source_timestamp":23868424858579,"circlet_count":0,"master_deck":["AscendersBane","Zap","Dualcast+1","Defragment+1","Fission+1","Ball Lightning","Core Surge+1","Doom and Gloom+1","Hologram+1","Chill","Capacitor+1","Coolheaded+1","White Noise","Biased Cognition+1","Heatsinks","Echo Form","Coolheaded+1","Blizzard+1"],"special_seed":0,"relics":["Cracked Core","Happy Flower","Singing Bowl","Cables","Bag of Preparation","Odd Mushroom","Calling Bell","Bronze Scales","Dodecahedron","Peace Pipe","Red Mask","Anchor","Mummified Hand","Letter Opener","Whetstone","Cursed Key","WingedGreaves","Molten Egg 2","Toxic Egg 2","DataDisk","Kunai"],"potions_floor_usage":[56,56],"damage_taken":[{"damage":2.0,"enemies":"Cultist","floor":1.0,"turns":4.0},{"damage":4.0,"enemies":"Small Slimes","floor":3.0,"turns":3.0},{"damage":0.0,"enemies":"2 Louse","floor":4.0,"turns":2.0},{"damage":8.0,"enemies":"Lagavulin","floor":7.0,"turns":6.0},{"damage":20.0,"enemies":"3 Sentries","floor":11.0,"turns":6.0},{"damage":6.0,"enemies":"Looter","floor":12.0,"turns":2.0},{"damage":11.0,"enemies":"Gremlin Nob","floor":13.0,"turns":3.0},{"damage":1.0,"enemies":"The Mushroom Lair","floor":14.0,"turns":2.0},{"damage":0.0,"enemies":"Hexaghost","floor":16.0,"turns":6.0},{"damage":3.0,"enemies":"Chosen","floor":18.0,"turns":3.0},{"damage":0.0,"enemies":"Masked Bandits","floor":19.0,"turns":2.0},{"damage":0.0,"enemies":"3 Byrds","floor":20.0,"turns":2.0},{"damage":2.0,"enemies":"Snake Plant","floor":24.0,"turns":3.0},{"damage":0.0,"enemies":"Shelled Parasite and Fungi","floor":25.0,"turns":4.0},{"damage":0.0,"enemies":"Snecko","floor":27.0,"turns":3.0},{"damage":0.0,"enemies":"Gremlin Leader","floor":28.0,"turns":4.0},{"damage":1.0,"enemies":"Centurion and Healer","floor":31.0,"turns":3.0},{"damage":26.0,"enemies":"Collector","floor":33.0,"turns":7.0},{"damage":0.0,"enemies":"3 Shapes","floor":35.0,"turns":1.0},{"damage":0.0,"enemies":"Mind Bloom Boss Battle","floor":37.0,"turns":5.0},{"damage":0.0,"enemies":"Reptomancer","floor":41.0,"turns":4.0},{"damage":0.0,"enemies":"Giant Head","floor":42.0,"turns":6.0},{"damage":0.0,"enemies":"3 Darklings","floor":48.0,"turns":1.0},{"damage":0.0,"enemies":"Awakened One","floor":50.0,"turns":10.0},{"damage":49,"enemies":"Time Eater","floor":51,"turns":8},{"damage":25,"enemies":"Shield and Spear","floor":55,"turns":6},{"damage":52,"enemies":"The Heart","floor":56,"turns":8}],"seed_played":"1745755027036553155","potions_obtained":[{"floor":4.0,"key":"Block Potion"},{"floor":13.0,"key":"EssenceOfSteel"},{"floor":14.0,"key":"PowerPotion"},{"floor":20.0,"key":"Energy Potion"},{"floor":24.0,"key":"FearPotion"},{"floor":27.0,"key":"AttackPotion"},{"floor":31.0,"key":"SpeedPotion"},{"floor":41.0,"key":"Ancient Potion"}],"is_trial":false,"path_per_floor":["M","$","M","M","?","R","E","R","T","R","E","M","E","?","R","B",null,"M","?","M","$","?","R","M","M","T","M","E","R","?","M","R","B",null,"M","$","?","$","?","R","E","E","T","?","R","$","R","M","R","B","B",null,"R","$","E","B",null],"character_chosen":"DEFECT","items_purchased":["Anchor","Heatsinks","DataDisk","Coolheaded+1","Blizzard+1","PowerPotion"],"campfire_rested":0,"item_purchase_floors":[21,36,54,54,54,54],"current_hp_per_floor":[62,62,58,58,63,63,55,55,55,55,37,31,20,19,19,21,60,57,59,59,59,59,59,59,59,59,61,63,63,40,41,41,15,70,72,72,74,74,74,74,76,76,76,76,76,76,76,78,78,78,29,76,76,76,53,1],"gold":38,"neow_bonus":"TRANSFORM_TWO_CARDS","is_prod":false,"is_daily":false,"chose_seed":false,"campfire_upgraded":7,"win_rate":0,"timestamp":1557428788,"path_taken":["M","$","?","?","?","R","E","R","T","R","E","M","E","?","R","BOSS","M","?","M","$","?","R","M","?","T","?","E","R","?","M","R","BOSS","M","$","?","?","?","R","E","E","T","?","R","$","R","M","R","BOSS","BOSS","R","$","E","BOSS"],"build_version":"2019-01-23","purchased_purges":4,"victory":true,"max_hp_per_floor":[64,64,64,64,69,69,69,69,69,69,71,71,71,71,71,73,73,73,75,75,75,75,75,77,77,77,79,81,81,86,88,88,88,88,90,90,92,92,87,87,89,89,89,89,89,89,89,91,91,91,91,91,91,91,93,93],"card_choices":[{"not_picked":["Gash","Steam","Redo"],"picked":"SKIP","floor":1.0},{"not_picked":["Recycle","Chaos"],"picked":"Ball Lightning","floor":3.0},{"not_picked":["Storm","BootSequence","Streamline"],"picked":"SKIP","floor":4.0},{"not_picked":["Stack","Static Discharge"],"picked":"Core Surge","floor":7.0},{"not_picked":["Barrage","Hyperbeam","Sunder"],"picked":"Singing Bowl","floor":11.0},{"not_picked":["Lockon","Beam Cell"],"picked":"Doom and Gloom","floor":12.0},{"not_picked":["Stack","Auto Shields"],"picked":"Hologram","floor":13.0},{"not_picked":["Steam","Turbo"],"picked":"Chill","floor":14.0},{"not_picked":["Thunder Strike","Meteor Strike","Core Surge"],"picked":"Singing Bowl","floor":16.0},{"not_picked":["Self Repair","Reprogram+1"],"picked":"Capacitor","floor":18.0},{"not_picked":["Redo","Double Energy","Sweeping Beam"],"picked":"Singing Bowl","floor":19.0},{"not_picked":["Barrage","Meteor Strike"],"picked":"Coolheaded","floor":20.0},{"not_picked":["Streamline+1","Sweeping Beam","Compile Driver"],"picked":"Singing Bowl","floor":24.0},{"not_picked":["Leap","Steam+1"],"picked":"White Noise","floor":25.0},{"not_picked":["Go for the Eyes","Static Discharge","Rebound"],"picked":"Singing Bowl","floor":27.0},{"not_picked":["Sunder","Compile Driver","Leap"],"picked":"Singing Bowl","floor":28.0},{"not_picked":["Leap","Go for the Eyes","Hello World"],"picked":"Singing Bowl","floor":31.0},{"not_picked":["Fission","Meteor Strike"],"picked":"Biased Cognition","floor":33.0},{"not_picked":["Hologram","Leap","Stack"],"picked":"Singing Bowl","floor":35.0},{"not_picked":["Ball Lightning","Conserve Battery","Compile Driver+1"],"picked":"Singing Bowl","floor":37.0},{"not_picked":["Streamline","Auto Shields","Static Discharge"],"picked":"Singing Bowl","floor":41.0},{"not_picked":["Auto Shields","Chaos"],"picked":"Echo Form","floor":42.0},{"not_picked":["Compile Driver+1","Rebound+1","Gash+1"],"picked":"Singing Bowl","floor":48.0},{"not_picked":["Blizzard+1","Ball Lightning+1","Cold Snap+1"],"picked":"Singing Bowl","floor":55}],"player_experience":4673048,"relics_obtained":[{"floor":7.0,"key":"Happy Flower"},{"floor":9.0,"key":"Singing Bowl"},{"floor":11.0,"key":"Cables"},{"floor":13.0,"key":"Bag of Preparation"},{"floor":14.0,"key":"Odd Mushroom"},{"floor":17.0,"key":"Bronze Scales"},{"floor":17.0,"key":"Dodecahedron"},{"floor":17.0,"key":"Peace Pipe"},{"floor":19.0,"key":"Red Mask"},{"floor":26.0,"key":"Letter Opener"},{"floor":28.0,"key":"Whetstone"},{"floor":37.0,"key":"WingedGreaves"},{"floor":41.0,"key":"Molten Egg 2"},{"floor":42.0,"key":"Toxic Egg 2"},{"floor":55,"key":"Kunai"}],"event_choices":[{"damage_healed":0.0,"max_hp_gain":5.0,"max_hp_loss":0.0,"gold_gain":0.0,"event_name":"Big Fish","player_choice":"Donut","floor":5.0,"gold_loss":0.0,"damage_taken":0.0},{"damage_healed":0.0,"max_hp_gain":0.0,"max_hp_loss":0.0,"gold_gain":0.0,"event_name":"Mushrooms","player_choice":"Fought Mushrooms","floor":14.0,"gold_loss":0.0,"damage_taken":0.0},{"damage_healed":0.0,"max_hp_gain":0.0,"max_hp_loss":0.0,"gold_gain":0.0,"event_name":"Masked Bandits","player_choice":"Fought Bandits","floor":19.0,"gold_loss":0.0,"damage_taken":0.0},{"damage_healed":0.0,"max_hp_gain":0.0,"max_hp_loss":0.0,"gold_gain":0.0,"event_name":"The Mausoleum","player_choice":"Opened","floor":22.0,"gold_loss":0.0,"damage_taken":0.0,"relics_obtained":["Mummified Hand"],"cards_obtained":["Writhe"]},{"damage_healed":0.0,"max_hp_gain":5.0,"max_hp_loss":0.0,"gold_gain":0.0,"event_name":"Forgotten Altar","player_choice":"Shed Blood","floor":30.0,"gold_loss":0.0,"damage_taken":28.0},{"damage_healed":0.0,"max_hp_gain":0.0,"max_hp_loss":0.0,"gold_gain":0.0,"event_name":"MindBloom","player_choice":"Fight","floor":37.0,"gold_loss":0.0,"damage_taken":0.0},{"damage_healed":0.0,"max_hp_gain":0.0,"max_hp_loss":5.0,"gold_gain":0.0,"event_name":"Winding Halls","player_choice":"Max HP","floor":39.0,"gold_loss":0.0,"damage_taken":0.0},{"damage_healed":0.0,"max_hp_gain":0.0,"max_hp_loss":0.0,"gold_gain":222.0,"event_name":"Tomb of Lord Red Mask","player_choice":"Wore Mask","floor":44.0,"gold_loss":0.0,"damage_taken":0.0}],"is_beta":false,"boss_relics":[{"not_picked":["Ectoplasm","White Beast Statue"],"picked":"Calling Bell"},{"not_picked":["Eternal Feather","Inserter"],"picked":"Cursed Key"}],"items_purged_floors":[2,21,36,46],"is_endless":false,"potions_floor_spawned":[4,13,14,20,24,27,31,41,42],"ascension_level":20}