{"gold_per_floor":[110,110,125,142,157,157,184,184,184,459,475,143,178,188,188,262,262,282,306,306,221,240,240,250,250,250,267,267,285,320,331,331,410,410,422,372,418,431,431,431,431,449,449,449,474,474,503,518,518,518,518,518,518,168,195,195],"floor_reached":57,"playtime":2402,"items_purged":["Regret","Phantasmal Killer","Finisher+1"],"score":2784,"play_id":"02a19118-3e75-4228-97c9-c26096df9901","local_time":"20190226172915","is_ascension_mode":true,"campfire_choices":[{"data":"Neutralize","floor":6.0,"key":"SMITH"},{"data":"Footwork","floor":8.0,"key":"SMITH"},{"data":"Terror","floor":15.0,"key":"SMITH"},{"data":"Corpse Explosion","floor":23.0,"key":"SMITH"},{"data":"Malaise","floor":25.0,"key":"SMITH"},{"data":"Caltrops","floor":28.0,"key":"SMITH"},{"data":"Tactician","floor":32.0,"key":"SMITH"},{"data":"Night Terror","floor":40.0,"key":"SMITH"},{"floor":44.0,"key":"RECALL"},{"data":"Expertise","floor":49.0,"key":"SMITH"},{"data":"Prepared","floor":53.0,"key":"SMITH"}],"neow_cost":"TEN_PERCENT_HP_LOSS","seed_source_timestamp":28990242231506,"circlet_count":0,"master_deck":["AscendersBane","Survivor+1","Neutralize+1","Dagger Throw+1","Leg Sweep","Footwork+1","Terror+1","Infinite Blades","Corpse Explosion+1","Dodge and Roll+1","Malaise+1","Caltrops+1","Tactician+1","Escape Plan","Adrenaline","Night Terror+1","PiercingWail","Backflip","Backstab+1","Expertise+1","Prepared+1","Caltrops","Deadly Poison","Grand Finale+1"],"special_seed":0,"relics":["Ring of the Snake","Torii","Molten Egg 2","Matryoshka","PreservedInsect","War Paint","Runic Pyramid","Anchor","Happy Flower","Smiling Mask","Bronze Scales","Pen Nib","Mercury Hourglass","Pandora\u0027s Box","Gremlin Horn","Boot","Pear","Whetstone","OrangePellets","Du-Vu Doll"],"potions_floor_usage":[56],"damage_taken":[{"damage":8.0,"enemies":"Cultist","floor":1.0,"turns":5.0},{"damage":0.0,"enemies":"2 Louse","floor":3.0,"turns":4.0},{"damage":1.0,"enemies":"Jaw Worm","floor":4.0,"turns":7.0},{"damage":0.0,"enemies":"2 Fungi Beasts","floor":5.0,"turns":4.0},{"damage":17.0,"enemies":"Gremlin Nob","floor":7.0,"turns":4.0},{"damage":16.0,"enemies":"Large Slime","floor":11.0,"turns":7.0},{"damage":3.0,"enemies":"3 Sentries","floor":13.0,"turns":9.0},{"damage":8.0,"enemies":"Looter","floor":14.0,"turns":4.0},{"damage":1.0,"enemies":"Hexaghost","floor":16.0,"turns":9.0},{"damage":1.0,"enemies":"Spheric Guardian","floor":18.0,"turns":7.0},{"damage":0.0,"enemies":"3 Byrds","floor":22.0,"turns":2.0},{"damage":0.0,"enemies":"Centurion and Healer","floor":24.0,"turns":5.0},{"damage":0.0,"enemies":"Snake Plant","floor":27.0,"turns":6.0},{"damage":0.0,"enemies":"Chosen and Byrds","floor":29.0,"turns":7.0},{"damage":0.0,"enemies":"Gremlin Leader","floor":30.0,"turns":5.0},{"damage":0.0,"enemies":"Snecko","floor":31.0,"turns":6.0},{"damage":36.0,"enemies":"Collector","floor":33.0,"turns":11.0},{"damage":0.0,"enemies":"Orb Walker","floor":35.0,"turns":3.0},{"damage":1.0,"enemies":"2 Orb Walkers","floor":37.0,"turns":4.0},{"damage":1.0,"enemies":"3 Darklings","floor":38.0,"turns":3.0},{"damage":0.0,"enemies":"Spire Growth","floor":42.0,"turns":4.0},{"damage":23.0,"enemies":"Nemesis","floor":45.0,"turns":5.0},{"damage":0.0,"enemies":"Reptomancer","floor":47.0,"turns":3.0},{"damage":0.0,"enemies":"4 Shapes","floor":48.0,"turns":4.0},{"damage":19.0,"enemies":"Time Eater","floor":50.0,"turns":11.0},{"damage":8.0,"enemies":"Donu and Deca","floor":51.0,"turns":3.0},{"damage":1,"enemies":"Shield and Spear","floor":55,"turns":3},{"damage":28,"enemies":"The Heart","floor":56,"turns":8}],"seed_played":"-640963690516579257","potions_obtained":[{"floor":1.0,"key":"FearPotion"},{"floor":7.0,"key":"Energy Potion"},{"floor":11.0,"key":"GhostInAJar"},{"floor":14.0,"key":"PowerPotion"},{"floor":18.0,"key":"Dexterity Potion"},{"floor":47.0,"key":"SneckoOil"},{"floor":55,"key":"GhostInAJar"}],"is_trial":false,"path_per_floor":["M","?","M","M","M","R","E","R","T","?","M","$","E","M","R","B",null,"M","T","T","?","M","R","M","R","T","M","R","M","E","M","R","B",null,"M","$","?","M","?","R","?","M","T","R","E","T","E","M","R","B","B",null,"R","$","E","B",null],"character_chosen":"THE_SILENT","items_purchased":["PreservedInsect","Infinite Blades","OrangePellets","GhostInAJar"],"campfire_rested":0,"item_purchase_floors":[12,12,54,54],"current_hp_per_floor":[51,51,51,50,50,50,33,33,33,33,17,17,14,6,6,5,46,45,45,45,45,45,45,45,45,45,45,45,45,45,45,45,9,47,47,47,46,45,45,45,45,45,45,45,22,32,32,32,32,13,5,54,54,54,53,25],"gold":195,"neow_bonus":"ONE_RARE_RELIC","is_prod":false,"is_daily":false,"chose_seed":false,"campfire_upgraded":10,"win_rate":0,"timestamp":1551173355,"path_taken":["M","?","M","M","M","R","E","R","T","?","M","$","E","M","R","BOSS","M","?","?","?","M","R","M","R","T","M","R","M","E","M","R","BOSS","M","$","?","M","?","R","?","M","T","R","E","?","E","M","R","BOSS","BOSS","R","$","E","BOSS"],"build_version":"2019-01-23","purchased_purges":3,"victory":true,"max_hp_per_floor":[60,60,60,60,60,60,60,60,60,60,60,60,60,60,60,60,60,60,60,60,60,60,60,60,60,60,60,60,60,60,60,60,60,60,60,60,60,60,60,60,60,60,60,60,60,70,70,70,70,70,70,70,70,70,70,70],"card_choices":[{"not_picked":["Cloak And Dagger","Underhanded Strike"],"picked":"Dagger Throw","floor":1.0},{"not_picked":["Cloak And Dagger","Dagger Spray"],"picked":"Leg Sweep","floor":3.0},{"not_picked":["Crippling Poison","Leg Sweep"],"picked":"Infinite Blades","floor":4.0},{"not_picked":["Deflect","PiercingWail","Slice"],"picked":"SKIP","floor":5.0},{"not_picked":["Eviscerate","Expertise"],"picked":"Footwork","floor":7.0},{"not_picked":["Dodge and Roll","Calculated Gamble"],"picked":"Terror","floor":11.0},{"not_picked":["Bullet Time","Prepared","Quick Slash+1"],"picked":"SKIP","floor":13.0},{"not_picked":["Distraction","Flechettes+1","PiercingWail"],"picked":"SKIP","floor":14.0},{"not_picked":["Bullet Time","Doppelganger"],"picked":"Corpse Explosion","floor":16.0},{"not_picked":["Cloak And Dagger","Underhanded Strike+1"],"picked":"Dodge and Roll+1","floor":18.0},{"not_picked":["Dagger Spray+1","Deflect","Quick Slash+1"],"picked":"SKIP","floor":22.0},{"not_picked":["Cloak And Dagger","Predator+1"],"picked":"Malaise","floor":24.0},{"not_picked":["Flechettes+1","Dodge and Roll+1"],"picked":"Caltrops","floor":27.0},{"not_picked":["Sucker Punch+1","Blade Dance"],"picked":"Tactician","floor":29.0},{"not_picked":["Riddle With Holes+1","Deflect"],"picked":"Escape Plan","floor":30.0},{"not_picked":["Catalyst","Concentrate"],"picked":"Adrenaline","floor":31.0},{"not_picked":["Storm of Steel","Die Die Die+1"],"picked":"Night Terror","floor":33.0},{"not_picked":["Poisoned Stab+1","Dodge and Roll+1","Deadly Poison+1"],"picked":"SKIP","floor":35.0},{"not_picked":["Unload+1","Endless Agony+1","Underhanded Strike+1"],"picked":"SKIP","floor":38.0},{"not_picked":["All Out Attack+1","Eviscerate+1","Skewer+1"],"picked":"SKIP","floor":42.0},{"not_picked":["Blur+1","Dagger Throw+1","Deflect"],"picked":"SKIP","floor":45.0},{"not_picked":["Dagger Throw+1","Underhanded Strike+1","Sucker Punch+1"],"picked":"SKIP","floor":47.0},{"not_picked":["Crippling Poison","Dagger Spray+1","Dagger Throw+1"],"picked":"SKIP","floor":48.0},{"not_picked":["Terror","Bane+1","Poisoned Stab+1"],"picked":"SKIP","floor":55}],"player_experience":3168800,"relics_obtained":[{"floor":7.0,"key":"Molten Egg 2"},{"floor":9.0,"key":"Matryoshka"},{"floor":13.0,"key":"War Paint"},{"floor":19.0,"key":"Anchor"},{"floor":19.0,"key":"Happy Flower"},{"floor":20.0,"key":"Smiling Mask"},{"floor":26.0,"key":"Pen Nib"},{"floor":30.0,"key":"Mercury Hourglass"},{"floor":43.0,"key":"Gremlin Horn"},{"floor":45.0,"key":"Boot"},{"floor":46.0,"key":"Pear"},{"floor":47.0,"key":"Whetstone"},{"floor":55,"key":"Du-Vu Doll"}],"event_choices":[{"damage_healed":0.0,"max_hp_gain":0.0,"max_hp_loss":0.0,"gold_gain":0.0,"event_name":"Liars Game","player_choice":"Ignored","floor":2.0,"gold_loss":0.0,"damage_taken":0.0},{"damage_healed":0.0,"max_hp_gain":0.0,"max_hp_loss":0.0,"gold_gain":275.0,"event_name":"Golden Shrine","player_choice":"Desecrate","floor":10.0,"gold_loss":0.0,"damage_taken":0.0,"cards_obtained":["Regret"]},{"damage_healed":0.0,"max_hp_gain":0.0,"max_hp_loss":0.0,"gold_gain":0.0,"event_name":"Addict","player_choice":"Obtained Relic","floor":21.0,"gold_loss":85.0,"damage_taken":0.0,"relics_obtained":["Bronze Scales"]},{"damage_healed":0.0,"max_hp_gain":0.0,"max_hp_loss":0.0,"gold_gain":0.0,"event_name":"Mysterious Sphere","player_choice":"Fight","floor":37.0,"gold_loss":0.0,"damage_taken":0.0},{"damage_healed":0.0,"max_hp_gain":0.0,"max_hp_loss":0.0,"gold_gain":0.0,"event_name":"Tomb of Lord Red Mask","player_choice":"Ignored","floor":39.0,"gold_loss":0.0,"damage_taken":0.0},{"cards_removed":["Infinite Blades"],"damage_healed":0.0,"max_hp_gain":0.0,"max_hp_loss":0.0,"gold_gain":0.0,"event_name":"Falling","player_choice":"Removed Power","floor":41.0,"gold_loss":0.0,"damage_taken":0.0}],"is_beta":false,"boss_relics":[{"not_picked":["Black Star","Astrolabe"],"picked":"Runic Pyramid"},{"not_picked":["Velvet Choker","Philosopher\u0027s Stone"],"picked":"Pandora\u0027s Box"}],"items_purged_floors":[12,36,54],"is_endless":false,"potions_floor_spawned":[1,7,11,14,18,29,31,35,47,55],"ascension_level":20}