{"gold_per_floor":[109,34,209,42,42,82,82,82,82,82,82,82,121,136,136,265,265,289,289,289,305,101,101,139,160,160,160,204,125,141,166,166,287,287,305,305,305,80,80,94,110,110,136,16,34,54,79,97,97,97],"floor_reached":51,"playtime":2049,"items_purged":["Strike_B","Doubt","Strike_B","Strike_B"],"score":768,"play_id":"2a70273c-214f-4720-aa77-ccd14317d1d0","local_time":"20190707212657","is_ascension_mode":false,"campfire_choices":[{"data":"Darkness","floor":10.0,"key":"SMITH"},{"data":"Zap","floor":12.0,"key":"SMITH"},{"floor":15.0,"key":"REST"},{"data":"Rainbow","floor":23.0,"key":"SMITH"},{"data":"Dualcast","floor":27.0,"key":"SMITH"},{"floor":32.0,"key":"REST"},{"floor":49,"key":"REST"}],"neow_cost":"NONE","seed_source_timestamp":0,"circlet_count":0,"master_deck":["Strike_B+1","Defend_B+1","Defend_B","Defend_B+1","Defend_B+1","Zap+1","Dualcast+1","Darkness+1","Ball Lightning","Conserve Battery","Ball Lightning+1","Sunder+1","Capacitor","Rainbow+1","Leap+1","Rip and Tear+1","Cold Snap+1","Beam Cell+1","Ball Lightning+1","Rip and Tear+1","Rip and Tear+1","Meteor Strike+1","Go for the Eyes+1","Reboot","Core Surge+1","Defragment","Hello World+1","Cold Snap+1","Normality","Decay","Compile Driver+1","Finesse","Sunder+1","Ball Lightning+1","Coolheaded+1","Cold Snap+1"],"special_seed":0,"relics":["Cracked Core","Oddly Smooth Stone","Golden Idol","Molten Egg 2","Bag of Preparation","Gambling Chip","Sozu","Nloth\u0027s Gift","Mercury Hourglass","Gremlin Horn","Orichalcum","Cursed Key","Dodecahedron","War Paint"],"potions_floor_usage":[],"damage_taken":[{"damage":0.0,"enemies":"2 Louse","floor":1.0,"turns":3.0},{"damage":31.0,"enemies":"Gremlin Nob","floor":6.0,"turns":4.0},{"damage":15.0,"enemies":"Lagavulin","floor":13.0,"turns":4.0},{"damage":0.0,"enemies":"Jaw Worm","floor":14.0,"turns":2.0},{"damage":4.0,"enemies":"Hexaghost","floor":16.0,"turns":6.0},{"damage":2.0,"enemies":"Shell Parasite","floor":18.0,"turns":4.0},{"damage":1.0,"enemies":"Chosen","floor":21.0,"turns":3.0},{"damage":0.0,"enemies":"Gremlin Leader","floor":24.0,"turns":3.0},{"damage":0.0,"enemies":"Shelled Parasite and Fungi","floor":25.0,"turns":5.0},{"damage":10.0,"enemies":"Book of Stabbing","floor":28.0,"turns":5.0},{"damage":15.0,"enemies":"Snake Plant","floor":30.0,"turns":2.0},{"damage":0.0,"enemies":"Sentry and Sphere","floor":31.0,"turns":3.0},{"damage":36.0,"enemies":"Champ","floor":33.0,"turns":9.0},{"damage":0.0,"enemies":"Orb Walker","floor":35.0,"turns":2.0},{"damage":0.0,"enemies":"3 Shapes","floor":40.0,"turns":3.0},{"damage":0.0,"enemies":"Spire Growth","floor":41.0,"turns":2.0},{"damage":7.0,"enemies":"4 Shapes","floor":45.0,"turns":4.0},{"damage":0,"enemies":"Transient","floor":46,"turns":5},{"damage":18,"enemies":"Sphere and 2 Shapes","floor":47,"turns":2},{"damage":4,"enemies":"4 Shapes","floor":48,"turns":3},{"damage":61,"enemies":"Awakened One","floor":50,"turns":14}],"seed_played":"6560569418861998872","potions_obtained":[{"floor":1.0,"key":"Poison Potion"},{"floor":14.0,"key":"EntropicBrew"}],"is_trial":false,"path_per_floor":["M","$","?","$","?","E","?","?","T","R","T","R","E","M","R","B",null,"M","?","?","M","$","R","E","M","T","R","E","$","M","M","R","B",null,"M","?","?","$","?","M","M","T","T","$","M","M","M","M","R","B",null],"character_chosen":"DEFECT","items_purchased":["Ball Lightning","Conserve Battery","Cold Snap+1","Beam Cell+1","Rip and Tear+1","Defragment","Compile Driver+1","Finesse"],"campfire_rested":3,"item_purchase_floors":[4,4,22,22,29,38,44,44],"current_hp_per_floor":[75,75,75,75,69,38,43,28,28,28,28,28,13,13,35,31,74,72,72,72,71,71,71,71,71,71,71,61,61,46,46,68,32,74,74,70,70,70,70,70,70,70,70,70,63,63,45,41,62,1],"gold":97,"neow_bonus":"RANDOM_COMMON_RELIC","is_prod":false,"is_daily":false,"chose_seed":false,"campfire_upgraded":4,"win_rate":0,"timestamp":1562556417,"path_taken":["M","$","?","$","?","E","?","?","T","R","?","R","E","M","R","BOSS","M","?","?","?","?","R","E","M","T","R","E","$","M","M","R","BOSS","M","?","?","$","?","M","M","?","T","$","M","M","M","?","R","BOSS"],"build_version":"2019-07-05","purchased_purges":4,"victory":true,"max_hp_per_floor":[75,75,75,75,69,69,74,74,74,74,74,74,74,74,74,74,74,74,74,74,74,74,74,74,74,74,74,74,74,74,74,74,74,74,74,70,70,70,70,70,70,70,70,70,70,70,70,70,70,70],"card_choices":[{"not_picked":["Go for the Eyes","Fusion"],"picked":"Darkness","floor":1.0},{"not_picked":["Streamline","Redo"],"picked":"Ball Lightning","floor":6.0},{"not_picked":["Barrage+1","Turbo"],"picked":"Sunder+1","floor":13.0},{"not_picked":["Double Energy","Skim"],"picked":"Capacitor","floor":14.0},{"not_picked":["Biased Cognition","Fission"],"picked":"Rainbow","floor":16.0},{"not_picked":["Compile Driver+1","Streamline+1"],"picked":"Leap+1","floor":18.0},{"not_picked":["Steam Power+1","Heatsinks","Blizzard+1"],"picked":"SKIP","floor":21.0},{"not_picked":["Chill+1","Aggregate","Skim"],"picked":"SKIP","floor":24.0},{"not_picked":["Creative AI","Turbo"],"picked":"Ball Lightning+1","floor":25.0},{"not_picked":["Seek","Amplify"],"picked":"Rip and Tear+1","floor":28.0},{"not_picked":["Coolheaded","Compile Driver+1"],"picked":"Meteor Strike+1","floor":30.0},{"not_picked":["Amplify","Doom and Gloom+1"],"picked":"Go for the Eyes+1","floor":31.0},{"not_picked":["Amplify","Machine Learning"],"picked":"Reboot","floor":33.0},{"not_picked":["Reinforced Body+1","Conserve Battery+1"],"picked":"Core Surge+1","floor":35.0},{"not_picked":["Leap","Hologram"],"picked":"Hello World+1","floor":40.0},{"not_picked":["Ball Lightning+1","Self Repair"],"picked":"Cold Snap+1","floor":41.0},{"not_picked":["Go for the Eyes+1","Machine Learning"],"picked":"Sunder+1","floor":45.0},{"not_picked":["Fusion","Loop"],"picked":"Ball Lightning+1","floor":46},{"not_picked":["Hello World","Reprogram+1"],"picked":"Coolheaded+1","floor":47},{"not_picked":["Scrape+1","Gash+1"],"picked":"Cold Snap+1","floor":48}],"player_experience":1544984,"relics_obtained":[{"floor":6.0,"key":"Molten Egg 2"},{"floor":9.0,"key":"Emotion Chip"},{"floor":11.0,"key":"Bag of Preparation"},{"floor":13.0,"key":"Gambling Chip"},{"floor":24.0,"key":"Mercury Hourglass"},{"floor":26.0,"key":"Gremlin Horn"},{"floor":28.0,"key":"Orichalcum"},{"floor":42.0,"key":"Dodecahedron"},{"floor":43.0,"key":"War Paint"}],"event_choices":[{"damage_healed":0.0,"max_hp_gain":0.0,"max_hp_loss":0.0,"gold_gain":175.0,"event_name":"Liars Game","player_choice":"AGREE","floor":3.0,"gold_loss":0.0,"damage_taken":0.0,"cards_obtained":["Doubt"]},{"damage_healed":0.0,"max_hp_gain":0.0,"max_hp_loss":6.0,"gold_gain":0.0,"event_name":"Golden Idol","player_choice":"Lose Max HP","floor":5.0,"gold_loss":0.0,"damage_taken":0.0,"relics_obtained":["Golden Idol"]},{"damage_healed":0.0,"max_hp_gain":5.0,"max_hp_loss":0.0,"gold_gain":0.0,"event_name":"Big Fish","player_choice":"Donut","floor":7.0,"gold_loss":0.0,"damage_taken":0.0},{"damage_healed":0.0,"max_hp_gain":0.0,"max_hp_loss":0.0,"gold_gain":0.0,"event_name":"Shining Light","player_choice":"Entered Light","floor":8.0,"gold_loss":0.0,"damage_taken":15.0,"cards_upgraded":["Defend_B","Strike_B"]},{"damage_healed":0.0,"max_hp_gain":0.0,"max_hp_loss":0.0,"gold_gain":0.0,"event_name":"The Library","player_choice":"Read","floor":19.0,"gold_loss":0.0,"damage_taken":0.0,"cards_obtained":["Rip and Tear"]},{"damage_healed":0.0,"max_hp_gain":0.0,"max_hp_loss":0.0,"gold_gain":0.0,"event_name":"N\u0027loth","player_choice":"Traded Relic","floor":20.0,"relics_lost":["Emotion Chip"],"gold_loss":0.0,"damage_taken":0.0,"relics_obtained":["Nloth\u0027s Gift"]},{"damage_healed":0.0,"max_hp_gain":0.0,"max_hp_loss":4.0,"gold_gain":0.0,"event_name":"Winding Halls","player_choice":"Max HP","floor":36.0,"gold_loss":0.0,"damage_taken":0.0},{"damage_healed":0.0,"max_hp_gain":0.0,"max_hp_loss":0.0,"gold_gain":0.0,"event_name":"Tomb of Lord Red Mask","player_choice":"Ignored","floor":37.0,"gold_loss":0.0,"damage_taken":0.0},{"damage_healed":0.0,"max_hp_gain":0.0,"max_hp_loss":0.0,"gold_gain":0.0,"event_name":"Mysterious Sphere","player_choice":"Ignored","floor":39.0,"gold_loss":0.0,"damage_taken":0.0}],"is_beta":false,"boss_relics":[{"not_picked":["Orrery","Empty Cage"],"picked":"Sozu"},{"not_picked":["Inserter","Black Star"],"picked":"Cursed Key"}],"items_purged_floors":[2,4,22,38],"is_endless":false,"potions_floor_spawned":[1,14,18,25,30,31,35,47,48],"ascension_level":0}