{"gold_per_floor":[112,132,207,207,220,220,220,220,295,33,33],"floor_reached":11,"playtime":184,"items_purged":["Strike_G"],"score":122,"play_id":"0d2eb63d-cd7f-4f9b-bb04-407aec555814","local_time":"20190213120555","is_ascension_mode":true,"campfire_choices":[{"data":"Neutralize","floor":6.0,"key":"SMITH"},{"data":"Heel Hook","floor":8,"key":"SMITH"}],"neow_cost":"NONE","seed_source_timestamp":14710955206821,"circlet_count":0,"master_deck":["AscendersBane","Defend_G","Defend_G","Defend_G+1","Defend_G","Strike_G+1","Strike_G","Strike_G","Survivor","Neutralize+1","Heel Hook+1","Infinite Blades","Apotheosis"],"special_seed":0,"relics":["Empty Cage","Ornamental Fan"],"potions_floor_usage":[],"damage_taken":[{"damage":0.0,"enemies":"2 Louse","floor":1.0,"turns":3.0},{"damage":4.0,"enemies":"Jaw Worm","floor":2.0,"turns":6.0},{"damage":11.0,"enemies":"Cultist","floor":5.0,"turns":5.0},{"damage":0,"enemies":"3 Sentries","floor":11,"turns":1}],"seed_played":"-2260666546969556688","potions_obtained":[{"floor":2.0,"key":"GamblersBrew"},{"floor":5.0,"key":"AttackPotion"}],"is_trial":false,"path_per_floor":["M","M","?","?","M","R","?","R","T","$","E"],"character_chosen":"THE_SILENT","items_purchased":["Apotheosis"],"campfire_rested":0,"item_purchase_floors":[10],"current_hp_per_floor":[59,55,44,24,13,13,13,13,13,13,13],"gold":33,"neow_bonus":"BOSS_RELIC","is_prod":false,"is_daily":false,"chose_seed":false,"campfire_upgraded":2,"win_rate":0,"timestamp":1550030755,"path_taken":["M","M","?","?","M","R","?","R","T","$","E"],"build_version":"2019-01-23","purchased_purges":1,"victory":false,"max_hp_per_floor":[66,66,66,66,66,66,66,66,66,66,66],"card_choices":[{"not_picked":["Dagger Throw","Flying Knee"],"picked":"Heel Hook","floor":1.0},{"not_picked":["Cloak And Dagger","Acrobatics","Dagger Throw"],"picked":"SKIP","floor":2.0},{"not_picked":["Slice","Prepared"],"picked":"Infinite Blades","floor":5.0}],"player_experience":2681185,"relics_obtained":[{"floor":9,"key":"Ornamental Fan"}],"event_choices":[{"damage_healed":0.0,"max_hp_gain":0.0,"max_hp_loss":0.0,"gold_gain":75.0,"event_name":"World of Goop","player_choice":"Gather Gold","floor":3.0,"gold_loss":0.0,"damage_taken":11.0},{"damage_healed":0.0,"max_hp_gain":0.0,"max_hp_loss":0.0,"gold_gain":0.0,"event_name":"Shining Light","player_choice":"Entered Light","floor":4.0,"gold_loss":0.0,"damage_taken":20.0,"cards_upgraded":["Strike_G","Defend_G"]},{"damage_healed":0,"gold_gain":0,"player_choice":"Fled","damage_taken":0,"max_hp_gain":0,"max_hp_loss":0,"event_name":"Scrap Ooze","floor":7,"gold_loss":0}],"is_beta":false,"boss_relics":[],"items_purged_floors":[10],"is_endless":false,"potions_floor_spawned":[2,5],"killed_by":"3 Sentries","ascension_level":20}