{"gold_per_floor":[118,129,37,49,49,49,84,84,84,84,84,102,67,92,92,92],"floor_reached":16,"playtime":565,"items_purged":[],"score":236,"play_id":"91bd8a1b-c3e6-4d4b-88d1-c861849b2485","local_time":"20190326011827","is_ascension_mode":true,"campfire_choices":[{"data":"Noxious Fumes","floor":6.0,"key":"SMITH"},{"data":"Neutralize","floor":8.0,"key":"SMITH"},{"floor":11.0,"key":"REST"},{"data":"Impatience","floor":15,"key":"SMITH"}],"neow_cost":"NONE","seed_source_timestamp":51126089925427,"circlet_count":0,"master_deck":["AscendersBane","Defend_G","Defend_G+1","Defend_G","Defend_G","Defend_G","Strike_G","Strike_G","Strike_G","Strike_G","Strike_G","Survivor","Neutralize+1","Noxious Fumes+1","Impatience+1","Predator+1","Well Laid Plans+1","Concentrate"],"special_seed":0,"relics":["Ring of the Snake","Lantern","Frozen Egg 2","Omamori","Bag of Marbles"],"potions_floor_usage":[],"damage_taken":[{"damage":1.0,"enemies":"Cultist","floor":1.0,"turns":4.0},{"damage":4.0,"enemies":"Jaw Worm","floor":2.0,"turns":5.0},{"damage":1.0,"enemies":"Small Slimes","floor":4.0,"turns":3.0},{"damage":29.0,"enemies":"Lagavulin","floor":7.0,"turns":7.0},{"damage":0.0,"enemies":"Gremlin Nob","floor":10.0,"turns":2.0},{"damage":0,"enemies":"Exordium Thugs","floor":12,"turns":4},{"damage":17,"enemies":"Lagavulin","floor":14,"turns":6},{"damage":0,"enemies":"Slime Boss","floor":16,"turns":5}],"seed_played":"-2255870052988205000","potions_obtained":[{"floor":2.0,"key":"Energy Potion"},{"floor":7.0,"key":"SmokeBomb"}],"is_trial":false,"path_per_floor":["M","M","$","M","?","R","E","R","T","E","R","M","?","E","R","B"],"character_chosen":"THE_SILENT","items_purchased":["Impatience"],"campfire_rested":1,"item_purchase_floors":[3],"current_hp_per_floor":[58,54,54,53,33,33,4,4,4,4,23,23,39,22,22,22],"gold":92,"neow_bonus":"RANDOM_COMMON_RELIC","is_prod":false,"is_daily":false,"chose_seed":false,"campfire_upgraded":3,"win_rate":0,"timestamp":1553534307,"path_taken":["M","?","$","M","?","R","E","R","T","E","R","M","?","E","R","BOSS"],"build_version":"2019-01-23","purchased_purges":0,"victory":false,"max_hp_per_floor":[66,66,66,66,66,66,66,66,66,66,66,66,66,66,66,66],"card_choices":[{"not_picked":["Quick Slash","Dagger Spray"],"picked":"Noxious Fumes","floor":1.0},{"not_picked":["Dodge and Roll","Choke","PiercingWail"],"picked":"SKIP","floor":2.0},{"not_picked":["Quick Slash","Expertise"],"picked":"Predator","floor":4.0},{"not_picked":["Cloak And Dagger","Underhanded Strike"],"picked":"Well Laid Plans","floor":7.0},{"not_picked":["PiercingWail","Underhanded Strike","Quick Slash"],"picked":"SKIP","floor":12},{"not_picked":["Concentrate","Storm of Steel","Blade Dance"],"picked":"SKIP","floor":14},{"not_picked":["Storm of Steel","Blade Dance"],"picked":"Concentrate","floor":14}],"player_experience":3870934,"relics_obtained":[{"floor":7.0,"key":"Frozen Egg 2"},{"floor":9.0,"key":"Omamori"},{"floor":14,"key":"Bag of Marbles"}],"event_choices":[{"damage_healed":0.0,"max_hp_gain":0.0,"max_hp_loss":0.0,"gold_gain":0.0,"event_name":"Shining Light","player_choice":"Entered Light","floor":5.0,"gold_loss":0.0,"damage_taken":20.0,"cards_upgraded":["Defend_G","Predator"]},{"damage_healed":16,"gold_gain":0,"player_choice":"Healed","damage_taken":0,"max_hp_gain":0,"max_hp_loss":0,"event_name":"The Cleric","floor":13,"gold_loss":35}],"is_beta":false,"boss_relics":[],"items_purged_floors":[],"is_endless":false,"potions_floor_spawned":[2,7,10],"killed_by":"Slime Boss","ascension_level":20}