{"path_per_floor":["M","M","$","?","M","E","R","M","T","R","M","M","?","M","R","B",null,"M","?","M","M","$","R","M","M","T","E","M","M","R","$","R"],"character_chosen":"DEFECT","items_purchased":["Frozen Egg 2","Bag of Marbles","Undo","Thread and Needle","Toxic Egg 2"],"gold_per_floor":[144,189,189,189,234,324,324,369,369,369,414,459,459,504,504,804,804,849,933,978,1023,546,546,591,636,686,776,821,866,866,316,316,316],"floor_reached":33,"campfire_rested":6,"playtime":2355,"current_hp_per_floor":[69,69,69,69,69,69,75,75,75,75,75,71,71,71,75,60,75,75,50,37,32,32,54,33,28,28,23,21,28,50,50,72,0],"items_purged":[],"gold":316,"score":423,"play_id":"5d426de7-2dfd-49ef-9c95-d8037ee42be1","local_time":"20180503141428","daily_mods":["Insanity","Midas","Uncertain Future"],"is_prod":false,"is_daily":true,"chose_seed":false,"is_ascension_mode":false,"campfire_upgraded":0,"timestamp":1525328068,"path_taken":["M","M","$","?","M","E","R","?","T","R","M","M","?","M","R","BOSS","M","?","M","M","$","R","M","?","T","E","M","M","R","?","R","BOSS"],"build_version":"2018-05-01v2","seed_source_timestamp":0,"purchased_purges":0,"victory":false,"master_deck":["FTL","Creative AI","Tempest","Hyperbeam","Defragment","Doom and Gloom","All For One","Seek","Gash","Aggregate","Self Repair","Doom and Gloom","Glacier","Double Energy","Turbo","Seek","Chaos","Nova","Reprogram","Impulse","Creative AI","Redo","Steam Power","Hyperbeam","Recycle","Nova","Rip and Tear","Amplify","Chaos","Rip and Tear","Streamline","Double Energy","Meteor Strike","Go for the Eyes","Ball Lightning","Capacitor","Reprogram","Genetic Algorithm","Coolheaded","Reinforced Body","Turbo","Scrape","Glacier","Reprogram","Glacier","Sunder","Stack","Stack","Skim","Reprogram","Seek","Regret","Melter","All For One","Fission+1","Reprogram+1","Reboot+1","Barrage+1","Go for the Eyes+1","Aggregate","Stack","Undo","Skim+1","Auto Shields","Beam Cell","Defragment+1","Self Repair+1"],"max_hp_per_floor":[75,75,75,75,75,75,75,75,75,75,75,75,75,75,75,75,75,75,75,75,75,75,75,75,75,75,75,75,75,75,75,75,75],"relics":["Cracked Core","Pantograph","Kunai","Anchor","Astrolabe","Red Mask","Frozen Egg 2","Bag of Marbles","Vajra","Blue Candle","Thread and Needle","Toxic Egg 2"],"card_choices":[{"not_picked":["Beam Cell","Buffer"],"picked":"Stack","floor":1},{"not_picked":["Impulse","Sweeping Beam"],"picked":"Stack","floor":2},{"not_picked":["Impulse","Coolheaded"],"picked":"Skim","floor":5},{"not_picked":["Flux Capacitor","Rebound"],"picked":"Reprogram","floor":6},{"not_picked":["Cold Snap","Reprogram"],"picked":"Seek","floor":8},{"not_picked":["Nova","Rebound"],"picked":"Melter","floor":14},{"not_picked":["Multi-Cast","Fusion"],"picked":"All For One","floor":16},{"not_picked":["Cold Snap","Axe Kick"],"picked":"Barrage","floor":18},{"not_picked":["Gash","Conserve Battery"],"picked":"Go for the Eyes","floor":19},{"not_picked":["Consume","Hologram"],"picked":"Aggregate","floor":20},{"not_picked":["Coolheaded","Cold Snap"],"picked":"Stack","floor":21},{"not_picked":["Ball Lightning","Hologram"],"picked":"Skim","floor":24},{"not_picked":["Reprieve","Ball Lightning"],"picked":"Auto Shields","floor":25},{"not_picked":["Darkness","Sweeping Beam"],"picked":"Beam Cell","floor":27},{"not_picked":["Sweeping Beam","Hologram"],"picked":"Defragment","floor":28},{"not_picked":["Turbo","Fission"],"picked":"Self Repair","floor":29}],"player_experience":452760,"potions_floor_usage":[16,25,33],"damage_taken":[{"damage":6,"enemies":"Cultist","floor":1,"turns":4},{"damage":0,"enemies":"Small Slimes","floor":2,"turns":2},{"damage":0,"enemies":"2 Louse","floor":5,"turns":1},{"damage":0,"enemies":"Gremlin Nob","floor":6,"turns":3},{"damage":0,"enemies":"2 Fungi Beasts","floor":8,"turns":1},{"damage":0,"enemies":"Exordium Thugs","floor":11,"turns":1},{"damage":4,"enemies":"Looter","floor":12,"turns":2},{"damage":0,"enemies":"3 Louse","floor":14,"turns":1},{"damage":15,"enemies":"The Guardian","floor":16,"turns":9},{"damage":0,"enemies":"Chosen","floor":18,"turns":5},{"damage":32,"enemies":"√…√Ê«øµ¡","floor":19,"turns":4},{"damage":20,"enemies":"Shell Parasite","floor":20,"turns":4},{"damage":5,"enemies":"Snecko","floor":21,"turns":3},{"damage":21,"enemies":"Snake Plant","floor":24,"turns":4},{"damage":12,"enemies":"3 Cultists","floor":25,"turns":3},{"damage":12,"enemies":"Gremlin Leader","floor":27,"turns":4},{"damage":9,"enemies":"Snecko","floor":28,"turns":4},{"damage":0,"enemies":"Centurion and Healer","floor":29,"turns":4},{"damage":87,"enemies":"Collector","floor":33,"turns":6}],"event_choices":[{"event_name":"Purifier","player_choice":"One Purge","floor":4,"damage_taken":0},{"event_name":"Big Fish","player_choice":"Box","floor":13,"damage_taken":0},{"event_name":"Masked Bandits","player_choice":"Fought over 849 gold","floor":19,"damage_taken":0}],"boss_relics":[{"not_picked":["Ectoplasm","Runic Pyramid"],"picked":"Astrolabe"}],"potions_floor_spawned":[6,16,21,24,28,29],"seed_played":"-5591819847720032875","killed_by":"Collector","ascension_level":0,"is_trial":false}