{"gold_per_floor":[112,112,112,187,72,72,103,127,162,199,221,243,255,281,293,305],"floor_reached":16,"playtime":221,"items_purged":["Strike_R"],"score":270,"play_id":"8396da4f-b37b-462a-940e-5f9155aec2bc","local_time":"20190312130733","is_ascension_mode":true,"campfire_choices":[{"data":"Bludgeon","floor":6,"key":"SMITH"},{"data":"Bash","floor":13,"key":"SMITH"},{"data":"Power Through","floor":15,"key":"SMITH"}],"neow_cost":"NONE","seed_source_timestamp":2112727694748,"circlet_count":0,"master_deck":["AscendersBane","Strike_R+1","Strike_R","Strike_R+1","Defend_R","Defend_R","Defend_R","Defend_R","Bash+1","Bludgeon+1","Power Through","Power Through+1"],"relics":["Burning Blood","NeowsBlessing","MawBank","Anchor","Bronze Scales"],"potions_floor_usage":[10,12],"damage_taken":[{"damage":0,"enemies":"2 Louse","floor":1,"turns":1},{"damage":0,"enemies":"Lagavulin","floor":7,"turns":1},{"damage":0,"enemies":"Small Slimes","floor":8,"turns":1},{"damage":31,"enemies":"Gremlin Nob","floor":10,"turns":4},{"damage":0,"enemies":"Jaw Worm","floor":11,"turns":2},{"damage":0,"enemies":"Large Slime","floor":12,"turns":4},{"damage":0,"enemies":"Lots of Slimes","floor":14,"turns":5},{"damage":0,"enemies":"Slime Boss","floor":16,"turns":2}],"seed_played":"-8498191435580364471","potions_obtained":[{"floor":1,"key":"BloodPotion"},{"floor":10,"key":"SneckoOil"},{"floor":11,"key":"Swift Potion"},{"floor":12,"key":"Ancient Potion"}],"is_trial":false,"path_per_floor":["M","?","?","?","$","R","E","M","T","E","M","M","R","M","R","B"],"character_chosen":"IRONCLAD","items_purchased":["Power Through"],"campfire_rested":0,"item_purchase_floors":[5],"current_hp_per_floor":[74,51,51,40,40,40,46,52,52,34,40,46,46,52,52,52],"gold":305,"neow_bonus":"THREE_ENEMY_KILL","is_prod":false,"is_daily":false,"chose_seed":false,"campfire_upgraded":3,"win_rate":0,"timestamp":1552367253,"path_taken":["M","?","?","?","$","R","E","M","T","E","M","M","R","?","R","BOSS"],"build_version":"2019-01-23","purchased_purges":1,"victory":false,"max_hp_per_floor":[75,75,75,75,75,75,75,75,75,75,75,75,75,75,75,75],"card_choices":[{"not_picked":["Pummel","Pommel Strike","Metallicize"],"picked":"SKIP","floor":1},{"not_picked":["Cleave","Brutality","Metallicize"],"picked":"SKIP","floor":7},{"not_picked":["Iron Wave","Sword Boomerang","Headbutt"],"picked":"SKIP","floor":8},{"not_picked":["Cleave","Disarm","Ghostly Armor"],"picked":"SKIP","floor":10},{"not_picked":["Body Slam","Ghostly Armor","Pummel"],"picked":"SKIP","floor":11},{"not_picked":["Fire Breathing","Armaments"],"picked":"Power Through","floor":12},{"not_picked":["Ghostly Armor","Body Slam","Feel No Pain"],"picked":"SKIP","floor":14}],"player_experience":3510309,"relics_obtained":[{"floor":7,"key":"MawBank"},{"floor":9,"key":"Anchor"},{"floor":10,"key":"Bronze Scales"}],"event_choices":[{"damage_healed":0,"gold_gain":0,"player_choice":"Entered Light","damage_taken":23,"max_hp_gain":0,"max_hp_loss":0,"event_name":"Shining Light","floor":2,"gold_loss":0,"cards_upgraded":["Strike_R","Strike_R"]},{"damage_healed":0,"gold_gain":0,"cards_transformed":["Strike_R"],"player_choice":"Change","damage_taken":0,"max_hp_gain":0,"max_hp_loss":0,"event_name":"Living Wall","floor":3,"gold_loss":0,"cards_obtained":["Bludgeon"]},{"damage_healed":0,"gold_gain":75,"player_choice":"Gather Gold","damage_taken":11,"max_hp_gain":0,"max_hp_loss":0,"event_name":"World of Goop","floor":4,"gold_loss":0}],"is_beta":false,"boss_relics":[],"items_purged_floors":[5],"is_endless":false,"potions_floor_spawned":[1,10,11,12],"killed_by":"Slime Boss","ascension_level":20}