{"gold_per_floor":[367,387,387,387,168,168,186,186,213,224,241,241,241,251,251,251],"floor_reached":16,"playtime":550,"items_purged":["Strike_G"],"score":184,"play_id":"a9d279e8-02ad-4d01-8804-8ee606300f98","local_time":"20190109150215","is_ascension_mode":true,"campfire_choices":[{"data":"Acrobatics","floor":6,"key":"SMITH"},{"data":"Concentrate","floor":8,"key":"SMITH"},{"data":"Reflex","floor":12,"key":"SMITH"},{"data":"Neutralize","floor":15,"key":"SMITH"}],"neow_cost":"TEN_PERCENT_HP_LOSS","seed_source_timestamp":3436060114677,"circlet_count":0,"master_deck":["AscendersBane","Defend_G","Defend_G","Defend_G","Defend_G","Defend_G","Strike_G","Strike_G","Strike_G","Survivor","Neutralize+1","Predator","Acrobatics+1","Concentrate+1","Outmaneuver","Reflex+1"],"relics":["Ring of the Snake"],"potions_floor_usage":[16,16],"damage_taken":[{"damage":0,"enemies":"2 Louse","floor":1,"turns":4},{"damage":0,"enemies":"Small Slimes","floor":2,"turns":4},{"damage":12,"enemies":"Jaw Worm","floor":7,"turns":4},{"damage":3,"enemies":"3 Louse","floor":10,"turns":5},{"damage":13,"enemies":"Gremlin Gang","floor":11,"turns":9},{"damage":17,"enemies":"Exordium Thugs","floor":14,"turns":5},{"damage":15,"enemies":"The Guardian","floor":16,"turns":15}],"seed_played":"8342951599595149842","potions_obtained":[{"floor":1,"key":"Poison Potion"},{"floor":11,"key":"Block Potion"}],"is_trial":false,"path_per_floor":["M","M","?","?","$","R","M","R","T","M","M","R","?","M","R","B"],"character_chosen":"THE_SILENT","items_purchased":["Acrobatics","Concentrate"],"campfire_rested":0,"item_purchase_floors":[5,5],"current_hp_per_floor":[59,59,64,64,64,64,52,52,52,49,36,36,29,12,12,0],"gold":251,"neow_bonus":"TWO_FIFTY_GOLD","is_prod":false,"is_daily":false,"chose_seed":false,"campfire_upgraded":4,"win_rate":0,"timestamp":1547017335,"path_taken":["M","M","?","?","$","R","M","R","T","M","M","R","?","M","R","BOSS"],"build_version":"2019-01-03v4","purchased_purges":1,"victory":false,"max_hp_per_floor":[60,60,65,65,65,65,65,65,65,65,65,65,65,65,65,65],"card_choices":[{"not_picked":["Leg Sweep","Flying Knee"],"picked":"Predator","floor":1},{"not_picked":["Dagger Throw","Outmaneuver","Bane"],"picked":"SKIP","floor":2},{"not_picked":["Noxious Fumes","Flying Knee","Acrobatics"],"picked":"SKIP","floor":7},{"not_picked":["Escape Plan","Heel Hook"],"picked":"Outmaneuver","floor":10},{"not_picked":["Outmaneuver","Crippling Poison"],"picked":"Reflex","floor":11},{"not_picked":["Deflect","Poisoned Stab","Setup"],"picked":"SKIP","floor":14}],"player_experience":1262874,"relics_obtained":[],"event_choices":[{"damage_healed":0,"gold_gain":0,"player_choice":"Donut","damage_taken":0,"max_hp_gain":5,"max_hp_loss":0,"event_name":"Big Fish","floor":3,"gold_loss":0},{"damage_healed":0,"gold_gain":0,"player_choice":"Ignored","damage_taken":0,"max_hp_gain":0,"max_hp_loss":0,"event_name":"Liars Game","floor":4,"gold_loss":0},{"cards_removed":["Strike_G"],"damage_healed":0,"gold_gain":0,"player_choice":"Card Removal","damage_taken":7,"max_hp_gain":0,"max_hp_loss":0,"event_name":"Golden Wing","floor":13,"gold_loss":0}],"is_beta":true,"boss_relics":[],"items_purged_floors":[5],"is_endless":false,"potions_floor_spawned":[1,11,14],"killed_by":"The Guardian","ascension_level":20}