{"gold_per_floor":[109,122,122,147,167,167,211,211,236,311,331,367,367,367,367,493,493,517,541,541,562,442,442,442,442,442,442,481,481,522,541,541,669,669,683,698,1123,1198,1198,1198,1211,1264,1264,1264,1009,1009,1027,1047,1047,1047],"floor_reached":50,"playtime":4070,"items_purged":["Strike_R","Strike_R"],"score":660,"play_id":"35645b87-1a1b-422c-92a0-1d232642a9d7","local_time":"20190724041314","is_ascension_mode":true,"campfire_choices":[{"data":"Whirlwind","floor":6,"key":"SMITH"},{"data":"Rage","floor":8,"key":"SMITH"},{"data":"Ghostly Armor","floor":15,"key":"SMITH"},{"data":"Fiend Fire","floor":23,"key":"SMITH"},{"data":"Whirlwind","floor":25,"key":"SMITH"},{"data":"Shrug It Off","floor":29,"key":"SMITH"},{"data":"Inflame","floor":32,"key":"SMITH"},{"data":"Bludgeon","floor":40,"key":"SMITH"},{"data":"Rampage","floor":44,"key":"SMITH"},{"floor":46,"key":"REST"},{"floor":49,"key":"REST"}],"neow_cost":"NONE","seed_source_timestamp":311508530480781,"circlet_count":0,"master_deck":["Strike_R","Defend_R+1","Defend_R","Defend_R","Defend_R","Bash","Inflame+1","Rage+1","Rampage+1","Whirlwind+1","Ghostly Armor+1","Whirlwind+1","Fiend Fire+1","Body Slam","Shrug It Off+1","Second Wind+1","Barricade","Flame Barrier","Flame Barrier","Bludgeon+1","Decay","Clumsy","Writhe","Dual Wield+1","Demon Form","Flame Barrier+1"],"relics":["Burning Blood","Golden Idol","Vajra","Ancient Tea Set","Juzu Bracelet","Snecko Eye","Blue Candle","Pear","Bottled Lightning","War Paint","Calling Bell","Oddly Smooth Stone","Matryoshka","Nunchaku","Old Coin","Anchor","Red Skull","Lantern","Boot"],"potions_floor_usage":[12,16,16,30,31,33,41,47],"damage_taken":[{"damage":0,"enemies":"2 Louse","floor":1,"turns":3},{"damage":5,"enemies":"Small Slimes","floor":2,"turns":3},{"damage":6,"enemies":"Cultist","floor":4,"turns":3},{"damage":3,"enemies":"Exordium Wildlife","floor":5,"turns":3},{"damage":17,"enemies":"3 Sentries","floor":7,"turns":4},{"damage":2,"enemies":"Lots of Slimes","floor":11,"turns":2},{"damage":8,"enemies":"Gremlin Nob","floor":12,"turns":3},{"damage":44,"enemies":"Slime Boss","floor":16,"turns":8},{"damage":0,"enemies":"3 Byrds","floor":18,"turns":2},{"damage":0,"enemies":"Spheric Guardian","floor":19,"turns":2},{"damage":12,"enemies":"Cultist and Chosen","floor":21,"turns":4},{"damage":9,"enemies":"Book of Stabbing","floor":28,"turns":3},{"damage":13,"enemies":"Slavers","floor":30,"turns":3},{"damage":0,"enemies":"Snake Plant","floor":31,"turns":1},{"damage":109,"enemies":"Automaton","floor":33,"turns":8},{"damage":27,"enemies":"3 Darklings","floor":35,"turns":4},{"damage":1,"enemies":"3 Shapes","floor":36,"turns":6},{"damage":2,"enemies":"Mind Bloom Boss Battle","floor":37,"turns":6},{"damage":3,"enemies":"Transient","floor":41,"turns":5},{"damage":22,"enemies":"Maw","floor":47,"turns":7},{"damage":63,"enemies":"Spire Growth","floor":48,"turns":6},{"damage":51,"enemies":"Donu and Deca","floor":50,"turns":5}],"seed_played":"-6953962666561176617","potions_obtained":[{"floor":1,"key":"BloodPotion"},{"floor":4,"key":"Poison Potion"},{"floor":7,"key":"AttackPotion"},{"floor":11,"key":"FearPotion"},{"floor":20,"key":"Strength Potion"},{"floor":20,"key":"SteroidPotion"},{"floor":20,"key":"SmokeBomb"},{"floor":28,"key":"FairyPotion"},{"floor":30,"key":"Weak Potion"},{"floor":35,"key":"Swift Potion"},{"floor":37,"key":"AttackPotion"},{"floor":48,"key":"SpeedPotion"}],"is_trial":false,"path_per_floor":["M","M","?","M","M","R","E","R","T","?","M","E","?","?","R","B",null,"M","M","?","M","$","R","?","R","T","?","E","R","E","M","R","B",null,"M","M","?","?","?","R","M","T","T","R","$","R","M","M","R","B"],"character_chosen":"IRONCLAD","items_purchased":["Shrug It Off","Demon Form"],"campfire_rested":2,"item_purchase_floors":[22,45],"current_hp_per_floor":[88,88,66,66,69,69,58,58,58,47,51,49,49,42,42,26,73,79,85,85,79,79,79,79,79,89,89,86,86,79,85,85,15,77,56,61,65,56,56,56,59,59,59,59,59,88,72,15,44,0],"gold":1047,"neow_bonus":"TEN_PERCENT_HP_BONUS","is_prod":false,"is_daily":false,"chose_seed":false,"campfire_upgraded":9,"win_rate":0,"timestamp":1563959594,"path_taken":["M","M","?","M","M","R","E","R","T","?","M","E","?","?","R","BOSS","M","M","?","M","$","R","?","R","T","?","E","R","E","M","R","BOSS","M","M","?","?","?","R","M","?","T","R","$","R","M","M","R","BOSS"],"build_version":"2019-07-17","purchased_purges":2,"victory":false,"max_hp_per_floor":[88,88,88,88,88,88,88,88,88,88,88,88,88,88,88,88,88,88,88,88,88,88,88,88,88,98,98,98,98,98,98,98,98,98,98,98,98,98,98,98,98,98,98,98,98,98,98,98,98,98],"card_choices":[{"not_picked":["Fire Breathing","Twin Strike"],"picked":"Inflame","floor":1},{"not_picked":["Rupture","Iron Wave"],"picked":"Rage","floor":2},{"not_picked":["Armaments","Feel No Pain"],"picked":"Rampage","floor":4},{"not_picked":["Entrench","Ghostly Armor"],"picked":"Whirlwind","floor":5},{"not_picked":["Clothesline","Wild Strike"],"picked":"Ghostly Armor","floor":7},{"not_picked":["Exhume","Cleave"],"picked":"Whirlwind","floor":11},{"not_picked":["Metallicize","Warcry","Rampage"],"picked":"SKIP","floor":12},{"not_picked":["Brutality","Juggernaut"],"picked":"Fiend Fire","floor":16},{"not_picked":["Sword Boomerang","Havoc","True Grit"],"picked":"SKIP","floor":18},{"not_picked":["Havoc+1","Thunderclap","Anger"],"picked":"SKIP","floor":19},{"not_picked":["Wild Strike+1","Armaments"],"picked":"Body Slam","floor":21},{"not_picked":["Power Through","Heavy Blade"],"picked":"Barricade","floor":28},{"not_picked":["Burning Pact","Power Through"],"picked":"Flame Barrier","floor":30},{"not_picked":["Armaments","Body Slam"],"picked":"Flame Barrier","floor":31},{"not_picked":["Feed","Offering"],"picked":"Bludgeon","floor":33},{"not_picked":["Hemokinesis+1","Flex+1","Clash"],"picked":"SKIP","floor":35},{"not_picked":["Wild Strike+1","Cleave"],"picked":"Dual Wield+1","floor":36},{"not_picked":["Burning Pact+1","Armaments","Clash"],"picked":"SKIP","floor":41},{"not_picked":["Thunderclap","Combust+1","Armaments"],"picked":"SKIP","floor":47},{"not_picked":["Fiend Fire","Wild Strike"],"picked":"Flame Barrier+1","floor":48}],"player_experience":281974,"relics_obtained":[{"floor":7,"key":"Vajra"},{"floor":9,"key":"Ancient Tea Set"},{"floor":12,"key":"Juzu Bracelet"},{"floor":26,"key":"Pear"},{"floor":28,"key":"Bottled Lightning"},{"floor":30,"key":"War Paint"},{"floor":34,"key":"Oddly Smooth Stone"},{"floor":34,"key":"Matryoshka"},{"floor":34,"key":"Nunchaku"},{"floor":37,"key":"Old Coin"},{"floor":42,"key":"Anchor"},{"floor":42,"key":"Red Skull"},{"floor":43,"key":"Lantern"},{"floor":43,"key":"Boot"}],"event_choices":[{"damage_healed":0,"gold_gain":0,"player_choice":"Take Damage","damage_taken":22,"relics_obtained":["Golden Idol"],"max_hp_gain":0,"max_hp_loss":0,"event_name":"Golden Idol","floor":3,"gold_loss":0},{"damage_healed":0,"gold_gain":75,"player_choice":"Gather Gold","damage_taken":11,"max_hp_gain":0,"max_hp_loss":0,"event_name":"World of Goop","floor":10,"gold_loss":0},{"cards_removed":["Strike_R"],"damage_healed":0,"gold_gain":0,"player_choice":"Purged","damage_taken":0,"max_hp_gain":0,"max_hp_loss":0,"event_name":"Purifier","floor":13,"gold_loss":0},{"cards_removed":["Strike_R"],"damage_healed":0,"gold_gain":0,"player_choice":"Card Removal","damage_taken":7,"max_hp_gain":0,"max_hp_loss":0,"event_name":"Golden Wing","floor":14,"gold_loss":0},{"damage_healed":0,"gold_gain":0,"player_choice":"Got Potions","damage_taken":0,"max_hp_gain":0,"max_hp_loss":0,"event_name":"Lab","floor":20,"gold_loss":0},{"damage_healed":0,"gold_gain":0,"player_choice":"Opened","damage_taken":0,"relics_obtained":["Blue Candle"],"max_hp_gain":0,"max_hp_loss":0,"event_name":"The Mausoleum","floor":24,"gold_loss":0},{"damage_healed":0,"gold_gain":0,"player_choice":"Read","damage_taken":0,"max_hp_gain":0,"max_hp_loss":0,"event_name":"The Library","floor":27,"gold_loss":0,"cards_obtained":["Second Wind"]},{"damage_healed":0,"gold_gain":0,"player_choice":"Fight","damage_taken":0,"max_hp_gain":0,"max_hp_loss":0,"event_name":"MindBloom","floor":37,"gold_loss":0},{"damage_healed":0,"gold_gain":75,"player_choice":"Touch","damage_taken":9,"max_hp_gain":0,"max_hp_loss":0,"event_name":"FaceTrader","floor":38,"gold_loss":0},{"damage_healed":0,"gold_gain":0,"player_choice":"Ignored","damage_taken":0,"max_hp_gain":0,"max_hp_loss":0,"event_name":"Mysterious Sphere","floor":39,"gold_loss":0}],"is_beta":false,"boss_relics":[{"not_picked":["Busted Crown","Coffee Dripper"],"picked":"Snecko Eye"},{"not_picked":["Orrery","White Beast Statue"],"picked":"Calling Bell"}],"items_purged_floors":[22,45],"is_endless":false,"potions_floor_spawned":[1,4,7,11,28,30,35,37,48],"killed_by":"Donu and Deca","ascension_level":5}