{"gold_per_floor":[116,136,61,61,61,96,96,12,39,57,73,99,99,55,55,55],"floor_reached":16,"playtime":322,"items_purged":["Strike_B"],"score":266,"play_id":"85807c77-8dca-4bcc-b50b-c7c97ce0d663","local_time":"20190417000838","is_ascension_mode":true,"campfire_choices":[{"data":"Defragment","floor":7,"key":"SMITH"},{"data":"Zap","floor":13,"key":"SMITH"},{"data":"Recycle","floor":15,"key":"SMITH"}],"neow_cost":"NONE","seed_source_timestamp":646089982719504,"circlet_count":0,"master_deck":["AscendersBane","Strike_B","Strike_B","Defend_B","Defend_B","Defend_B","Defend_B","Zap+1","Dualcast","Defragment+1","Skim","Conserve Battery","Capacitor","Tempest","Recycle+1"],"relics":["Cracked Core","NeowsBlessing","Mummified Hand","Centennial Puzzle","Juzu Bracelet","Kunai"],"potions_floor_usage":[12],"damage_taken":[{"damage":0,"enemies":"Small Slimes","floor":1,"turns":1},{"damage":0,"enemies":"Jaw Worm","floor":2,"turns":1},{"damage":0,"enemies":"3 Sentries","floor":6,"turns":1},{"damage":9,"enemies":"2 Louse","floor":10,"turns":2},{"damage":7,"enemies":"Looter","floor":11,"turns":4},{"damage":20,"enemies":"Lagavulin","floor":12,"turns":8},{"damage":14,"enemies":"Hexaghost","floor":16,"turns":9}],"seed_played":"505149619603135270","potions_obtained":[{"floor":10,"key":"Block Potion"}],"is_trial":false,"path_per_floor":["M","M","$","?","?","E","R","$","T","M","M","E","R","$","R","B"],"character_chosen":"DEFECT","items_purchased":["Skim","Recycle"],"campfire_rested":0,"item_purchase_floors":[8,14],"current_hp_per_floor":[64,64,64,57,52,52,52,52,52,43,36,16,16,16,16,2],"gold":55,"neow_bonus":"THREE_ENEMY_KILL","is_prod":false,"is_daily":false,"chose_seed":false,"campfire_upgraded":3,"win_rate":0,"timestamp":1555430918,"path_taken":["M","M","$","?","?","E","R","?","T","M","M","E","R","$","R","BOSS"],"build_version":"2019-01-23","purchased_purges":1,"victory":false,"max_hp_per_floor":[71,71,71,71,71,71,71,71,71,71,71,71,71,71,71,71],"card_choices":[{"not_picked":["Streamline","Rip and Tear"],"picked":"Defragment","floor":1},{"not_picked":["Stack","Barrage","Steam"],"picked":"SKIP","floor":2},{"not_picked":["Steam","Streamline","Doom and Gloom"],"picked":"SKIP","floor":6},{"not_picked":["Gash","Rebound"],"picked":"Conserve Battery","floor":10},{"not_picked":["Compile Driver","Coolheaded"],"picked":"Capacitor","floor":11},{"not_picked":["Steam Power","Multi-Cast"],"picked":"Tempest","floor":12}],"player_experience":1410063,"relics_obtained":[{"floor":6,"key":"Centennial Puzzle"},{"floor":9,"key":"Juzu Bracelet"},{"floor":12,"key":"Kunai"}],"event_choices":[{"cards_removed":["Strike_B"],"damage_healed":0,"gold_gain":0,"player_choice":"Card Removal","damage_taken":7,"max_hp_gain":0,"max_hp_loss":0,"event_name":"Golden Wing","floor":4,"gold_loss":0},{"damage_healed":0,"gold_gain":0,"player_choice":"Success","damage_taken":5,"relics_obtained":["Mummified Hand"],"max_hp_gain":0,"max_hp_loss":0,"event_name":"Scrap Ooze","floor":5,"gold_loss":0}],"is_beta":false,"boss_relics":[],"items_purged_floors":[3],"is_endless":false,"potions_floor_spawned":[10],"killed_by":"Hexaghost","ascension_level":20}