{"gold_per_floor":[114,114,114,114,114,140,140,150,150,184,194,214,272,212,212,288,288,303,34,46,146,146,180,180,214,237,237,254,254,280,46,46,122,122,135,15,63,77,77,105,105,138,138,171,187,198,198,208,208,208],"floor_reached":51,"playtime":2533,"items_purged":["Defend_G","Strike_G","Defend_G","Defend_G"],"score":2206,"play_id":"f1542abf-a07c-4f1a-a7e1-288b4a2bfdde","local_time":"20181006013054","is_ascension_mode":true,"campfire_choices":[{"data":"Noxious Fumes","floor":7,"key":"SMITH"},{"data":"Neutralize","floor":15,"key":"SMITH"},{"data":"Well Laid Plans","floor":24,"key":"SMITH"},{"data":"Burst","floor":29,"key":"SMITH"},{"data":"Backflip","floor":32,"key":"SMITH"},{"data":"Survivor","floor":41,"key":"SMITH"},{"floor":49,"key":"REST"}],"neow_cost":"NONE","seed_source_timestamp":299235262392086,"circlet_count":0,"master_deck":["Survivor+1","Neutralize+1","AscendersBane","Dodge and Roll+1","Grand Finale+1","Quick Slash+1","Noxious Fumes+1","Backflip+1","Well Laid Plans+1","Prepared","Acrobatics","Burst+1","Crippling Poison+1","Prepared+1"],"special_seed":0,"relics":["Astrolabe","FossilizedHelix","Bottled Lightning","Kunai","The Courier","Tiny Chest","Busted Crown","Medical Kit","Tough Bandages","Letter Opener","Sundial","Anchor","Happy Flower","Pen Nib","Eternal Feather","Mango","Bottled Flame","Centennial Puzzle","PreservedInsect","Singing Bowl","Turnip"],"potions_floor_usage":[6,10,50],"damage_taken":[{"damage":0,"enemies":"Jaw Worm","floor":1,"turns":5},{"damage":6,"enemies":"3 Sentries","floor":6,"turns":10},{"damage":0,"enemies":"2 Louse","floor":8,"turns":2},{"damage":0,"enemies":"Lagavulin","floor":10,"turns":7},{"damage":0,"enemies":"Small Slimes","floor":11,"turns":4},{"damage":0,"enemies":"Blue Slaver","floor":12,"turns":4},{"damage":0,"enemies":"3 Sentries","floor":13,"turns":9},{"damage":0,"enemies":"The Guardian","floor":16,"turns":7},{"damage":0,"enemies":"3 Byrds","floor":18,"turns":3},{"damage":5,"enemies":"2 Thieves","floor":20,"turns":3},{"damage":0,"enemies":"Colosseum Slavers","floor":21,"turns":3},{"damage":0,"enemies":"Colosseum Nobs","floor":21,"turns":3},{"damage":0,"enemies":"Gremlin Leader","floor":23,"turns":5},{"damage":10,"enemies":"Slavers","floor":25,"turns":2},{"damage":0,"enemies":"Snake Plant","floor":28,"turns":3},{"damage":0,"enemies":"Gremlin Leader","floor":30,"turns":5},{"damage":0,"enemies":"Champ","floor":33,"turns":4},{"damage":0,"enemies":"3 Shapes","floor":35,"turns":3},{"damage":0,"enemies":"Mysterious Sphere","floor":37,"turns":3},{"damage":0,"enemies":"Orb Walker","floor":38,"turns":2},{"damage":0,"enemies":"2 Orb Walkers","floor":40,"turns":3},{"damage":0,"enemies":"Giant Head","floor":42,"turns":3},{"damage":0,"enemies":"2 Orb Walkers","floor":44,"turns":3},{"damage":0,"enemies":"4 Shapes","floor":45,"turns":1},{"damage":0,"enemies":"Reptomancer","floor":46,"turns":2},{"damage":0,"enemies":"Transient","floor":48,"turns":4},{"damage":0,"enemies":"Time Eater","floor":50,"turns":6}],"seed_played":"-5558522398506992597","potions_obtained":[{"floor":1,"key":"EssenceOfSteel"},{"floor":8,"key":"Weak Potion"},{"floor":11,"key":"SpeedPotion"},{"floor":16,"key":"Ancient Potion"},{"floor":33,"key":"GhostInAJar"},{"floor":46,"key":"GhostInAJar"}],"is_trial":false,"path_per_floor":["M","?","?","T","?","E","R","M","T","E","M","M","E","$","R","B",null,"M","$","M","?","?","E","R","E","T","?","M","R","E","$","R","B",null,"M","$","?","M","T","E","R","E","T","E","M","M","?","M","R","B"],"character_chosen":"THE_SILENT","items_purchased":["Medical Kit","Pen Nib"],"campfire_rested":1,"item_purchase_floors":[19,31],"current_hp_per_floor":[59,64,57,57,57,51,51,51,51,51,51,51,51,51,51,51,66,66,66,61,61,61,61,61,51,51,51,51,51,51,51,51,51,66,66,66,80,80,80,80,85,85,85,87,89,91,93,95,95,95],"gold":208,"neow_bonus":"BOSS_RELIC","is_prod":false,"is_daily":false,"chose_seed":false,"campfire_upgraded":6,"win_rate":0,"timestamp":1538760654,"path_taken":["M","?","?","?","?","E","R","M","T","E","M","?","E","$","R","BOSS","M","$","M","?","?","E","R","E","T","?","M","R","E","$","R","BOSS","M","$","?","M","?","E","R","E","T","E","M","M","?","M","R","BOSS"],"build_version":"2018-10-04","purchased_purges":4,"victory":true,"max_hp_per_floor":[66,71,71,71,71,71,71,71,71,71,71,71,71,71,71,71,71,71,71,71,71,71,71,71,71,71,71,71,71,71,71,71,71,71,71,71,85,85,85,85,85,85,85,87,89,91,93,95,95,95],"card_choices":[{"not_picked":["Cloak And Dagger","Flying Knee"],"picked":"Noxious Fumes","floor":1},{"not_picked":["Bane","Prepared"],"picked":"Backflip","floor":6},{"not_picked":["Quick Slash","Finisher"],"picked":"Well Laid Plans","floor":8},{"not_picked":["Deadly Poison","Leg Sweep","Concentrate"],"picked":"SKIP","floor":10},{"not_picked":["Endless Agony","Wraith Form v2"],"picked":"Prepared","floor":11},{"not_picked":["Underhanded Strike","Dagger Spray"],"picked":"Acrobatics","floor":12},{"not_picked":["Underhanded Strike","Dodge and Roll","Masterful Stab"],"picked":"SKIP","floor":13},{"not_picked":["Grand Finale","Unload"],"picked":"Burst","floor":16},{"not_picked":[],"picked":"Crippling Poison+1","floor":18},{"not_picked":["Deadly Poison"],"picked":"SKIP","floor":20},{"not_picked":["Malaise"],"picked":"SKIP","floor":23},{"not_picked":["Skewer"],"picked":"SKIP","floor":25},{"not_picked":["Dodge and Roll"],"picked":"SKIP","floor":28},{"not_picked":[],"picked":"Prepared+1","floor":30},{"not_picked":["Acrobatics"],"picked":"SKIP","floor":35},{"not_picked":["Cloak And Dagger"],"picked":"SKIP","floor":38},{"not_picked":["Blade Dance"],"picked":"SKIP","floor":40},{"not_picked":["Underhanded Strike"],"picked":"SKIP","floor":42},{"not_picked":["Slice"],"picked":"Singing Bowl","floor":44},{"not_picked":["Deadly Poison+1"],"picked":"Singing Bowl","floor":45},{"not_picked":["Predator"],"picked":"Singing Bowl","floor":46},{"not_picked":["Deep Breath"],"picked":"Singing Bowl","floor":47},{"not_picked":["Finisher"],"picked":"Singing Bowl","floor":48}],"player_experience":197064,"relics_obtained":[{"floor":4,"key":"FossilizedHelix"},{"floor":6,"key":"Bottled Lightning"},{"floor":9,"key":"Kunai"},{"floor":10,"key":"The Courier"},{"floor":13,"key":"Tiny Chest"},{"floor":21,"key":"Tough Bandages"},{"floor":21,"key":"Letter Opener"},{"floor":23,"key":"Sundial"},{"floor":26,"key":"Anchor"},{"floor":30,"key":"Happy Flower"},{"floor":37,"key":"Mango"},{"floor":39,"key":"Bottled Flame"},{"floor":40,"key":"Centennial Puzzle"},{"floor":42,"key":"PreservedInsect"},{"floor":43,"key":"Singing Bowl"},{"floor":44,"key":"Turnip"}],"event_choices":[{"event_name":"Big Fish","player_choice":"Donut","floor":2,"damage_taken":0},{"event_name":"Golden Wing","player_choice":"Card Removal","floor":3,"damage_taken":0},{"event_name":"Bonfire Elementals","player_choice":"BASIC","floor":5,"damage_taken":0},{"event_name":"Colosseum","player_choice":"Fight","floor":21,"damage_taken":0},{"event_name":"Colosseum","player_choice":"Fought Nobs","floor":21,"damage_taken":0},{"event_name":"N\u0027loth","player_choice":"Ignored","floor":22,"damage_taken":0},{"event_name":"Back to Basics","player_choice":"Elegance","floor":27,"damage_taken":0},{"event_name":"Mysterious Sphere","player_choice":"Fight","floor":37,"damage_taken":0},{"event_name":"SensoryStone","player_choice":"Memory 1","floor":47,"damage_taken":0}],"is_beta":false,"boss_relics":[{"not_picked":["WristBlade","Sozu"],"picked":"Busted Crown"},{"not_picked":["Runic Dome","Runic Pyramid"],"picked":"Eternal Feather"}],"items_purged_floors":[14,19,31,36],"is_endless":false,"potions_floor_spawned":[1,8,11,16,18,20,33,37,40,42,46],"ascension_level":16}