{"gold_per_floor":[109,109,109,122,132,132,164,164,210,221,240,251,251,327,327,432,432,450,450,365,87,87,87,87,87,87,103,103,122,138,138,138,234,234,248,56,71,90,90,90,107,107,107,127,140,156,156,156,156,156],"floor_reached":51,"playtime":1192,"items_purged":["Defend_R"],"score":1048,"play_id":"25876c5d-2cba-4901-921c-c499c40797ef","local_time":"20181011143621","is_ascension_mode":true,"campfire_choices":[{"data":"Whirlwind","floor":6,"key":"SMITH"},{"data":"Flex","floor":8,"key":"SMITH"},{"data":"Uppercut","floor":13,"key":"SMITH"},{"floor":15,"key":"REST"},{"data":"Limit Break","floor":23,"key":"SMITH"},{"data":"Heavy Blade","floor":25,"key":"SMITH"},{"data":"Uppercut","floor":28,"key":"SMITH"},{"data":"Double Tap","floor":32,"key":"SMITH"},{"floor":40,"key":"REST"},{"floor":47,"key":"REST"},{"data":"Disarm","floor":49,"key":"SMITH"}],"neow_cost":"TEN_PERCENT_HP_LOSS","seed_source_timestamp":10618547158162,"circlet_count":0,"master_deck":["Strike_R","Strike_R","Defend_R","Defend_R","Bash","AscendersBane","Reaper","Disarm+1","Whirlwind+1","Flex+1","Double Tap+1","Uppercut+1","Flame Barrier","Limit Break+1","Disarm+1","Necronomicurse","Uppercut+1","Heavy Blade+1","Shockwave+1","Reaper","Limit Break+1"],"relics":["Burning Blood","Regal Pillow","Juzu Bracelet","Snecko Eye","Necronomicon","Bag of Preparation","Strange Spoon","Pantograph","Bird Faced Urn","Busted Crown","DollysMirror","War Paint","Incense Burner"],"potions_floor_usage":[50,50],"damage_taken":[{"damage":10,"enemies":"Small Slimes","floor":1,"turns":4},{"damage":13,"enemies":"2 Louse","floor":4,"turns":4},{"damage":6,"enemies":"Cultist","floor":5,"turns":3},{"damage":34,"enemies":"Gremlin Nob","floor":7,"turns":4},{"damage":0,"enemies":"3 Louse","floor":10,"turns":2},{"damage":33,"enemies":"Exordium Thugs","floor":11,"turns":4},{"damage":13,"enemies":"Blue Slaver","floor":12,"turns":2},{"damage":47,"enemies":"The Guardian","floor":16,"turns":13},{"damage":28,"enemies":"2 Thieves","floor":18,"turns":5},{"damage":0,"enemies":"Spheric Guardian","floor":27,"turns":2},{"damage":14,"enemies":"Shelled Parasite and Fungi","floor":29,"turns":2},{"damage":0,"enemies":"Centurion and Healer","floor":30,"turns":1},{"damage":78,"enemies":"Automaton","floor":33,"turns":10},{"damage":10,"enemies":"Orb Walker","floor":35,"turns":2},{"damage":16,"enemies":"3 Shapes","floor":37,"turns":1},{"damage":31,"enemies":"Transient","floor":38,"turns":5},{"damage":21,"enemies":"Maw","floor":41,"turns":8},{"damage":20,"enemies":"Sphere and 2 Shapes","floor":44,"turns":1},{"damage":24,"enemies":"Transient","floor":45,"turns":5},{"damage":28,"enemies":"Spire Growth","floor":46,"turns":3},{"damage":38,"enemies":"Time Eater","floor":50,"turns":5}],"seed_played":"5009673114583292788","potions_obtained":[{"floor":3,"key":"PowerPotion"},{"floor":3,"key":"Swift Potion"},{"floor":10,"key":"Ancient Potion"},{"floor":33,"key":"Swift Potion"},{"floor":37,"key":"Strength Potion"}],"is_trial":false,"path_per_floor":["M","?","?","M","M","R","E","R","T","M","M","M","R","?","R","B",null,"M","?","?","$","?","R","?","R","T","M","R","M","M","?","R","B",null,"M","$","M","M","?","R","M","?","T","M","M","M","R","?","R","B"],"character_chosen":"IRONCLAD","items_purchased":["Strange Spoon","DollysMirror"],"campfire_rested":3,"item_purchase_floors":[21,36],"current_hp_per_floor":[68,68,68,65,65,65,37,37,37,43,32,25,25,25,61,32,62,50,34,34,34,34,34,34,34,34,40,40,32,38,38,38,7,56,52,52,42,23,23,59,66,66,66,52,46,30,66,66,66,40],"gold":156,"neow_bonus":"THREE_RARE_CARDS","is_prod":false,"is_daily":false,"chose_seed":false,"campfire_upgraded":8,"win_rate":0,"timestamp":1539239781,"path_taken":["M","?","?","M","M","R","E","R","T","M","M","M","R","?","R","BOSS","M","?","?","$","?","R","?","R","T","M","R","M","M","?","R","BOSS","M","$","M","M","?","R","M","?","T","M","M","M","R","?","R","BOSS"],"build_version":"2018-10-04v2","purchased_purges":1,"victory":true,"max_hp_per_floor":[72,72,72,72,72,72,72,72,72,72,72,72,72,72,72,72,72,72,72,72,72,72,72,72,72,72,72,72,72,72,72,72,72,72,72,72,72,72,72,72,72,72,72,72,72,72,72,72,72,72],"card_choices":[{"not_picked":["Immolate","Bludgeon"],"picked":"Reaper","floor":0},{"not_picked":["Armaments","Thunderclap"],"picked":"Disarm","floor":1},{"not_picked":["Body Slam","Clothesline"],"picked":"Whirlwind","floor":4},{"not_picked":["Armaments","Dual Wield"],"picked":"Flex","floor":5},{"not_picked":["Intimidate","Evolve"],"picked":"Double Tap","floor":7},{"not_picked":["Clothesline","Corruption"],"picked":"Uppercut","floor":10},{"not_picked":["Searing Blow","True Grit","Dual Wield"],"picked":"SKIP","floor":11},{"not_picked":["Thunderclap","Clothesline"],"picked":"Flame Barrier","floor":12},{"not_picked":["Brutality","Demon Form"],"picked":"Limit Break","floor":16},{"not_picked":["Havoc","Pommel Strike"],"picked":"Disarm","floor":18},{"not_picked":["Clash","Flex"],"picked":"Shockwave","floor":27},{"not_picked":["Pommel Strike","Carnage","Clash"],"picked":"SKIP","floor":29},{"not_picked":["Havoc","Sever Soul","Infernal Blade"],"picked":"SKIP","floor":30},{"not_picked":["Immolate","Bludgeon"],"picked":"Reaper","floor":33},{"not_picked":["Cleave"],"picked":"SKIP","floor":35},{"not_picked":["Clash"],"picked":"SKIP","floor":37},{"not_picked":["Cleave"],"picked":"SKIP","floor":38},{"not_picked":["Body Slam"],"picked":"SKIP","floor":41},{"not_picked":["True Grit"],"picked":"SKIP","floor":44},{"not_picked":["Body Slam"],"picked":"SKIP","floor":45},{"not_picked":["Rage"],"picked":"SKIP","floor":46}],"player_experience":106429,"relics_obtained":[{"floor":7,"key":"Regal Pillow"},{"floor":9,"key":"Juzu Bracelet"},{"floor":19,"key":"Necronomicon"},{"floor":26,"key":"Pantograph"},{"floor":39,"key":"War Paint"},{"floor":43,"key":"Incense Burner"}],"event_choices":[{"event_name":"Living Wall","player_choice":"Forget","floor":2,"damage_taken":0},{"event_name":"The Lab","player_choice":"Got Potions","floor":3,"damage_taken":0},{"event_name":"Golden Wing","player_choice":"Gained Gold","floor":14,"damage_taken":0},{"event_name":"Cursed Tome","player_choice":"Obtained Book","floor":19,"damage_taken":0},{"event_name":"Addict","player_choice":"Obtained Relic","floor":20,"damage_taken":0},{"event_name":"The Mausoleum","player_choice":"No","floor":22,"damage_taken":0},{"event_name":"Drug Dealer","player_choice":"Became Test Subject","floor":24,"damage_taken":0},{"event_name":"WeMeetAgain","player_choice":"Potion","floor":31,"damage_taken":0},{"event_name":"Wheel of Change","player_choice":"Relic","floor":39,"damage_taken":0},{"event_name":"Purifier","player_choice":"One Purge","floor":42,"damage_taken":0},{"event_name":"Mysterious Sphere","player_choice":"Ignore","floor":48,"damage_taken":0}],"is_beta":false,"boss_relics":[{"not_picked":["Runic Cube","Astrolabe"],"picked":"Snecko Eye"},{"not_picked":["Black Blood","Philosopher\u0027s Stone"],"picked":"Busted Crown"}],"items_purged_floors":[21],"is_endless":false,"potions_floor_spawned":[5,7,10,18,30,33,37,45],"ascension_level":12}