{"gold_per_floor":[112,112,112,37,57,57,97,247,247,247,266,7,28,28,28,28],"floor_reached":16,"playtime":239,"items_purged":["Regret"],"score":246,"play_id":"0ba6a1fb-1187-484e-b188-a2824ed21c54","local_time":"20190418160246","is_ascension_mode":true,"campfire_choices":[{"data":"Neutralize","floor":6,"key":"SMITH"},{"data":"Backflip","floor":10,"key":"SMITH"},{"data":"Well Laid Plans","floor":15,"key":"SMITH"}],"neow_cost":"NONE","seed_source_timestamp":13942358235261,"circlet_count":0,"master_deck":["AscendersBane","Defend_G","Defend_G","Defend_G","Defend_G","Defend_G+1","Strike_G","Strike_G","Strike_G","Strike_G","Strike_G","Survivor+1","Neutralize+1","Backflip+1","Backflip","After Image","Doubt","Outmaneuver","Well Laid Plans+1","Footwork","Footwork"],"special_seed":0,"relics":["Ring of the Snake","NeowsBlessing","Golden Idol","War Paint","Bag of Marbles","The Courier","Bag of Preparation"],"potions_floor_usage":[13],"damage_taken":[{"damage":0.0,"enemies":"2 Louse","floor":1.0,"turns":1.0},{"damage":0,"enemies":"Jaw Worm","floor":5,"turns":1},{"damage":0,"enemies":"3 Sentries","floor":7,"turns":1},{"damage":0,"enemies":"Cultist","floor":11,"turns":5},{"damage":4,"enemies":"Gremlin Gang","floor":13,"turns":5},{"damage":0,"enemies":"Slime Boss","floor":16,"turns":1}],"seed_played":"3173588736065583832","potions_obtained":[{"floor":5,"key":"FearPotion"},{"floor":11,"key":"FearPotion"},{"floor":14,"key":"Dexterity Potion"}],"is_trial":false,"path_per_floor":["M","?","?","$","M","R","E","?","T","R","M","$","M","?","R","B"],"character_chosen":"THE_SILENT","items_purchased":["Well Laid Plans","Footwork","Bag of Preparation"],"campfire_rested":0,"item_purchase_floors":[12,12,12],"current_hp_per_floor":[59,59,59,59,59,59,59,59,59,59,59,59,55,55,55,55],"gold":28,"neow_bonus":"THREE_ENEMY_KILL","is_prod":false,"is_daily":false,"chose_seed":false,"campfire_upgraded":3,"win_rate":0,"timestamp":1555574566,"path_taken":["M","?","?","$","M","R","E","?","T","R","M","$","?","?","R","BOSS"],"build_version":"2019-01-23","purchased_purges":1,"victory":false,"max_hp_per_floor":[66,60,60,60,60,60,60,60,60,60,60,60,60,60,60,60],"card_choices":[{"not_picked":["Sucker Punch","Quick Slash"],"picked":"Backflip","floor":1.0},{"not_picked":["Terror","Sucker Punch"],"picked":"Backflip","floor":5},{"not_picked":["Flying Knee","Noxious Fumes"],"picked":"After Image","floor":7},{"not_picked":["Flechettes","Dagger Spray"],"picked":"Outmaneuver","floor":11},{"not_picked":["Heel Hook","Backflip"],"picked":"Footwork","floor":13}],"player_experience":4377596,"relics_obtained":[{"floor":7,"key":"Bag of Marbles"},{"floor":9,"key":"The Courier"}],"event_choices":[{"damage_healed":0.0,"max_hp_gain":0.0,"max_hp_loss":6.0,"gold_gain":0.0,"event_name":"Golden Idol","player_choice":"Lose Max HP","floor":2.0,"gold_loss":0.0,"damage_taken":0.0,"relics_obtained":["Golden Idol"]},{"damage_healed":0,"gold_gain":0,"player_choice":"Box","damage_taken":0,"relics_obtained":["War Paint"],"max_hp_gain":0,"max_hp_loss":0,"event_name":"Big Fish","floor":3,"gold_loss":0,"cards_obtained":["Regret"]},{"damage_healed":0,"gold_gain":150,"player_choice":"AGREE","damage_taken":0,"max_hp_gain":0,"max_hp_loss":0,"event_name":"Liars Game","floor":8,"gold_loss":0,"cards_obtained":["Doubt"]},{"damage_healed":0,"gold_gain":0,"player_choice":"Got Potions","damage_taken":0,"max_hp_gain":0,"max_hp_loss":0,"event_name":"Lab","floor":14,"gold_loss":0}],"is_beta":false,"boss_relics":[],"items_purged_floors":[4],"is_endless":false,"potions_floor_spawned":[5,11],"killed_by":"Slime Boss","ascension_level":20}