{"gold_per_floor":[359,369,250,269,285,298,298,298,321,282,282,282,299,114,114,190,190,201,471,490,490,490,490,506,506,533,533,543,553,553,564,564,637,637,648,667,116,133,150,150,182,197,220,249,263,263,280,297,297,297,297,297,297,47,77,77],"floor_reached":57,"playtime":3688,"items_purged":["Defend_G","Strike_G","Bite","Defend_G"],"score":2830,"play_id":"a0745163-c0f6-4e29-9757-f5af6626696d","local_time":"20181228190738","is_ascension_mode":true,"campfire_choices":[{"data":"Catalyst","floor":7.0,"key":"SMITH"},{"data":"Bouncing Flask","floor":11.0,"key":"SMITH"},{"data":"Well Laid Plans","floor":15.0,"key":"SMITH"},{"data":"Noxious Fumes","floor":23.0,"key":"SMITH"},{"data":"Wraith Form v2","floor":25.0,"key":"SMITH"},{"data":"Neutralize","floor":27.0,"key":"SMITH"},{"data":"Footwork","floor":30.0,"key":"SMITH"},{"floor":32.0,"key":"RECALL"},{"data":"Catalyst","floor":40.0,"key":"SMITH"},{"data":"Burst","floor":46,"key":"SMITH"},{"data":"Malaise","floor":49,"key":"SMITH"},{"data":"Leg Sweep","floor":53,"key":"SMITH"}],"neow_cost":"PERCENT_DAMAGE","seed_source_timestamp":0,"circlet_count":0,"master_deck":["AscendersBane","Defend_G","Defend_G","Defend_G","Survivor","Neutralize+1","Backflip","Well Laid Plans+1","Leg Sweep+1","Bouncing Flask+1","Backflip","Catalyst+1","Footwork+1","After Image","Noxious Fumes+1","Bite","Bite","Bite+1","Bite+1","Wraith Form v2+1","Venomology","Burst+1","Backflip+1","Malaise+1","Catalyst+1","Venomology","Caltrops"],"special_seed":0,"relics":["Ring of the Snake","Lantern","Velvet Choker","Nloth\u0027s Gift","Bronze Scales","Runic Pyramid","Oddly Smooth Stone","Pantograph","Whetstone","Anchor","StoneCalendar"],"potions_floor_usage":[44,44,45,45,47,47,48,48,50,50,51,51,51,51,55,55,56],"damage_taken":[{"damage":13.0,"enemies":"Jaw Worm","floor":1.0,"turns":8.0},{"damage":4.0,"enemies":"Small Slimes","floor":2.0,"turns":5.0},{"damage":1.0,"enemies":"Cultist","floor":4.0,"turns":4.0},{"damage":5.0,"enemies":"3 Louse","floor":5.0,"turns":5.0},{"damage":10.0,"enemies":"Large Slime","floor":6.0,"turns":9.0},{"damage":0.0,"enemies":"Gremlin Gang","floor":13.0,"turns":6.0},{"damage":0.0,"enemies":"Hexaghost","floor":16.0,"turns":7.0},{"damage":9.0,"enemies":"Chosen","floor":18.0,"turns":4.0},{"damage":0.0,"enemies":"3 Byrds","floor":20.0,"turns":6.0},{"damage":3.0,"enemies":"Snake Plant","floor":24.0,"turns":5.0},{"damage":0.0,"enemies":"Snecko","floor":28.0,"turns":6.0},{"damage":20.0,"enemies":"3 Cultists","floor":29.0,"turns":7.0},{"damage":6.0,"enemies":"Snake Plant","floor":31.0,"turns":5.0},{"damage":41.0,"enemies":"Collector","floor":33.0,"turns":11.0},{"damage":4.0,"enemies":"3 Shapes","floor":35.0,"turns":5.0},{"damage":0.0,"enemies":"Orb Walker","floor":36.0,"turns":4.0},{"damage":3.0,"enemies":"Transient","floor":38.0,"turns":6.0},{"damage":0.0,"enemies":"Writhing Mass","floor":39.0,"turns":4.0},{"damage":0.0,"enemies":"Giant Head","floor":41.0,"turns":5.0},{"damage":2.0,"enemies":"Sphere and 2 Shapes","floor":42.0,"turns":7.0},{"damage":26,"enemies":"Reptomancer","floor":44,"turns":6},{"damage":0,"enemies":"3 Darklings","floor":45,"turns":6},{"damage":28,"enemies":"Spire Growth","floor":47,"turns":8},{"damage":0,"enemies":"Transient","floor":48,"turns":6},{"damage":46,"enemies":"Donu and Deca","floor":50,"turns":13},{"damage":48,"enemies":"Awakened One","floor":51,"turns":24},{"damage":43,"enemies":"Shield and Spear","floor":55,"turns":11},{"damage":52,"enemies":"The Heart","floor":56,"turns":11}],"seed_played":"8257981353124117593","potions_obtained":[{"floor":4.0,"key":"Weak Potion"},{"floor":13.0,"key":"Ancient Potion"},{"floor":20.0,"key":"Strength Potion"},{"floor":44,"key":"GhostInAJar"}],"is_trial":false,"path_per_floor":["M","M","$","M","M","M","R","?","T","?","R","?","M","$","R","B",null,"M","?","M","?","?","R","M","R","T","R","M","M","R","M","R","B",null,"M","M","$","M","M","R","E","M","T","E","M","R","M","M","R","B","B",null,"R","$","E","B",null],"character_chosen":"THE_SILENT","items_purchased":["Leg Sweep","Footwork","Oddly Smooth Stone","Pantograph","Poison Potion","Caltrops"],"campfire_rested":0,"item_purchase_floors":[3,14,37,37,54,54],"current_hp_per_floor":[31,27,27,26,21,11,11,6,6,6,6,6,6,6,6,6,51,42,18,18,18,18,18,25,25,25,25,43,36,36,44,44,33,43,42,46,46,46,46,46,46,46,46,30,42,42,34,46,46,27,46,46,46,46,23,4],"gold":77,"neow_bonus":"TWO_FIFTY_GOLD","is_prod":false,"is_daily":false,"chose_seed":false,"campfire_upgraded":11,"win_rate":0,"timestamp":1545995258,"path_taken":["M","M","$","M","M","M","R","?","T","?","R","?","M","$","R","BOSS","M","?","?","?","?","R","M","R","T","R","M","M","R","M","R","BOSS","M","M","$","M","M","R","E","M","T","E","M","R","M","?","R","BOSS","BOSS","R","$","E","BOSS"],"build_version":"2018-12-20","purchased_purges":4,"victory":true,"max_hp_per_floor":[66,66,66,66,66,66,66,66,66,66,66,66,66,66,66,66,66,66,66,66,46,46,46,46,46,46,46,46,46,46,46,46,46,46,46,46,46,46,46,46,46,46,46,46,46,46,46,46,46,46,46,46,46,46,46,46],"card_choices":[{"not_picked":["Acrobatics","Dagger Throw"],"picked":"Backflip","floor":1.0},{"not_picked":["Reflex","Footwork"],"picked":"Well Laid Plans","floor":2.0},{"not_picked":["Terror","Dagger Spray"],"picked":"Bouncing Flask","floor":4.0},{"not_picked":["Endless Agony","Cloak And Dagger"],"picked":"Backflip","floor":5.0},{"not_picked":["Bane","Bouncing Flask"],"picked":"Catalyst","floor":6.0},{"not_picked":["Backstab","Sucker Punch","A Thousand Cuts"],"picked":"SKIP","floor":13.0},{"not_picked":["Unload","Bullet Time"],"picked":"After Image","floor":16.0},{"not_picked":["Underhanded Strike","Finisher"],"picked":"Noxious Fumes","floor":18.0},{"not_picked":["Dagger Spray","Bane","Deflect+1"],"picked":"SKIP","floor":20.0},{"not_picked":["Prepared+1","Blur"],"picked":"Wraith Form v2","floor":24.0},{"not_picked":["Bouncing Flask","Distraction","PiercingWail"],"picked":"SKIP","floor":28.0},{"not_picked":["Slice","Prepared","Dagger Spray+1"],"picked":"SKIP","floor":29.0},{"not_picked":["Grand Finale","Deadly Poison"],"picked":"Venomology","floor":31.0},{"not_picked":["Adrenaline","Night Terror"],"picked":"Burst","floor":33.0},{"not_picked":["Dagger Throw+1","Infinite Blades"],"picked":"Backflip+1","floor":35.0},{"not_picked":["Dodge and Roll","Cloak And Dagger"],"picked":"Malaise","floor":36.0},{"not_picked":["Cloak And Dagger","Noxious Fumes"],"picked":"Catalyst","floor":38.0},{"not_picked":["Masterful Stab","Slice","Outmaneuver+1"],"picked":"SKIP","floor":39.0},{"not_picked":["Outmaneuver+1","Escape Plan"],"picked":"Venomology","floor":41.0},{"not_picked":["Flying Knee","Dodge and Roll","Backstab"],"picked":"SKIP","floor":42.0},{"not_picked":["Flying Knee","Bullet Time","Storm of Steel"],"picked":"SKIP","floor":44},{"not_picked":["Flying Knee","Bullet Time","Storm of Steel"],"picked":"SKIP","floor":44},{"not_picked":["Calculated Gamble","Endless Agony","Dodge and Roll+1"],"picked":"SKIP","floor":45},{"not_picked":["Riddle With Holes","Distraction","Flying Knee+1"],"picked":"SKIP","floor":47},{"not_picked":["Flying Knee","Dagger Spray+1","Deadly Poison"],"picked":"SKIP","floor":48},{"not_picked":["Slice","Outmaneuver+1","Escape Plan"],"picked":"SKIP","floor":55}],"player_experience":1545524,"relics_obtained":[{"floor":9.0,"key":"Ancient Tea Set"},{"floor":26.0,"key":"Bronze Scales"},{"floor":41.0,"key":"Whetstone"},{"floor":44,"key":"Anchor"},{"floor":55,"key":"StoneCalendar"}],"event_choices":[{"damage_healed":0.0,"max_hp_gain":0.0,"max_hp_loss":0.0,"gold_gain":0.0,"event_name":"Scrap Ooze","player_choice":"Success","floor":8.0,"gold_loss":0.0,"damage_taken":5.0,"relics_obtained":["Lantern"]},{"damage_healed":0.0,"max_hp_gain":0.0,"max_hp_loss":0.0,"gold_gain":0.0,"event_name":"World of Goop","player_choice":"Left Gold","floor":10.0,"gold_loss":39.0,"damage_taken":0.0},{"damage_healed":0.0,"max_hp_gain":0.0,"max_hp_loss":0.0,"gold_gain":0.0,"event_name":"Shining Light","player_choice":"Ignored","floor":12.0,"gold_loss":0.0,"damage_taken":0.0},{"damage_healed":0.0,"max_hp_gain":0.0,"max_hp_loss":0.0,"gold_gain":270.0,"event_name":"Knowing Skull","player_choice":"GOLD GOLD GOLD ","floor":19.0,"potions_obtained":[],"gold_loss":0.0,"damage_taken":24.0,"cards_obtained":[]},{"damage_healed":0.0,"max_hp_gain":0.0,"max_hp_loss":20.0,"gold_gain":0.0,"event_name":"Vampires","player_choice":"Became a vampire","floor":21.0,"gold_loss":0.0,"damage_taken":0.0,"cards_obtained":["Bite","Bite","Bite","Bite","Bite"]},{"damage_healed":0.0,"max_hp_gain":0.0,"max_hp_loss":0.0,"gold_gain":0.0,"event_name":"N\u0027loth","player_choice":"Traded Relic","floor":22.0,"relics_lost":["Ancient Tea Set"],"gold_loss":0.0,"damage_taken":0.0,"relics_obtained":["Nloth\u0027s Gift"]}],"is_beta":false,"boss_relics":[{"not_picked":["Busted Crown","Fusion Hammer"],"picked":"Velvet Choker"},{"not_picked":["Astrolabe","Eternal Feather"],"picked":"Runic Pyramid"}],"items_purged_floors":[3,14,37,54],"is_endless":false,"potions_floor_spawned":[4,13,20,24,28,36,41,44,45,47],"ascension_level":20}