{"gold_per_floor":[111,111,61,61,61,61,82,82,82,125,141,154,154,177,177,270,270,291,26,47,61,61,61,61],"floor_reached":24,"playtime":1407,"items_purged":["Strike_R"],"score":333,"play_id":"6a9a924a-27f7-4afb-b4d4-852c924dbf6b","local_time":"20190803225314","is_ascension_mode":true,"campfire_choices":[{"data":"Headbutt","floor":6,"key":"SMITH"},{"data":"Body Slam","floor":8,"key":"SMITH"},{"data":"True Grit","floor":13,"key":"SMITH"},{"data":"Defend_R","floor":15,"key":"SMITH"},{"floor":23,"key":"REST"}],"neow_cost":"NONE","seed_source_timestamp":181355000976979,"circlet_count":0,"master_deck":["AscendersBane","Strike_R","Strike_R","Strike_R","Defend_R","Defend_R","Defend_R","Defend_R+1","Bash","Headbutt+1","Body Slam+1","True Grit+1","Heavy Blade","Demon Form","Master of Strategy","Sword Boomerang"],"relics":["Burning Blood","Golden Idol","Dodecahedron","Pantograph","Sozu"],"potions_floor_usage":[12,16,21],"damage_taken":[{"damage":6,"enemies":"2 Louse","floor":1,"turns":3},{"damage":4,"enemies":"Small Slimes","floor":7,"turns":4},{"damage":23,"enemies":"Gremlin Nob","floor":10,"turns":4},{"damage":6,"enemies":"Cultist","floor":11,"turns":4},{"damage":20,"enemies":"Exordium Thugs","floor":12,"turns":5},{"damage":3,"enemies":"Blue Slaver","floor":14,"turns":4},{"damage":65,"enemies":"Hexaghost","floor":16,"turns":10},{"damage":30,"enemies":"2 Thieves","floor":18,"turns":5},{"damage":0,"enemies":"Chosen","floor":20,"turns":4},{"damage":12,"enemies":"3 Cultists","floor":21,"turns":5},{"damage":72,"enemies":"Gremlin Leader","floor":24,"turns":7}],"seed_played":"4302896093134605109","potions_obtained":[{"floor":10,"key":"Explosive Potion"},{"floor":11,"key":"Explosive Potion"},{"floor":12,"key":"AttackPotion"}],"is_trial":false,"path_per_floor":["M","?","?","?","$","R","M","R","T","E","M","M","R","M","R","B",null,"M","$","M","M","?","R","E"],"character_chosen":"IRONCLAD","items_purchased":["Master of Strategy"],"campfire_rested":1,"item_purchase_floors":[19],"current_hp_per_floor":[75,75,75,75,75,75,76,76,76,59,59,45,45,48,48,14,61,37,37,43,37,37,59,0],"gold":61,"neow_bonus":"TEN_PERCENT_HP_BONUS","is_prod":false,"is_daily":false,"chose_seed":false,"campfire_upgraded":4,"win_rate":0,"timestamp":1564890794,"path_taken":["M","?","?","?","$","R","M","R","T","E","M","M","R","M","R","BOSS","M","$","M","?","?","R","E"],"build_version":"2019-07-17","purchased_purges":1,"victory":false,"max_hp_per_floor":[82,76,76,76,76,76,76,76,76,76,76,76,76,76,76,76,76,76,76,76,76,76,76,76],"card_choices":[{"not_picked":["Armaments","Perfected Strike"],"picked":"Headbutt","floor":1},{"not_picked":["Flex","Headbutt"],"picked":"Body Slam","floor":7},{"not_picked":["Second Wind","Reckless Charge","Dual Wield"],"picked":"SKIP","floor":10},{"not_picked":["Rampage","Body Slam"],"picked":"True Grit","floor":11},{"not_picked":["Anger","Infernal Blade","Thunderclap"],"picked":"SKIP","floor":12},{"not_picked":["Feel No Pain","Disarm"],"picked":"Heavy Blade","floor":14},{"not_picked":["Immolate","Offering"],"picked":"Demon Form","floor":16},{"not_picked":["Flex","Inflame","Clash"],"picked":"SKIP","floor":18},{"not_picked":["Sentinel","Warcry","Uppercut"],"picked":"SKIP","floor":20},{"not_picked":["Cleave","Blood for Blood+1"],"picked":"Sword Boomerang","floor":21}],"player_experience":444616,"relics_obtained":[{"floor":9,"key":"Dodecahedron"},{"floor":10,"key":"Pantograph"}],"event_choices":[{"damage_healed":0,"gold_gain":0,"player_choice":"Lose Max HP","damage_taken":0,"relics_obtained":["Golden Idol"],"max_hp_gain":0,"max_hp_loss":6,"event_name":"Golden Idol","floor":2,"gold_loss":0},{"cards_removed":["Strike_R"],"damage_healed":0,"gold_gain":0,"player_choice":"Card Removal","damage_taken":0,"max_hp_gain":0,"max_hp_loss":0,"event_name":"The Cleric","floor":3,"gold_loss":50},{"damage_healed":0,"gold_gain":0,"player_choice":"Bought 0 Potions","damage_taken":0,"max_hp_gain":0,"max_hp_loss":0,"event_name":"The Woman in Blue","floor":4,"gold_loss":0}],"is_beta":false,"boss_relics":[{"not_picked":["Runic Dome","Black Blood"],"picked":"Sozu"}],"items_purged_floors":[19],"is_endless":false,"potions_floor_spawned":[10,11,12,20],"killed_by":"Gremlin Leader","ascension_level":14}