{"gold_per_floor":[117,117,38,38,61,61,61,61,61,61,86,117,117,42,42,42],"floor_reached":16,"playtime":511,"items_purged":["Strike_R"],"score":192,"play_id":"768c0ffa-33ba-48a3-9500-bd96b104759b","local_time":"20190712212336","is_ascension_mode":true,"campfire_choices":[{"floor":6,"key":"REST"},{"data":"Juggernaut","floor":8,"key":"SMITH"},{"floor":10,"key":"REST"},{"data":"Shrug It Off","floor":15,"key":"SMITH"}],"neow_cost":"PERCENT_DAMAGE","seed_source_timestamp":258596766652760,"circlet_count":0,"master_deck":["AscendersBane","Strike_R","Strike_R","Strike_R","Strike_R","Defend_R","Defend_R","Defend_R","Defend_R","Bash","Juggernaut+1","Spot Weakness","Ghostly Armor","Feel No Pain","Shrug It Off+1"],"relics":["Burning Blood","Golden Idol","Darkstone Periapt","Blue Candle","Unceasing Top","Regal Pillow"],"potions_floor_usage":[12],"damage_taken":[{"damage":6,"enemies":"Cultist","floor":1,"turns":4},{"damage":15,"enemies":"Small Slimes","floor":5,"turns":4},{"damage":3,"enemies":"2 Louse","floor":11,"turns":4},{"damage":20,"enemies":"Lagavulin","floor":12,"turns":9},{"damage":30,"enemies":"The Guardian","floor":16,"turns":5}],"seed_played":"-8296235003311672321","potions_obtained":[{"floor":1,"key":"SkillPotion"},{"floor":11,"key":"Weak Potion"}],"is_trial":false,"path_per_floor":["M","$","$","?","M","R","?","R","T","R","M","E","?","$","R","B"],"character_chosen":"IRONCLAD","items_purchased":["Ghostly Armor"],"campfire_rested":2,"item_purchase_floors":[3],"current_hp_per_floor":[50,50,50,24,15,37,19,19,19,41,44,30,30,30,30,0],"gold":42,"neow_bonus":"THREE_RARE_CARDS","is_prod":false,"is_daily":false,"chose_seed":false,"campfire_upgraded":2,"win_rate":0,"timestamp":1562959416,"path_taken":["M","?","$","?","M","R","?","R","T","R","M","E","?","$","R","BOSS"],"build_version":"2019-07-05","purchased_purges":1,"victory":false,"max_hp_per_floor":[75,75,75,75,75,75,75,75,75,75,75,75,75,75,75,75],"card_choices":[{"not_picked":["Brutality","Limit Break"],"picked":"Juggernaut","floor":0},{"not_picked":["Sword Boomerang","Perfected Strike"],"picked":"Spot Weakness","floor":1},{"not_picked":["Bloodletting","Flex","Perfected Strike"],"picked":"SKIP","floor":5},{"not_picked":["Clothesline","Wild Strike"],"picked":"Feel No Pain","floor":11},{"not_picked":["Entrench","Inflame"],"picked":"Shrug It Off","floor":12}],"player_experience":692004,"relics_obtained":[{"floor":9,"key":"Blue Candle"},{"floor":12,"key":"Unceasing Top"}],"event_choices":[{"damage_healed":0,"gold_gain":0,"player_choice":"Take Damage","damage_taken":26,"relics_obtained":["Golden Idol"],"max_hp_gain":0,"max_hp_loss":0,"event_name":"Golden Idol","floor":4,"gold_loss":0},{"damage_healed":0,"gold_gain":0,"player_choice":"Success","damage_taken":18,"relics_obtained":["Darkstone Periapt"],"max_hp_gain":0,"max_hp_loss":0,"event_name":"Scrap Ooze","floor":7,"gold_loss":0},{"damage_healed":0,"gold_gain":0,"player_choice":"Gave Potion","damage_taken":0,"relics_obtained":["Regal Pillow"],"max_hp_gain":0,"max_hp_loss":0,"event_name":"WeMeetAgain","floor":13,"gold_loss":0}],"is_beta":false,"boss_relics":[],"items_purged_floors":[14],"is_endless":false,"potions_floor_spawned":[1,11],"killed_by":"The Guardian","ascension_level":20}