{"gold_per_floor":[116,116,132,147,159,159,193,193,266,266,297,309,328,362,362,439,439,456,469,131,131,181,181,210,210,210,210,56,56,85,105,105,177,177,195,208,83,97,97,97,108,108,108,0,16,16,16,16,16,16],"floor_reached":50,"playtime":1682,"items_purged":["Strike_B","Strike_B","Defend_B"],"score":993,"play_id":"9b929592-f738-46d6-bfb7-bd9603102eb9","local_time":"20181012013055","is_ascension_mode":true,"campfire_choices":[{"data":"Zap","floor":6.0,"key":"SMITH"},{"data":"Streamline","floor":8.0,"key":"SMITH"},{"data":"Hologram","floor":15.0,"key":"SMITH"},{"data":"Buffer","floor":23,"key":"SMITH"},{"data":"Strike_B","floor":25,"key":"PURGE"},{"data":"Defend_B","floor":27,"key":"PURGE"},{"data":"Hologram","floor":29,"key":"SMITH"},{"data":"Beam Cell","floor":32,"key":"SMITH"},{"data":"Defend_B","floor":40,"key":"PURGE"},{"data":"Reboot","floor":47,"key":"SMITH"},{"data":"Master of Strategy","floor":49,"key":"SMITH"}],"neow_cost":"NONE","seed_source_timestamp":91291946567218,"circlet_count":0,"master_deck":["Defend_B+1","Zap+1","AscendersBane","Scrape+1","BootSequence","Turbo","Streamline+1","Buffer+1","FTL","Hologram+1","Beam Cell+1","Gash","Reboot+1","Streamline+1","Gash","Leap","Hologram+1","Gash","Reprogram+1","Core Surge","Beam Cell+1","Gash","Master of Strategy+1"],"special_seed":0,"relics":["Cracked Core","Omamori","Ginger","Dodecahedron","Blood Vial","Peace Pipe","Eternal Feather","Happy Flower","Anchor","Symbiotic Virus","Bronze Scales","Coffee Dripper","Mercury Hourglass","Red Mask"],"potions_floor_usage":[16,19,30,41,50,50],"damage_taken":[{"damage":1.0,"enemies":"Cultist","floor":1.0,"turns":3.0},{"damage":8.0,"enemies":"2 Louse","floor":3.0,"turns":2.0},{"damage":0.0,"enemies":"Small Slimes","floor":4.0,"turns":2.0},{"damage":7.0,"enemies":"2 Fungi Beasts","floor":5.0,"turns":4.0},{"damage":15.0,"enemies":"Lagavulin","floor":7.0,"turns":6.0},{"damage":7.0,"enemies":"3 Sentries","floor":11.0,"turns":7.0},{"damage":0.0,"enemies":"Exordium Thugs","floor":12.0,"turns":4.0},{"damage":0.0,"enemies":"Exordium Wildlife","floor":13.0,"turns":4.0},{"damage":0.0,"enemies":"Gremlin Nob","floor":14.0,"turns":3.0},{"damage":20,"enemies":"Hexaghost","floor":16,"turns":8},{"damage":1,"enemies":"Spheric Guardian","floor":18,"turns":3},{"damage":25,"enemies":"Shell Parasite","floor":19,"turns":5},{"damage":19,"enemies":"Gremlin Leader","floor":24,"turns":8},{"damage":17,"enemies":"Slavers","floor":30,"turns":4},{"damage":0,"enemies":"Snecko","floor":31,"turns":4},{"damage":21,"enemies":"Champ","floor":33,"turns":8},{"damage":0,"enemies":"Orb Walker","floor":35,"turns":2},{"damage":36,"enemies":"3 Darklings","floor":36,"turns":7},{"damage":41,"enemies":"Reptomancer","floor":38,"turns":5},{"damage":0,"enemies":"Transient","floor":41,"turns":6},{"damage":11,"enemies":"Sphere and 2 Shapes","floor":45,"turns":2},{"damage":50,"enemies":"Time Eater","floor":50,"turns":6}],"seed_played":"1815453043486195808","potions_obtained":[{"floor":4.0,"key":"FearPotion"},{"floor":7.0,"key":"Fruit Juice"},{"floor":13.0,"key":"Energy Potion"},{"floor":14.0,"key":"FearPotion"},{"floor":16,"key":"Weak Potion"},{"floor":24,"key":"Energy Potion"},{"floor":30,"key":"Weak Potion"},{"floor":38,"key":"Strength Potion"},{"floor":41,"key":"LiquidBronze"}],"is_trial":false,"path_per_floor":["M","?","M","M","M","R","E","R","T","?","E","M","M","E","R","B",null,"M","M","$","?","?","R","E","R","T","R","$","R","E","M","R","B",null,"M","M","$","M","$","R","M","?","T","?","M","?","R","?","R"],"character_chosen":"DEFECT","items_purchased":["Gash","Happy Flower","Leap","Gash"],"campfire_rested":0,"item_purchase_floors":[20,20,20,28],"current_hp_per_floor":[63,68,60,60,53,53,38,38,38,15,13,15,17,19,19,1,61,62,39,39,39,39,51,34,46,46,58,58,70,55,57,69,50,73,75,41,41,2,2,14,16,16,16,16,7,23,35,35,47,0],"gold":16,"neow_bonus":"RANDOM_COMMON_RELIC","is_prod":false,"is_daily":false,"chose_seed":false,"campfire_upgraded":8,"win_rate":0,"timestamp":1539279055,"path_taken":["M","?","?","M","M","R","E","R","T","?","E","M","M","E","R","BOSS","M","M","$","?","?","R","E","R","T","R","?","R","E","?","R","BOSS","M","M","$","M","$","R","M","?","T","?","M","?","R","?","R","BOSS"],"build_version":"2018-10-04v2","purchased_purges":3,"victory":false,"max_hp_per_floor":[71,76,76,76,76,76,76,76,76,76,81,81,81,81,81,81,81,81,81,81,81,81,81,81,81,81,81,81,81,81,81,81,81,81,81,81,81,81,81,81,81,81,81,81,81,81,81,81,81,81],"card_choices":[{"not_picked":["Hologram","Steam Power"],"picked":"Scrape","floor":1.0},{"not_picked":["Aggregate","Scrape"],"picked":"BootSequence","floor":3.0},{"not_picked":["Cold Snap","Chaos"],"picked":"Turbo","floor":4.0},{"not_picked":["Coolheaded","Redo"],"picked":"Streamline","floor":5.0},{"not_picked":["Leap","Beam Cell"],"picked":"Buffer","floor":7.0},{"not_picked":["Undo","Redo"],"picked":"FTL","floor":11.0},{"not_picked":["Streamline","BootSequence"],"picked":"Hologram","floor":12.0},{"not_picked":["Barrage","Go for the Eyes"],"picked":"Beam Cell","floor":13.0},{"not_picked":["Recycle","Auto Shields"],"picked":"Gash","floor":14.0},{"not_picked":["Thunder Strike","Hyperbeam"],"picked":"Reboot","floor":16},{"not_picked":["Auto Shields+1","Stack","Sweeping Beam+1"],"picked":"SKIP","floor":18},{"not_picked":["Redo","Rebound"],"picked":"Streamline+1","floor":19},{"not_picked":["Beam Cell","Auto Shields"],"picked":"Hologram","floor":24},{"not_picked":["White Noise","Redo","Conserve Battery"],"picked":"SKIP","floor":30},{"not_picked":["Reprogram+1","Sweeping Beam","Hologram"],"picked":"SKIP","floor":31},{"not_picked":["Sweeping Beam","Hologram"],"picked":"Reprogram+1","floor":31},{"not_picked":["Electrodynamics","Biased Cognition"],"picked":"Core Surge","floor":33},{"not_picked":["Sweeping Beam","Steam+1"],"picked":"Beam Cell+1","floor":35},{"not_picked":["Barrage","Turbo"],"picked":"Gash","floor":36},{"not_picked":["Barrage","Storm+1","Hologram"],"picked":"SKIP","floor":38},{"not_picked":["Compile Driver","Streamline","BootSequence"],"picked":"SKIP","floor":41},{"not_picked":["Sadistic Nature","Good Instincts"],"picked":"Master of Strategy","floor":42},{"not_picked":["Heatsinks","Leap","Capacitor"],"picked":"SKIP","floor":45}],"player_experience":289325,"relics_obtained":[{"floor":7.0,"key":"Ginger"},{"floor":9.0,"key":"Dodecahedron"},{"floor":11.0,"key":"Blood Vial"},{"floor":14.0,"key":"Peace Pipe"},{"floor":24,"key":"Anchor"},{"floor":26,"key":"Symbiotic Virus"},{"floor":30,"key":"Bronze Scales"},{"floor":43,"key":"Mercury Hourglass"}],"event_choices":[{"event_name":"Big Fish","player_choice":"Donut","floor":2.0,"damage_taken":0.0},{"event_name":"Shining Light","player_choice":"Entered Light","floor":10.0,"damage_taken":0.0},{"event_name":"Back to Basics","player_choice":"Elegance","floor":21,"damage_taken":0},{"event_name":"Nest","player_choice":"Stole From Cult","floor":22,"damage_taken":0},{"event_name":"SensoryStone","player_choice":"Memory 1","floor":42,"damage_taken":0},{"event_name":"Tomb of Lord Red Mask","player_choice":"Paid","floor":44,"damage_taken":0},{"event_name":"Winding Halls","player_choice":"Writhe","floor":46,"damage_taken":0},{"event_name":"Purifier","player_choice":"One Purge","floor":48,"damage_taken":0}],"is_beta":false,"boss_relics":[{"not_picked":["Orrery","Ectoplasm"],"picked":"Eternal Feather"},{"not_picked":["Sozu","Lizard Tail"],"picked":"Coffee Dripper"}],"items_purged_floors":[20,28,37],"is_endless":false,"potions_floor_spawned":[4,7,13,14,16,24,30,38,41,45],"killed_by":"Time Eater","ascension_level":17}