{"gold_per_floor":[110,128,2,2,2,36,36,36,36,36,59,59,83,104,104,227,227,240,140,340,354,369,369,294,294,344,380,380,380,403,418,418,548,548,568,568,587,587,687,712,712,159,209,209,245,260,260,275,275,275],"floor_reached":51,"playtime":2075,"items_purged":["Strike_G","Strike_G","Strike_G"],"score":795,"play_id":"28a513df-1b22-4fe5-a9af-52103df6ac50","local_time":"20181124231741","is_ascension_mode":false,"campfire_choices":[{"data":"Deadly Poison","floor":7.0,"key":"SMITH"},{"data":"Deadly Poison","floor":12.0,"key":"SMITH"},{"data":"Well Laid Plans","floor":15.0,"key":"SMITH"},{"data":"Catalyst","floor":23,"key":"SMITH"},{"data":"Noxious Fumes","floor":25,"key":"SMITH"},{"data":"Well Laid Plans","floor":28,"key":"SMITH"},{"data":"Neutralize","floor":32,"key":"SMITH"},{"floor":41,"key":"REST"},{"data":"Footwork","floor":44,"key":"SMITH"},{"floor":47,"key":"REST"},{"data":"Corpse Explosion","floor":49,"key":"SMITH"}],"neow_cost":"NONE","seed_source_timestamp":48299559705141,"circlet_count":0,"master_deck":["Defend_G","Defend_G","Defend_G","Defend_G","Defend_G","Survivor","Neutralize+1","Dagger Throw","Well Laid Plans+1","Deadly Poison+1","Finesse","Deadly Poison+1","After Image","Noxious Fumes+1","Escape Plan","Well Laid Plans+1","Catalyst+1","Catalyst+1","Corpse Explosion+1","Backflip+1","Backflip+1","Footwork+1","Escape Plan+1"],"special_seed":0,"relics":["White Beast Statue","Golden Idol","Bag of Marbles","Matryoshka","Orrery","PreservedInsect","Snake Skull","Incense Burner","Sozu","Toy Ornithopter","Omamori","Centennial Puzzle","Pen Nib","Bottled Lightning"],"potions_floor_usage":[22,27,30,33,50,50,50],"damage_taken":[{"damage":2.0,"enemies":"Small Slimes","floor":1.0,"turns":5.0},{"damage":0.0,"enemies":"2 Louse","floor":2.0,"turns":2.0},{"damage":12.0,"enemies":"Lagavulin","floor":6.0,"turns":7.0},{"damage":0.0,"enemies":"Cultist","floor":11.0,"turns":4.0},{"damage":3.0,"enemies":"3 Louse","floor":13.0,"turns":3.0},{"damage":0.0,"enemies":"Red Slaver","floor":14.0,"turns":1.0},{"damage":26.0,"enemies":"Hexaghost","floor":16.0,"turns":9.0},{"damage":3.0,"enemies":"3 Byrds","floor":18.0,"turns":6.0},{"damage":0,"enemies":"Chosen","floor":21,"turns":6},{"damage":1,"enemies":"Snecko","floor":22,"turns":5},{"damage":0,"enemies":"Gremlin Leader","floor":27,"turns":4},{"damage":19,"enemies":"Shelled Parasite and Fungi","floor":30,"turns":4},{"damage":6,"enemies":"Snake Plant","floor":31,"turns":4},{"damage":23,"enemies":"Collector","floor":33,"turns":5},{"damage":23,"enemies":"Orb Walker","floor":35,"turns":6},{"damage":16,"enemies":"3 Darklings","floor":37,"turns":3},{"damage":1,"enemies":"Transient","floor":40,"turns":5},{"damage":0,"enemies":"Giant Head","floor":45,"turns":5},{"damage":7,"enemies":"Maw","floor":46,"turns":5},{"damage":0,"enemies":"4 Shapes","floor":48,"turns":5},{"damage":34,"enemies":"Awakened One","floor":50,"turns":12}],"seed_played":"-86831286133208843","potions_obtained":[{"floor":1.0,"key":"GamblersBrew"},{"floor":2.0,"key":"LiquidBronze"},{"floor":6.0,"key":"SteroidPotion"},{"floor":11.0,"key":"Fire Potion"},{"floor":13.0,"key":"SteroidPotion"},{"floor":14.0,"key":"PowerPotion"},{"floor":16.0,"key":"GhostInAJar"},{"floor":18.0,"key":"Swift Potion"},{"floor":21,"key":"GhostInAJar"},{"floor":22,"key":"Swift Potion"},{"floor":27,"key":"AttackPotion"},{"floor":30,"key":"Weak Potion"},{"floor":31,"key":"PowerPotion"},{"floor":33,"key":"SpeedPotion"}],"is_trial":false,"path_per_floor":["M","M","$","?","?","E","R","?","T","$","M","R","M","M","R","B",null,"M","$","?","M","M","R","?","R","T","E","R","?","M","M","R","B",null,"M","?","M","?","?","M","R","$","T","R","E","M","R","M","R","B",null],"character_chosen":"THE_SILENT","items_purchased":["Deadly Poison","Toy Ornithopter","Footwork","Omamori"],"campfire_rested":2,"item_purchase_floors":[3,42,42,42],"current_hp_per_floor":[68,68,68,68,51,39,39,39,39,39,39,39,36,36,36,10,70,67,67,67,67,66,66,66,66,66,66,66,66,47,41,41,18,70,47,47,31,31,31,30,51,51,51,51,51,44,65,65,65,46],"gold":275,"neow_bonus":"BOSS_RELIC","is_prod":false,"is_daily":false,"chose_seed":false,"campfire_upgraded":9,"win_rate":0,"timestamp":1543072661,"path_taken":["M","M","$","?","?","E","R","?","T","$","?","R","M","M","R","BOSS","M","$","?","?","M","R","?","R","T","E","R","?","?","M","R","BOSS","M","?","M","?","?","M","R","$","T","R","E","?","R","M","R","BOSS"],"build_version":"2018-11-15","purchased_purges":3,"victory":true,"max_hp_per_floor":[70,70,70,70,70,70,70,70,70,70,70,70,70,70,70,70,70,70,70,70,70,70,70,70,70,70,70,70,70,70,70,70,70,70,70,70,70,70,70,70,70,70,70,70,70,70,70,70,70,70],"card_choices":[{"not_picked":["PiercingWail","Prepared"],"picked":"Dagger Throw","floor":1.0},{"not_picked":["Prepared","Sucker Punch"],"picked":"Well Laid Plans","floor":2.0},{"not_picked":["Dagger Spray","Sucker Punch","Dodge and Roll"],"picked":"SKIP","floor":6.0},{"not_picked":["Cloak And Dagger","Dagger Throw"],"picked":"Deadly Poison","floor":11.0},{"not_picked":["Predator","Flying Knee","Poisoned Stab"],"picked":"SKIP","floor":13.0},{"not_picked":["Quick Slash","Dagger Throw","Infinite Blades"],"picked":"SKIP","floor":14.0},{"not_picked":["Unload","Glass Knife"],"picked":"After Image","floor":16.0},{"not_picked":["Quick Slash","Accuracy"],"picked":"Noxious Fumes","floor":17.0},{"not_picked":["Sucker Punch","Quick Slash"],"picked":"Escape Plan","floor":17.0},{"not_picked":["Eviscerate","Dagger Throw"],"picked":"Well Laid Plans","floor":17.0},{"not_picked":["Flying Knee+1","Acrobatics"],"picked":"Catalyst","floor":18.0},{"not_picked":["Crippling Poison","Deflect","Masterful Stab"],"picked":"SKIP","floor":21},{"not_picked":["Cloak And Dagger","Dodge and Roll","PiercingWail"],"picked":"SKIP","floor":22},{"not_picked":["Poisoned Stab","Calculated Gamble","Quick Slash"],"picked":"SKIP","floor":27},{"not_picked":["Cloak And Dagger+1","Phantasmal Killer","Blade Dance"],"picked":"SKIP","floor":30},{"not_picked":["Cloak And Dagger","Terror","Deflect"],"picked":"SKIP","floor":31},{"not_picked":["After Image","Venomology"],"picked":"Corpse Explosion","floor":33},{"not_picked":["Blur","Slice","Dodge and Roll"],"picked":"SKIP","floor":35},{"not_picked":["Cloak And Dagger","Sucker Punch+1"],"picked":"Backflip+1","floor":37},{"not_picked":["Cloak And Dagger+1","Blur+1"],"picked":"Backflip+1","floor":40},{"not_picked":["Outmaneuver","Poisoned Stab+1","Envenom"],"picked":"SKIP","floor":45},{"not_picked":["Dodge and Roll+1","Cloak And Dagger+1"],"picked":"Escape Plan+1","floor":46},{"not_picked":["Outmaneuver+1","Dagger Throw+1","Reflex+1"],"picked":"SKIP","floor":48}],"player_experience":1170161,"relics_obtained":[{"floor":6.0,"key":"Bag of Marbles"},{"floor":9.0,"key":"Matryoshka"},{"floor":26,"key":"PreservedInsect"},{"floor":26,"key":"Snake Skull"},{"floor":27,"key":"Incense Burner"},{"floor":43,"key":"Centennial Puzzle"},{"floor":43,"key":"Pen Nib"},{"floor":45,"key":"Bottled Lightning"}],"event_choices":[{"damage_healed":0.0,"max_hp_gain":0.0,"max_hp_loss":0.0,"gold_gain":0.0,"event_name":"The Cleric","player_choice":"Leave","floor":4.0,"gold_loss":0.0,"damage_taken":0.0},{"damage_healed":0.0,"max_hp_gain":0.0,"max_hp_loss":0.0,"gold_gain":0.0,"event_name":"Golden Idol","player_choice":"Take Damage","floor":5.0,"gold_loss":0.0,"damage_taken":17.0,"relics_obtained":["Golden Idol"]},{"damage_healed":0.0,"max_hp_gain":0.0,"max_hp_loss":0.0,"gold_gain":0.0,"event_name":"Match and Keep!","player_choice":"1 cards matched","floor":8.0,"gold_loss":0.0,"damage_taken":0.0,"cards_obtained":["Finesse"]},{"damage_healed":0,"gold_gain":250,"player_choice":"Bet on Owner","damage_taken":0,"max_hp_gain":0,"max_hp_loss":0,"event_name":"The Joust","floor":20,"gold_loss":50},{"cards_removed":["Strike_G"],"damage_healed":0,"gold_gain":0,"player_choice":"Gave Gold","damage_taken":0,"max_hp_gain":0,"max_hp_loss":0,"event_name":"Beggar","floor":24,"gold_loss":75},{"damage_healed":0,"gold_gain":0,"player_choice":"Copied","damage_taken":0,"max_hp_gain":0,"max_hp_loss":0,"event_name":"Duplicator","floor":29,"gold_loss":0,"cards_obtained":["Catalyst"]},{"cards_removed":["Strike_G"],"damage_healed":0,"gold_gain":0,"player_choice":"Removed Attack","damage_taken":0,"max_hp_gain":0,"max_hp_loss":0,"event_name":"Falling","floor":36,"gold_loss":0},{"damage_healed":0,"gold_gain":0,"player_choice":"Ignored","damage_taken":0,"max_hp_gain":0,"max_hp_loss":0,"event_name":"Mysterious Sphere","floor":38,"gold_loss":0},{"damage_healed":0,"gold_gain":100,"player_choice":"Pray","damage_taken":0,"max_hp_gain":0,"max_hp_loss":0,"event_name":"Golden Shrine","floor":39,"gold_loss":0}],"is_beta":false,"boss_relics":[{"not_picked":["Empty Cage","HoveringKite"],"picked":"Orrery"},{"not_picked":["Velvet Choker","Astrolabe"],"picked":"Sozu"}],"items_purged_floors":[3,19,42],"is_endless":false,"potions_floor_spawned":[1,2,6,11,13,14,16,18,21,22,27,30,31,33,35,37,40,45,46,48],"ascension_level":0}