{"gold_per_floor":[361,373,218,228,38,38,90,90,90,123,140,140,140,172,172,246,246,258,308,308,321,333,333,343,343,396,396,3,3,3,14,14,91,91,102,102,102,102,118,118,138,138,138,138,168,181,206,63,63,63,63],"floor_reached":52,"playtime":3358,"items_purged":["Pain","Strike_B","Strike_B"],"score":2057,"play_id":"55384e1d-66d3-4080-bef8-0cdf86e488dc","local_time":"20190512194004","is_ascension_mode":true,"campfire_choices":[{"data":"Consume","floor":6.0,"key":"SMITH"},{"data":"Coolheaded","floor":8.0,"key":"SMITH"},{"data":"Capacitor","floor":13.0,"key":"SMITH"},{"data":"Dualcast","floor":15.0,"key":"SMITH"},{"data":"Biased Cognition","floor":23.0,"key":"SMITH"},{"floor":25.0,"key":"RECALL"},{"data":"Turbo","floor":27.0,"key":"SMITH"},{"data":"Coolheaded","floor":30.0,"key":"SMITH"},{"data":"Footwork","floor":32.0,"key":"SMITH"},{"data":"Chaos","floor":40.0,"key":"SMITH"},{"data":"Hologram","floor":42.0,"key":"SMITH"},{"floor":49.0,"key":"REST"}],"neow_cost":"CURSE","seed_source_timestamp":43568700594012,"circlet_count":0,"master_deck":["AscendersBane","Strike_B","Defend_B","Defend_B","Defend_B","Defend_B","Zap","Dualcast+1","Consume+1","Turbo+1","Self Repair","Coolheaded+1","Capacitor+1","Undo","Ball Lightning","Biased Cognition+1","Coolheaded+1","Footwork+1","Reboot","Chaos+1","Hologram+1","Disarm","True Grit+1","Heatsinks+1","Capacitor","Coolheaded"],"special_seed":0,"relics":["Cracked Core","Ancient Tea Set","Singing Bowl","Bag of Preparation","Orichalcum","Velvet Choker","PrismaticShard","WarpedTongs","Lizard Tail","Shovel","Peace Pipe","Bronze Scales"],"potions_floor_usage":[],"damage_taken":[{"damage":5.0,"enemies":"Cultist","floor":1.0,"turns":3.0},{"damage":9.0,"enemies":"Small Slimes","floor":2.0,"turns":3.0},{"damage":4.0,"enemies":"Jaw Worm","floor":4.0,"turns":5.0},{"damage":18.0,"enemies":"3 Sentries","floor":10.0,"turns":8.0},{"damage":0.0,"enemies":"Blue Slaver","floor":11.0,"turns":5.0},{"damage":0.0,"enemies":"Lagavulin","floor":14.0,"turns":7.0},{"damage":0.0,"enemies":"Hexaghost","floor":16.0,"turns":9.0},{"damage":12.0,"enemies":"2 Thieves","floor":18.0,"turns":4.0},{"damage":6.0,"enemies":"Shell Parasite","floor":21.0,"turns":6.0},{"damage":7.0,"enemies":"Chosen and Byrds","floor":22.0,"turns":6.0},{"damage":18.0,"enemies":"Snake Plant","floor":24.0,"turns":4.0},{"damage":17.0,"enemies":"Shelled Parasite and Fungi","floor":31.0,"turns":4.0},{"damage":53.0,"enemies":"Champ","floor":33.0,"turns":16.0},{"damage":30.0,"enemies":"3 Darklings","floor":35.0,"turns":7.0},{"damage":0.0,"enemies":"3 Shapes","floor":39.0,"turns":5.0},{"damage":17.0,"enemies":"Spire Growth","floor":41.0,"turns":7.0},{"damage":104.0,"enemies":"Reptomancer","floor":45.0,"turns":14.0},{"damage":6.0,"enemies":"Maw","floor":46.0,"turns":8.0},{"damage":13.0,"enemies":"Giant Head","floor":47.0,"turns":25.0},{"damage":0.0,"enemies":"Time Eater","floor":50.0,"turns":14.0},{"damage":45,"enemies":"Donu and Deca","floor":51,"turns":30}],"seed_played":"1312892315669587210","potions_obtained":[{"floor":1.0,"key":"Weak Potion"},{"floor":2.0,"key":"AttackPotion"},{"floor":10.0,"key":"FearPotion"},{"floor":12.0,"key":"EntropicBrew"},{"floor":22.0,"key":"FearPotion"},{"floor":35.0,"key":"GamblersBrew"},{"floor":41.0,"key":"EssenceOfSteel"},{"floor":45.0,"key":"Energy Potion"}],"is_trial":false,"path_per_floor":["M","M","$","M","$","R","T","R","T","E","M","?","R","E","R","B",null,"M","?","?","M","M","R","M","R","T","R","$","?","R","M","R","B",null,"M","?","?","?","M","R","M","R","T","?","E","M","E","$","R","B","B",null],"character_chosen":"DEFECT","items_purchased":["Self Repair","Capacitor","PrismaticShard","Coolheaded","Capacitor","Coolheaded"],"campfire_rested":1,"item_purchase_floors":[3,5,28,28,48,48],"current_hp_per_floor":[59,50,50,53,53,53,53,53,53,44,51,51,51,58,58,65,71,68,68,68,71,73,73,64,64,64,64,64,64,64,54,54,8,63,40,36,36,36,48,48,41,41,41,73,18,19,16,16,37,47,12],"gold":63,"neow_bonus":"TWO_FIFTY_GOLD","is_prod":false,"is_daily":false,"chose_seed":false,"campfire_upgraded":10,"win_rate":0,"timestamp":1557661204,"path_taken":["M","M","$","M","$","R","?","R","T","E","M","?","R","E","R","BOSS","M","?","?","M","M","R","M","R","T","R","?","?","R","?","R","BOSS","M","?","?","?","M","R","?","R","T","?","E","M","E","$","R","BOSS","BOSS"],"build_version":"2019-01-23","purchased_purges":3,"victory":true,"max_hp_per_floor":[71,71,71,71,71,71,71,71,71,73,73,73,73,73,73,73,73,75,75,75,77,79,79,81,81,81,81,81,81,81,81,81,81,81,81,87,87,87,89,89,89,89,89,73,73,73,73,73,73,73,73],"card_choices":[{"not_picked":["Redo","Double Energy"],"picked":"Consume","floor":1.0},{"not_picked":["Gash","Go for the Eyes"],"picked":"Turbo","floor":2.0},{"not_picked":["Reprogram","Redo"],"picked":"Coolheaded","floor":4.0},{"not_picked":["Hello World","Conserve Battery","Scrape"],"picked":"Singing Bowl","floor":10.0},{"not_picked":["Stack","Steam"],"picked":"Undo","floor":11.0},{"not_picked":["FTL","Gash"],"picked":"Ball Lightning","floor":14.0},{"not_picked":["Seek","Meteor Strike"],"picked":"Biased Cognition","floor":16.0},{"not_picked":["Streamline","Undo","Genetic Algorithm"],"picked":"Singing Bowl","floor":18.0},{"not_picked":["FTL","Self Repair","Rebound+1"],"picked":"Singing Bowl","floor":21.0},{"not_picked":["Rip and Tear+1","Compile Driver","Conserve Battery"],"picked":"Singing Bowl","floor":22.0},{"not_picked":["Conserve Battery+1","Barrage","Genetic Algorithm"],"picked":"Singing Bowl","floor":24.0},{"not_picked":["Finesse+1","Heel Hook"],"picked":"Footwork","floor":31.0},{"not_picked":["A Thousand Cuts","Violence"],"picked":"Reboot","floor":33.0},{"not_picked":["Cleave+1","Dagger Spray+1"],"picked":"Chaos","floor":35.0},{"not_picked":["Forethought","Good Instincts","Sadistic Nature"],"picked":"Singing Bowl","floor":36.0},{"not_picked":["Good Instincts","Enlightenment","Dark Shackles"],"picked":"Singing Bowl","floor":36.0},{"not_picked":["Thinking Ahead","Jack Of All Trades","Chrysalis"],"picked":"Singing Bowl","floor":36.0},{"not_picked":["Conserve Battery","Concentrate","Bane"],"picked":"Singing Bowl","floor":39.0},{"not_picked":["Warcry","Dramatic Entrance"],"picked":"Hologram","floor":41.0},{"not_picked":["Fusion+1","Slice"],"picked":"Disarm","floor":45.0},{"not_picked":["Bane+1","Backstab"],"picked":"True Grit+1","floor":46.0},{"not_picked":["Accuracy+1","Anger"],"picked":"Heatsinks+1","floor":47.0}],"player_experience":4714101,"relics_obtained":[{"floor":7.0,"key":"Ancient Tea Set"},{"floor":9.0,"key":"Singing Bowl"},{"floor":10.0,"key":"Bag of Preparation"},{"floor":14.0,"key":"Orichalcum"},{"floor":43.0,"key":"Shovel"},{"floor":45.0,"key":"Peace Pipe"},{"floor":47.0,"key":"Bronze Scales"}],"event_choices":[{"damage_healed":0.0,"max_hp_gain":0.0,"max_hp_loss":0.0,"gold_gain":0.0,"event_name":"Lab","player_choice":"Got Potions","floor":12.0,"gold_loss":0.0,"damage_taken":0.0},{"damage_healed":0.0,"max_hp_gain":0.0,"max_hp_loss":0.0,"gold_gain":50.0,"event_name":"Nest","player_choice":"Stole From Cult","floor":19.0,"gold_loss":0.0,"damage_taken":0.0},{"cards_removed":["Strike_B"],"damage_healed":0.0,"max_hp_gain":0.0,"max_hp_loss":0.0,"gold_gain":0.0,"event_name":"Back to Basics","player_choice":"Elegance","floor":20.0,"gold_loss":0.0,"damage_taken":0.0},{"damage_healed":0.0,"max_hp_gain":0.0,"max_hp_loss":0.0,"gold_gain":0.0,"event_name":"Accursed Blacksmith","player_choice":"Rummage","floor":29.0,"gold_loss":0.0,"damage_taken":0.0,"relics_obtained":["WarpedTongs"],"cards_obtained":["Pain"]},{"damage_healed":0.0,"max_hp_gain":0.0,"max_hp_loss":0.0,"gold_gain":0.0,"event_name":"SensoryStone","player_choice":"Memory 3","floor":36.0,"gold_loss":0.0,"damage_taken":10.0},{"damage_healed":0.0,"max_hp_gain":0.0,"max_hp_loss":0.0,"gold_gain":0.0,"event_name":"Tomb of Lord Red Mask","player_choice":"Ignored","floor":37.0,"gold_loss":0.0,"damage_taken":0.0},{"cards_removed":["Pain"],"damage_healed":0.0,"max_hp_gain":0.0,"max_hp_loss":0.0,"gold_gain":0.0,"event_name":"Purifier","player_choice":"Purged","floor":38.0,"gold_loss":0.0,"damage_taken":0.0},{"damage_healed":73.0,"max_hp_gain":0.0,"max_hp_loss":16.0,"gold_gain":0.0,"event_name":"The Moai Head","player_choice":"Heal","floor":44.0,"gold_loss":0.0,"damage_taken":0.0}],"is_beta":false,"boss_relics":[{"not_picked":["Ectoplasm","Cursed Key"],"picked":"Velvet Choker"},{"not_picked":["Nuclear Battery","Sozu"],"picked":"Lizard Tail"}],"items_purged_floors":[3,5,28],"is_endless":false,"potions_floor_spawned":[1,2,10,14,22,35,41,45],"ascension_level":20}