{"gold_per_floor":[115,40,57,76,76,76,110,110,133,8,25,40,53,53,53,53],"floor_reached":16,"playtime":426,"items_purged":["Strike_B"],"score":204,"play_id":"a5e51e48-70a5-4c5f-a57b-5a7f45be37d6","local_time":"20190120144039","is_ascension_mode":true,"campfire_choices":[{"data":"Dualcast","floor":6.0,"key":"SMITH"},{"data":"Zap","floor":8.0,"key":"SMITH"},{"floor":15,"key":"REST"}],"neow_cost":"NONE","seed_source_timestamp":19230121815919,"circlet_count":0,"master_deck":["AscendersBane","Strike_B","Strike_B","Strike_B","Defend_B+1","Defend_B","Defend_B+1","Defend_B","Zap+1","Dualcast+1","Echo Form","Gash","Ball Lightning","Genetic Algorithm","Gash","Panacea","Hologram","Undo","Scrape"],"special_seed":0,"relics":["Cracked Core","Regal Pillow","Dream Catcher"],"potions_floor_usage":[],"damage_taken":[{"damage":5.0,"enemies":"Small Slimes","floor":1.0,"turns":3.0},{"damage":9.0,"enemies":"Jaw Worm","floor":3.0,"turns":4.0},{"damage":1.0,"enemies":"Cultist","floor":4.0,"turns":3.0},{"damage":8.0,"enemies":"Gremlin Nob","floor":7.0,"turns":3.0},{"damage":2.0,"enemies":"Looter","floor":11.0,"turns":3.0},{"damage":15.0,"enemies":"Red Slaver","floor":12.0,"turns":3.0},{"damage":1.0,"enemies":"Gremlin Gang","floor":13.0,"turns":4.0},{"damage":36,"enemies":"The Guardian","floor":16,"turns":5}],"seed_played":"-4193254640885353908","potions_obtained":[{"floor":1.0,"key":"Swift Potion"},{"floor":3.0,"key":"Poison Potion"},{"floor":12.0,"key":"FocusPotion"}],"is_trial":false,"path_per_floor":["M","$","M","M","?","R","E","R","T","$","M","M","M","$","R","B"],"character_chosen":"DEFECT","items_purchased":["Gash","Panacea"],"campfire_rested":1,"item_purchase_floors":[10,10],"current_hp_per_floor":[59,59,50,49,28,28,20,20,20,20,18,3,2,2,38,2],"gold":53,"neow_bonus":"ONE_RANDOM_RARE_CARD","is_prod":false,"is_daily":false,"chose_seed":false,"campfire_upgraded":2,"win_rate":0,"timestamp":1547966439,"path_taken":["M","$","M","M","?","R","E","R","T","$","M","M","M","$","R","BOSS"],"build_version":"2019-01-17v2","purchased_purges":1,"victory":false,"max_hp_per_floor":[71,71,71,71,71,71,71,71,71,71,71,71,71,71,71,71],"card_choices":[{"not_picked":["Blizzard","Compile Driver"],"picked":"Gash","floor":1.0},{"not_picked":["Compile Driver","Cold Snap"],"picked":"Ball Lightning","floor":3.0},{"not_picked":["Rebound","Go for the Eyes","Cold Snap"],"picked":"SKIP","floor":4.0},{"not_picked":["Go for the Eyes","Storm"],"picked":"Genetic Algorithm","floor":7.0},{"not_picked":["Hello World","BootSequence"],"picked":"Hologram","floor":11.0},{"not_picked":["Aggregate","Cold Snap"],"picked":"Undo","floor":12.0},{"not_picked":["Coolheaded","Beam Cell"],"picked":"Scrape","floor":13}],"player_experience":2068142,"relics_obtained":[{"floor":7.0,"key":"Regal Pillow"},{"floor":9.0,"key":"Dream Catcher"}],"event_choices":[{"damage_healed":0.0,"max_hp_gain":0.0,"max_hp_loss":0.0,"gold_gain":0.0,"event_name":"Shining Light","player_choice":"Entered Light","floor":5.0,"gold_loss":0.0,"damage_taken":21.0,"cards_upgraded":["Defend_B","Defend_B"]}],"is_beta":false,"boss_relics":[],"items_purged_floors":[2],"is_endless":false,"potions_floor_spawned":[1,3,4,12],"killed_by":"The Guardian","ascension_level":20}