{"gold_per_floor":[116,131,231,242,254,254,273,273,273,273,46,64,78,110,110,209,209,221,121,135,153,166,166,185,185,185,200,200,219,16,32,32,131,131,149,0,0,0,0,0,13,39,66,96,108,119,119,83,83,83],"floor_reached":51,"playtime":1841,"items_purged":["Strike_B","Defend_B","Defend_B"],"score":815,"play_id":"5d28dea4-5693-4398-864d-7d2f7efd58c3","local_time":"20190717033508","is_ascension_mode":false,"campfire_choices":[{"data":"Chaos","floor":6.0,"key":"SMITH"},{"data":"Electrodynamics","floor":8.0,"key":"SMITH"},{"data":"Strike_B","floor":10.0,"key":"PURGE"},{"data":"Discovery","floor":15.0,"key":"SMITH"},{"data":"Defragment","floor":23.0,"key":"SMITH"},{"data":"Defragment","floor":25.0,"key":"SMITH"},{"data":"Turbo","floor":28.0,"key":"SMITH"},{"data":"Defragment","floor":32.0,"key":"SMITH"},{"data":"Heatsinks","floor":40.0,"key":"SMITH"},{"data":"Amplify","floor":47,"key":"SMITH"},{"data":"Loop","floor":49,"key":"SMITH"}],"neow_cost":"NONE","seed_source_timestamp":32184244103963,"circlet_count":0,"master_deck":["Dualcast+1","Ball Lightning","Leap","Chaos+1","Electrodynamics+1","Defragment+1","Discovery+1","Defragment+1","Fission","Conserve Battery+1","Chill","Hologram+1","Self Repair+1","Skim+1","Turbo+1","Coolheaded+1","Defragment+1","Double Energy+1","Reboot","Hologram+1","Turbo+1","Amplify+1","Heatsinks+1","Consume+1","Skim+1","Loop+1"],"special_seed":0,"relics":["Cracked Core","Peace Pipe","Prayer Wheel","Empty Cage","Mango","Astrolabe","Red Mask","Ginger","Juzu Bracelet","Ancient Tea Set"],"potions_floor_usage":[50,50,50],"damage_taken":[{"damage":1.0,"enemies":"Cultist","floor":1.0,"turns":4.0},{"damage":0.0,"enemies":"Small Slimes","floor":2.0,"turns":3.0},{"damage":0.0,"enemies":"2 Louse","floor":4.0,"turns":2.0},{"damage":1.0,"enemies":"Looter","floor":5.0,"turns":3.0},{"damage":0.0,"enemies":"2 Fungi Beasts","floor":7.0,"turns":3.0},{"damage":6.0,"enemies":"Exordium Wildlife","floor":12.0,"turns":3.0},{"damage":0.0,"enemies":"3 Louse","floor":13.0,"turns":1.0},{"damage":28.0,"enemies":"Gremlin Nob","floor":14.0,"turns":4.0},{"damage":11.0,"enemies":"Slime Boss","floor":16.0,"turns":5.0},{"damage":0.0,"enemies":"Spheric Guardian","floor":18.0,"turns":3.0},{"damage":0.0,"enemies":"3 Byrds","floor":20.0,"turns":3.0},{"damage":0.0,"enemies":"Cultist and Chosen","floor":21.0,"turns":5.0},{"damage":1.0,"enemies":"Chosen and Byrds","floor":22.0,"turns":5.0},{"damage":2.0,"enemies":"Centurion and Healer","floor":24.0,"turns":4.0},{"damage":6.0,"enemies":"Snecko","floor":27.0,"turns":5.0},{"damage":10.0,"enemies":"Chosen and Byrds","floor":29.0,"turns":4.0},{"damage":14.0,"enemies":"Snake Plant","floor":31.0,"turns":4.0},{"damage":20.0,"enemies":"Automaton","floor":33.0,"turns":8.0},{"damage":0.0,"enemies":"Orb Walker","floor":35.0,"turns":2.0},{"damage":6.0,"enemies":"3 Shapes","floor":37.0,"turns":5.0},{"damage":7.0,"enemies":"Spire Growth","floor":41.0,"turns":3.0},{"damage":7,"enemies":"Nemesis","floor":42,"turns":9},{"damage":0,"enemies":"Giant Head","floor":44,"turns":3},{"damage":5,"enemies":"Sphere and 2 Shapes","floor":45,"turns":3},{"damage":0,"enemies":"4 Shapes","floor":46,"turns":1},{"damage":0,"enemies":"Awakened One","floor":50,"turns":2}],"seed_played":"-6620585664348906815","potions_obtained":[{"floor":7.0,"key":"EntropicBrew"},{"floor":12.0,"key":"FocusPotion"},{"floor":13.0,"key":"Ancient Potion"},{"floor":22.0,"key":"FocusPotion"}],"is_trial":false,"path_per_floor":["M","M","?","M","M","R","M","R","T","R","$","M","M","E","R","B",null,"M","$","M","M","M","R","M","R","T","M","R","M","$","M","R","B",null,"M","$","M","?","?","R","M","E","T","E","M","M","R","$","R","B",null],"character_chosen":"DEFECT","items_purchased":["Defragment","Discovery","Defragment","Amplify","Heatsinks","Loop"],"campfire_rested":0,"item_purchase_floors":[11,11,30,36,36,48],"current_hp_per_floor":[74,74,74,74,73,73,73,73,73,73,73,67,67,39,39,28,75,75,75,75,75,75,75,75,75,89,89,89,79,79,75,75,65,89,89,89,89,89,89,89,89,89,89,89,84,89,89,89,89,89],"gold":83,"neow_bonus":"UPGRADE_CARD","is_prod":false,"is_daily":false,"chose_seed":false,"campfire_upgraded":10,"win_rate":0,"timestamp":1563305708,"path_taken":["M","M","?","M","M","R","M","R","T","R","$","?","M","E","R","BOSS","M","$","M","?","M","R","M","R","T","M","R","?","?","M","R","BOSS","M","?","M","?","?","R","M","E","T","E","M","M","R","$","R","BOSS"],"build_version":"2019-07-05","purchased_purges":3,"victory":true,"max_hp_per_floor":[75,75,75,75,75,75,75,75,75,75,75,75,75,75,75,75,75,75,75,75,75,75,75,75,75,89,89,89,89,89,89,89,89,89,89,89,89,89,89,89,89,89,89,89,89,89,89,89,89,89],"card_choices":[{"not_picked":["Stack","Rebound","Beam Cell"],"picked":"SKIP","floor":1.0},{"not_picked":["Tempest","Fusion"],"picked":"Ball Lightning","floor":2.0},{"not_picked":["Sweeping Beam","Rebound"],"picked":"Leap","floor":4.0},{"not_picked":["BootSequence","Redo"],"picked":"Chaos","floor":5.0},{"not_picked":["Ball Lightning","Sweeping Beam"],"picked":"Electrodynamics","floor":7.0},{"not_picked":["Leap","Barrage"],"picked":"Defragment","floor":12.0},{"not_picked":["Leap","Consume","Sweeping Beam"],"picked":"SKIP","floor":13.0},{"not_picked":["Chaos","Steam","Cold Snap"],"picked":"SKIP","floor":14.0},{"not_picked":["Echo Form","All For One"],"picked":"Fission","floor":16.0},{"not_picked":["Beam Cell","Auto Shields"],"picked":"Conserve Battery+1","floor":18.0},{"not_picked":["Stack","Steam","Go for the Eyes"],"picked":"SKIP","floor":18.0},{"not_picked":["Conserve Battery","Ball Lightning+1"],"picked":"Chill","floor":20.0},{"not_picked":["Beam Cell+1","Redo"],"picked":"Hologram+1","floor":20.0},{"not_picked":["Steam","BootSequence+1"],"picked":"Self Repair+1","floor":21.0},{"not_picked":["Sunder+1","Machine Learning","Sweeping Beam"],"picked":"SKIP","floor":21.0},{"not_picked":["Gash+1","Compile Driver","Streamline"],"picked":"SKIP","floor":22.0},{"not_picked":["Self Repair","Compile Driver+1","Aggregate"],"picked":"SKIP","floor":22.0},{"not_picked":["Streamline+1","Double Energy"],"picked":"Skim+1","floor":24.0},{"not_picked":["Hologram","Compile Driver+1","Reinforced Body"],"picked":"SKIP","floor":24.0},{"not_picked":["Double Energy+1","Melter+1"],"picked":"Turbo","floor":27.0},{"not_picked":["Steam Power","Doom and Gloom","Sweeping Beam"],"picked":"SKIP","floor":27.0},{"not_picked":["Rip and Tear","Self Repair"],"picked":"Coolheaded+1","floor":29.0},{"not_picked":["Fission","Leap+1","Conserve Battery"],"picked":"SKIP","floor":29.0},{"not_picked":["Stack","Force Field"],"picked":"Double Energy+1","floor":31.0},{"not_picked":["Gash+1","Aggregate","Ball Lightning"],"picked":"SKIP","floor":31.0},{"not_picked":["Machine Learning","Seek"],"picked":"Reboot","floor":33.0},{"not_picked":["Gash+1","Barrage","Chaos"],"picked":"SKIP","floor":35.0},{"not_picked":["Sweeping Beam+1","Steam Power","Streamline"],"picked":"SKIP","floor":35.0},{"not_picked":["Cold Snap","Chill","Sweeping Beam"],"picked":"SKIP","floor":37.0},{"not_picked":["White Noise","Consume+1","Coolheaded"],"picked":"SKIP","floor":37.0},{"not_picked":["White Noise","Coolheaded"],"picked":"Consume+1","floor":37.0},{"not_picked":["Cold Snap","Chill","Sweeping Beam"],"picked":"SKIP","floor":37.0},{"not_picked":["Gash+1","Melter+1","Chill"],"picked":"SKIP","floor":41},{"not_picked":["Scrape+1","Buffer","Gash+1"],"picked":"SKIP","floor":41},{"not_picked":["Hologram","Streamline","Conserve Battery"],"picked":"SKIP","floor":42},{"not_picked":["Static Discharge","Redo","Cold Snap+1"],"picked":"SKIP","floor":44},{"not_picked":["Gash+1","Ball Lightning+1","Steam"],"picked":"SKIP","floor":45},{"not_picked":["White Noise","Sweeping Beam+1","Conserve Battery"],"picked":"SKIP","floor":45},{"not_picked":["Undo","Hologram+1"],"picked":"Skim+1","floor":46},{"not_picked":["White Noise","Leap+1","Reboot"],"picked":"SKIP","floor":46}],"player_experience":5741089,"relics_obtained":[{"floor":9.0,"key":"Peace Pipe"},{"floor":14.0,"key":"Prayer Wheel"},{"floor":26.0,"key":"Mango"},{"floor":42,"key":"Ginger"},{"floor":43,"key":"Juzu Bracelet"},{"floor":44,"key":"Ancient Tea Set"}],"event_choices":[{"damage_healed":0.0,"max_hp_gain":0.0,"max_hp_loss":0.0,"gold_gain":100.0,"event_name":"Golden Shrine","player_choice":"Pray","floor":3.0,"gold_loss":0.0,"damage_taken":0.0},{"cards_removed":["Barrage"],"damage_healed":0.0,"max_hp_gain":0.0,"max_hp_loss":0.0,"gold_gain":0.0,"event_name":"Falling","player_choice":"Removed Attack","floor":38.0,"gold_loss":0.0,"damage_taken":0.0},{"damage_healed":0.0,"max_hp_gain":0.0,"max_hp_loss":0.0,"gold_gain":0.0,"event_name":"Tomb of Lord Red Mask","player_choice":"Paid","floor":39.0,"gold_loss":0.0,"damage_taken":0.0,"relics_obtained":["Red Mask"]}],"is_beta":false,"boss_relics":[{"not_picked":["Philosopher\u0027s Stone","Ectoplasm"],"picked":"Empty Cage"},{"not_picked":["White Beast Statue","Tiny House"],"picked":"Astrolabe"}],"items_purged_floors":[11,19,30],"is_endless":false,"potions_floor_spawned":[7,12,13,16,18,22,35,37,45,46],"ascension_level":0}