{"gold_per_floor":[117,117,128,128,128,159,222,222,222,247,265,280,280,305,305,305],"floor_reached":16,"playtime":436,"items_purged":[],"score":306,"play_id":"1a3625f0-c900-45bd-9974-256e9725b5da","local_time":"20190704102158","is_ascension_mode":true,"campfire_choices":[{"floor":8.0,"key":"REST"},{"data":"Neutralize","floor":15,"key":"SMITH"}],"neow_cost":"NONE","seed_source_timestamp":129151403208009,"circlet_count":0,"master_deck":["AscendersBane","Strike_G","Strike_G","Strike_G","Strike_G+1","Strike_G+1","Defend_G","Defend_G","Defend_G","Defend_G","Defend_G","Survivor","Neutralize+1","Deadly Poison+1","Backflip","Backstab","Acrobatics"],"special_seed":0,"relics":["Ring of the Snake","NeowsBlessing","WingedGreaves","Tiny Chest","Question Card","Blue Candle","Blood Vial"],"potions_floor_usage":[14,16],"damage_taken":[{"damage":0.0,"enemies":"Small Slimes","floor":1.0,"turns":1.0},{"damage":0.0,"enemies":"Jaw Worm","floor":3.0,"turns":1.0},{"damage":0.0,"enemies":"3 Sentries","floor":6.0,"turns":1.0},{"damage":29.0,"enemies":"Lagavulin","floor":7.0,"turns":7.0},{"damage":6.0,"enemies":"Gremlin Nob","floor":10.0,"turns":3.0},{"damage":0.0,"enemies":"2 Louse","floor":11.0,"turns":2.0},{"damage":7.0,"enemies":"Exordium Thugs","floor":12.0,"turns":6.0},{"damage":18,"enemies":"Lagavulin","floor":14,"turns":7},{"damage":9,"enemies":"Hexaghost","floor":16,"turns":7}],"seed_played":"-4263313131598967509","potions_obtained":[{"floor":3.0,"key":"Weak Potion"},{"floor":7.0,"key":"Poison Potion"},{"floor":11.0,"key":"Energy Potion"},{"floor":14,"key":"EssenceOfSteel"}],"is_trial":false,"path_per_floor":["M","?","M","?","?","E","E","R","T","E","M","M","?","E","R","B"],"character_chosen":"THE_SILENT","items_purchased":[],"campfire_rested":1,"item_purchase_floors":[],"current_hp_per_floor":[59,64,64,64,43,43,14,35,35,29,29,22,22,4,4,0],"gold":305,"neow_bonus":"THREE_ENEMY_KILL","is_prod":false,"is_daily":false,"chose_seed":false,"campfire_upgraded":1,"win_rate":0,"timestamp":1562206918,"path_taken":["M","?","M","?","?","E","E","R","T","E","M","?","?","E","R","BOSS"],"build_version":"2019-07-01","purchased_purges":0,"victory":false,"max_hp_per_floor":[66,71,71,71,71,71,71,71,71,71,71,71,71,71,71,71],"card_choices":[{"not_picked":["Setup","Eviscerate"],"picked":"Deadly Poison","floor":1.0},{"not_picked":["Dagger Spray","Masterful Stab","Bane"],"picked":"SKIP","floor":3.0},{"not_picked":["Storm of Steel","Leg Sweep","Finisher"],"picked":"SKIP","floor":6.0},{"not_picked":["All Out Attack","Flying Knee"],"picked":"Backflip","floor":7.0},{"not_picked":["Dodge and Roll","Expertise","Deadly Poison","Quick Slash"],"picked":"SKIP","floor":10.0},{"not_picked":["Choke","Tactician","Cloak And Dagger"],"picked":"Backstab","floor":11.0},{"not_picked":["Underhanded Strike","Sucker Punch","Reflex"],"picked":"Acrobatics","floor":12.0},{"not_picked":["Cloak And Dagger","Grand Finale","Envenom","All Out Attack"],"picked":"SKIP","floor":14}],"player_experience":1529866,"relics_obtained":[{"floor":6.0,"key":"WingedGreaves"},{"floor":7.0,"key":"Tiny Chest"},{"floor":9.0,"key":"Question Card"},{"floor":10.0,"key":"Blue Candle"},{"floor":14,"key":"Blood Vial"}],"event_choices":[{"damage_healed":0.0,"max_hp_gain":5.0,"max_hp_loss":0.0,"gold_gain":0.0,"event_name":"Big Fish","player_choice":"Donut","floor":2.0,"gold_loss":0.0,"damage_taken":0.0},{"damage_healed":0.0,"max_hp_gain":0.0,"max_hp_loss":0.0,"gold_gain":0.0,"event_name":"Living Wall","player_choice":"Grow","floor":4.0,"gold_loss":0.0,"damage_taken":0.0,"cards_upgraded":["Deadly Poison"]},{"damage_healed":0.0,"max_hp_gain":0.0,"max_hp_loss":0.0,"gold_gain":0.0,"event_name":"Shining Light","player_choice":"Entered Light","floor":5.0,"gold_loss":0.0,"damage_taken":21.0,"cards_upgraded":["Strike_G","Strike_G"]},{"damage_healed":0.0,"max_hp_gain":0.0,"max_hp_loss":0.0,"gold_gain":0.0,"event_name":"Dead Adventurer","player_choice":"Searched \u00270\u0027 times","floor":13.0,"gold_loss":0.0,"damage_taken":0.0}],"is_beta":false,"boss_relics":[],"items_purged_floors":[],"is_endless":false,"potions_floor_spawned":[3,7,11,14],"killed_by":"Hexaghost","ascension_level":20}