{"gold_per_floor":[110,110,41,54,64,64,75,88,135,135,135,145,72,88,88,191,191,206,131,56,56,73,73,106,121,121,153,167,167,179,197,197,301,301,318,332,344,354,44,78,78,78,78,92,92,92,103,103,103,103],"floor_reached":51,"playtime":2057,"items_purged":["Strike_G","Defend_G"],"score":763,"play_id":"baced095-c3d1-4de0-92c5-4e520556b617","local_time":"20181031135858","is_ascension_mode":false,"campfire_choices":[{"data":"Well Laid Plans","floor":6.0,"key":"SMITH"},{"data":"Envenom","floor":11.0,"key":"SMITH"},{"data":"Footwork","floor":15.0,"key":"SMITH"},{"data":"Catalyst","floor":23.0,"key":"SMITH"},{"data":"Wraith Form v2","floor":29.0,"key":"SMITH"},{"data":"Glass Knife","floor":32.0,"key":"SMITH"},{"data":"Glass Knife","floor":41.0,"key":"SMITH"},{"data":"Corpse Explosion","floor":46.0,"key":"SMITH"},{"data":"Backflip","floor":49.0,"key":"SMITH"}],"neow_cost":"NONE","seed_source_timestamp":13498227601824,"circlet_count":0,"master_deck":["Defend_G","Defend_G","Defend_G","Defend_G","Strike_G","Survivor","Neutralize+1","Well Laid Plans+1","Poisoned Stab","Poisoned Stab","Backstab","Wraith Form v2+1","Envenom+1","Dagger Spray","Footwork+1","Glass Knife+1","Noxious Fumes+1","Catalyst+1","Glass Knife+1","Backflip+1","Footwork+1","Corpse Explosion+1","Catalyst+1"],"special_seed":0,"relics":["Ring of the Snake","Strawberry","Sozu","Bottled Flame","Ancient Tea Set","Centennial Puzzle","Orrery","OrangePellets","Omamori","The Courier"],"potions_floor_usage":[50],"damage_taken":[{"damage":0.0,"enemies":"Jaw Worm","floor":1.0,"turns":4.0},{"damage":1.0,"enemies":"Cultist","floor":4.0,"turns":4.0},{"damage":1.0,"enemies":"2 Louse","floor":5.0,"turns":3.0},{"damage":0.0,"enemies":"2 Fungi Beasts","floor":7.0,"turns":4.0},{"damage":3.0,"enemies":"Gremlin Gang","floor":8.0,"turns":5.0},{"damage":7.0,"enemies":"Large Slime","floor":12.0,"turns":6.0},{"damage":2.0,"enemies":"Exordium Thugs","floor":14.0,"turns":4.0},{"damage":25.0,"enemies":"Slime Boss","floor":16.0,"turns":12.0},{"damage":0.0,"enemies":"Shell Parasite","floor":18.0,"turns":6.0},{"damage":15.0,"enemies":"Spheric Guardian","floor":22.0,"turns":6.0},{"damage":29.0,"enemies":"Slavers","floor":24.0,"turns":6.0},{"damage":10.0,"enemies":"Centurion and Healer","floor":25.0,"turns":6.0},{"damage":9.0,"enemies":"Book of Stabbing","floor":27.0,"turns":6.0},{"damage":1.0,"enemies":"Snecko","floor":28.0,"turns":4.0},{"damage":2.0,"enemies":"3 Cultists","floor":30.0,"turns":6.0},{"damage":0.0,"enemies":"Snake Plant","floor":31.0,"turns":4.0},{"damage":6.0,"enemies":"Collector","floor":33.0,"turns":6.0},{"damage":1.0,"enemies":"3 Shapes","floor":35.0,"turns":6.0},{"damage":0.0,"enemies":"Orb Walker","floor":36.0,"turns":5.0},{"damage":0.0,"enemies":"Transient","floor":37.0,"turns":5.0},{"damage":3.0,"enemies":"3 Darklings","floor":38.0,"turns":5.0},{"damage":0.0,"enemies":"Giant Head","floor":40.0,"turns":9.0},{"damage":0.0,"enemies":"Maw","floor":44.0,"turns":7.0},{"damage":0.0,"enemies":"Spire Growth","floor":47.0,"turns":4.0},{"damage":47,"enemies":"Awakened One","floor":50,"turns":13}],"seed_played":"-2202509131945369602","potions_obtained":[{"floor":4.0,"key":"Block Potion"},{"floor":5.0,"key":"Swift Potion"},{"floor":12.0,"key":"Dexterity Potion"}],"is_trial":false,"path_per_floor":["M","?","$","M","M","R","M","M","T","?","R","M","$","M","R","B",null,"M","?","$","?","M","R","E","M","T","E","M","R","M","M","R","B",null,"M","M","M","M","$","E","R","?","T","M","$","R","M","?","R","B"],"character_chosen":"THE_SILENT","items_purchased":["Well Laid Plans","Footwork","OrangePellets"],"campfire_rested":0,"item_purchase_floors":[3,13,39],"current_hp_per_floor":[70,63,63,62,61,61,61,58,65,65,65,58,58,56,56,31,77,77,77,77,77,62,62,33,23,23,14,13,13,11,11,11,5,77,76,76,76,73,73,73,73,73,73,73,73,73,73,77,77,30],"gold":103,"neow_bonus":"UPGRADE_CARD","is_prod":false,"is_daily":false,"chose_seed":false,"campfire_upgraded":9,"win_rate":0,"timestamp":1540965538,"path_taken":["M","?","$","M","M","R","M","?","T","?","R","?","?","M","R","BOSS","M","?","$","?","?","R","E","M","T","E","M","R","M","?","R","BOSS","M","M","?","?","$","E","R","?","T","M","$","R","?","?","R","BOSS"],"build_version":"2018-10-25v2","purchased_purges":2,"victory":true,"max_hp_per_floor":[70,70,70,70,70,70,70,70,77,77,77,77,77,77,77,77,77,77,77,77,77,77,77,77,77,77,77,77,77,77,77,77,77,77,77,77,77,77,77,77,77,77,77,77,77,77,77,77,77,77],"card_choices":[{"not_picked":["Deflect","Dodge and Roll","PiercingWail"],"picked":"SKIP","floor":1.0},{"not_picked":["Quick Slash","Backflip"],"picked":"Poisoned Stab","floor":4.0},{"not_picked":["Underhanded Strike","Outmaneuver"],"picked":"Poisoned Stab","floor":5.0},{"not_picked":["Dagger Spray","Bane"],"picked":"Backstab","floor":7.0},{"not_picked":["Dodge and Roll","Expertise"],"picked":"Wraith Form v2","floor":8.0},{"not_picked":["Underhanded Strike","Bane","Dagger Spray"],"picked":"SKIP","floor":12.0},{"not_picked":["Underhanded Strike","Bane"],"picked":"Dagger Spray","floor":12.0},{"not_picked":["Flying Knee","Poisoned Stab","Masterful Stab"],"picked":"SKIP","floor":14.0},{"not_picked":["A Thousand Cuts","Envenom"],"picked":"Glass Knife","floor":16.0},{"not_picked":["Dagger Spray+1","Slice"],"picked":"Noxious Fumes+1","floor":18.0},{"not_picked":["Dagger Throw","Prepared","Outmaneuver+1"],"picked":"SKIP","floor":22.0},{"not_picked":["Dodge and Roll","Flying Knee","Quick Slash+1"],"picked":"SKIP","floor":24.0},{"not_picked":["Dash","Tactician","Acrobatics"],"picked":"SKIP","floor":25.0},{"not_picked":["Noxious Fumes","Dodge and Roll","Flying Knee"],"picked":"SKIP","floor":27.0},{"not_picked":["Quick Slash","Deflect","Eviscerate"],"picked":"SKIP","floor":28.0},{"not_picked":["Calculated Gamble","Blade Dance","Dagger Spray"],"picked":"SKIP","floor":30.0},{"not_picked":["A Thousand Cuts","Noxious Fumes","Flying Knee"],"picked":"SKIP","floor":31.0},{"not_picked":["Tools of the Trade","Storm of Steel"],"picked":"Glass Knife","floor":33.0},{"not_picked":["Dodge and Roll+1","Sucker Punch"],"picked":"Backflip","floor":34.0},{"not_picked":["Dodge and Roll+1","Poisoned Stab+1"],"picked":"Footwork+1","floor":35.0},{"not_picked":["Accuracy+1","Choke","Cloak And Dagger"],"picked":"SKIP","floor":36.0},{"not_picked":["Endless Agony+1","Underhanded Strike","Eviscerate+1"],"picked":"SKIP","floor":37.0},{"not_picked":["Prepared","Bane+1","Concentrate+1"],"picked":"SKIP","floor":38.0},{"not_picked":["Noxious Fumes","Flying Knee"],"picked":"Corpse Explosion","floor":40.0},{"not_picked":["Cloak And Dagger","Dagger Throw","Underhanded Strike"],"picked":"SKIP","floor":44.0},{"not_picked":["Deflect","Slice+1"],"picked":"Catalyst+1","floor":47.0}],"player_experience":774440,"relics_obtained":[{"floor":9.0,"key":"Strawberry"},{"floor":24.0,"key":"Bottled Flame"},{"floor":26.0,"key":"Ancient Tea Set"},{"floor":27.0,"key":"Centennial Puzzle"},{"floor":40.0,"key":"Omamori"},{"floor":43.0,"key":"The Courier"}],"event_choices":[{"cards_removed":["Strike_G"],"damage_healed":0.0,"max_hp_gain":0.0,"max_hp_loss":0.0,"gold_gain":0.0,"event_name":"Golden Wing","player_choice":"Card Removal","floor":2.0,"gold_loss":0.0,"damage_taken":7.0},{"damage_healed":0.0,"max_hp_gain":0.0,"max_hp_loss":0.0,"gold_gain":0.0,"cards_transformed":["Strike_G"],"event_name":"Transmorgrifier","player_choice":"Transformed","floor":10.0,"gold_loss":0.0,"damage_taken":0.0,"cards_obtained":["Envenom"]},{"cards_removed":["Strike_G"],"damage_healed":0.0,"max_hp_gain":0.0,"max_hp_loss":0.0,"gold_gain":0.0,"event_name":"Beggar","player_choice":"Gave Gold","floor":19.0,"gold_loss":75.0,"damage_taken":0.0},{"damage_healed":0.0,"max_hp_gain":0.0,"max_hp_loss":0.0,"gold_gain":0.0,"event_name":"The Library","player_choice":"Read","floor":21.0,"gold_loss":0.0,"damage_taken":0.0,"cards_obtained":["Catalyst"]},{"damage_healed":0.0,"max_hp_gain":0.0,"max_hp_loss":0.0,"gold_gain":0.0,"event_name":"Tomb of Lord Red Mask","player_choice":"Ignored","floor":42.0,"gold_loss":0.0,"damage_taken":0.0},{"damage_healed":19.0,"max_hp_gain":0.0,"max_hp_loss":0.0,"gold_gain":0.0,"event_name":"Winding Halls","player_choice":"Writhe","floor":48.0,"gold_loss":0.0,"damage_taken":0.0,"cards_obtained":["Writhe"]}],"is_beta":false,"boss_relics":[{"not_picked":["WristBlade","Ectoplasm"],"picked":"Sozu"},{"not_picked":["Pandora\u0027s Box","Calling Bell"],"picked":"Orrery"}],"items_purged_floors":[20,39],"is_endless":false,"potions_floor_spawned":[4,5,12,22,28,30,35,36,40,44],"ascension_level":0}