{"gold_per_floor":[116,130,55,67,79,79,92,92,118,118,183,183,183,209,209,209],"floor_reached":16,"playtime":1544,"items_purged":["Strike_B"],"score":200,"play_id":"f182da24-bfce-4c66-b00e-23100d20efbc","local_time":"20190121213832","is_ascension_mode":true,"campfire_choices":[{"data":"Sunder","floor":6.0,"key":"SMITH"},{"data":"Hologram","floor":8.0,"key":"SMITH"},{"data":"Zap","floor":10.0,"key":"SMITH"},{"data":"Dualcast","floor":12,"key":"SMITH"},{"data":"Capacitor","floor":15,"key":"SMITH"}],"neow_cost":"NONE","seed_source_timestamp":37560203814108,"circlet_count":0,"master_deck":["AscendersBane","Strike_B","Strike_B","Strike_B","Defend_B","Defend_B","Defend_B","Defend_B","Zap+1","Dualcast+1","Capacitor+1","Sunder+1","Cold Snap","Hologram+1","Genetic Algorithm","Conserve Battery","Genetic Algorithm"],"special_seed":0,"relics":["Cracked Core","Bronze Scales","Blood Vial","Bag of Marbles"],"potions_floor_usage":[11,16],"damage_taken":[{"damage":4.0,"enemies":"Jaw Worm","floor":1.0,"turns":4.0},{"damage":5.0,"enemies":"Small Slimes","floor":2.0,"turns":3.0},{"damage":0.0,"enemies":"Cultist","floor":4.0,"turns":2.0},{"damage":6.0,"enemies":"Looter","floor":5.0,"turns":3.0},{"damage":9.0,"enemies":"Gremlin Gang","floor":7.0,"turns":3.0},{"damage":30,"enemies":"Lagavulin Event","floor":11,"turns":6},{"damage":12,"enemies":"3 Sentries","floor":14,"turns":7},{"damage":12,"enemies":"Hexaghost","floor":16,"turns":7}],"seed_played":"2286668132946438116","potions_obtained":[{"floor":1.0,"key":"SpeedPotion"},{"floor":4.0,"key":"Poison Potion"},{"floor":11,"key":"Poison Potion"}],"is_trial":false,"path_per_floor":["M","M","$","M","M","R","M","R","T","R","?","R","?","E","R","B"],"character_chosen":"DEFECT","items_purchased":[],"campfire_rested":0,"item_purchase_floors":[],"current_hp_per_floor":[67,62,62,62,56,56,47,47,47,47,17,17,17,7,7,0],"gold":209,"neow_bonus":"TEN_PERCENT_HP_BONUS","is_prod":false,"is_daily":false,"chose_seed":false,"campfire_upgraded":5,"win_rate":0,"timestamp":1548077912,"path_taken":["M","M","$","M","M","R","M","R","T","R","?","R","?","E","R","BOSS"],"build_version":"2019-01-17v2","purchased_purges":1,"victory":false,"max_hp_per_floor":[78,78,78,78,78,78,78,78,78,78,78,78,78,78,78,78],"card_choices":[{"not_picked":["Tempest","Hello World"],"picked":"Capacitor","floor":1.0},{"not_picked":["Cold Snap","Rip and Tear"],"picked":"Sunder","floor":2.0},{"not_picked":["Rebound","Go for the Eyes"],"picked":"Cold Snap","floor":4.0},{"not_picked":["Heatsinks","Force Field"],"picked":"Hologram","floor":5.0},{"not_picked":["Self Repair","Coolheaded"],"picked":"Genetic Algorithm","floor":7.0},{"not_picked":["Stack","Hello World"],"picked":"Conserve Battery","floor":11},{"not_picked":["Hello World","Leap"],"picked":"Genetic Algorithm","floor":14}],"player_experience":2115250,"relics_obtained":[{"floor":9.0,"key":"Bronze Scales"},{"floor":11,"key":"Blood Vial"},{"floor":14,"key":"Bag of Marbles"}],"event_choices":[{"damage_healed":0,"gold_gain":0,"player_choice":"Searched \u00271\u0027 times","damage_taken":0,"max_hp_gain":0,"max_hp_loss":0,"event_name":"Dead Adventurer","floor":11,"gold_loss":0},{"damage_healed":0,"gold_gain":0,"player_choice":"Ignored","damage_taken":0,"max_hp_gain":0,"max_hp_loss":0,"event_name":"Liars Game","floor":13,"gold_loss":0}],"is_beta":false,"boss_relics":[],"items_purged_floors":[3],"is_endless":false,"potions_floor_spawned":[1,4,11],"killed_by":"Hexaghost","ascension_level":20}