{"gold_per_floor":[112,112,112,112,124,157,157,170,170,188,213,63,63,74,74,171,171,188,188,26,46,62,62,75,105,176,101,127,127,145,170,170,270,270,282,114,114,114,127,127,127,162,162,37,65,65,65,75,75,75],"floor_reached":51,"playtime":1529,"items_purged":["Strike_R","Strike_R","Corruption"],"score":871,"play_id":"cb176578-c855-43fe-9f99-d7a46ea061b1","local_time":"20180918164039","is_ascension_mode":false,"campfire_choices":[{"data":"Flex","floor":7.0,"key":"SMITH"},{"data":"Limit Break","floor":13.0,"key":"SMITH"},{"data":"Inflame","floor":15.0,"key":"SMITH"},{"data":"Heavy Blade","floor":23.0,"key":"SMITH"},{"data":"Inflame","floor":32,"key":"SMITH"},{"data":"Double Tap","floor":40,"key":"SMITH"},{"data":"1","floor":49,"key":"LIFT"}],"neow_cost":"PERCENT_DAMAGE","seed_source_timestamp":17895885755187,"circlet_count":0,"master_deck":["Defend_R","Defend_R","Bash","Fiend Fire","Ghostly Armor","Flex+1","Thunderclap","Shockwave","Battle Trance","Limit Break+1","Inflame+1","Double Tap+1","Heavy Blade+1","Reaper","Sword Boomerang","Inflame+1","Flex+1","Pummel","Shrug It Off","Shrug It Off+1","Battle Trance+1"],"special_seed":0,"relics":["Burning Blood","Orichalcum","Letter Opener","Paper Frog","Coffee Dripper","Ancient Tea Set","Ornamental Fan","Bronze Scales","Pocketwatch","Empty Cage","FossilizedHelix","Regal Pillow","Calipers","Girya","Champion Belt"],"potions_floor_usage":[45,45,50,50],"damage_taken":[{"damage":5.0,"enemies":"Cultist","floor":1.0,"turns":4.0},{"damage":9.0,"enemies":"2 Louse","floor":5.0,"turns":3.0},{"damage":33.0,"enemies":"Gremlin Nob","floor":6.0,"turns":5.0},{"damage":0.0,"enemies":"Small Slimes","floor":8.0,"turns":3.0},{"damage":9.0,"enemies":"Exordium Thugs","floor":10.0,"turns":4.0},{"damage":17.0,"enemies":"3 Sentries","floor":11.0,"turns":7.0},{"damage":3.0,"enemies":"Blue Slaver","floor":14.0,"turns":3.0},{"damage":20.0,"enemies":"Hexaghost","floor":16.0,"turns":9.0},{"damage":24.0,"enemies":"2 Thieves","floor":18.0,"turns":4.0},{"damage":4.0,"enemies":"Chosen","floor":21.0,"turns":2.0},{"damage":19.0,"enemies":"Snecko","floor":22.0,"turns":4.0},{"damage":5.0,"enemies":"Centurion and Healer","floor":24.0,"turns":5.0},{"damage":31.0,"enemies":"Slavers","floor":25.0,"turns":5.0},{"damage":25.0,"enemies":"Book of Stabbing","floor":28.0,"turns":4.0},{"damage":12,"enemies":"Chosen and Byrds","floor":30,"turns":4},{"damage":38,"enemies":"Slavers","floor":31,"turns":4},{"damage":23,"enemies":"Automaton","floor":33,"turns":5},{"damage":11,"enemies":"3 Shapes","floor":35,"turns":4},{"damage":20,"enemies":"Mind Bloom Boss Battle","floor":38,"turns":3},{"damage":0,"enemies":"Orb Walker","floor":39,"turns":2},{"damage":0,"enemies":"Giant Head","floor":42,"turns":3},{"damage":25,"enemies":"2 Orb Walkers","floor":45,"turns":4},{"damage":0,"enemies":"Transient","floor":48,"turns":5},{"damage":0,"enemies":"Donu and Deca","floor":50,"turns":5}],"seed_played":"-116521740747447332","potions_obtained":[{"floor":1.0,"key":"Energy Potion"},{"floor":8.0,"key":"Regen Potion"},{"floor":14.0,"key":"SteroidPotion"},{"floor":18.0,"key":"Strength Potion"},{"floor":24.0,"key":"Fire Potion"},{"floor":28.0,"key":"Energy Potion"},{"floor":30,"key":"Energy Potion"},{"floor":33,"key":"Energy Potion"},{"floor":38,"key":"Swift Potion"},{"floor":45,"key":"PowerPotion"}],"is_trial":false,"path_per_floor":["M","?","?","?","M","E","R","M","T","M","E","$","R","M","R","B",null,"M","?","$","M","M","R","M","E","T","$","E","?","M","E","R","B",null,"M","$","?","?","M","R","T","E","T","$","E","?","?","M","R","B"],"character_chosen":"IRONCLAD","items_purchased":["Limit Break","Reaper","Pummel"],"campfire_rested":0,"item_purchase_floors":[12,20,36],"current_hp_per_floor":[57,57,50,50,47,20,20,26,26,35,24,24,24,27,27,13,80,62,62,62,64,63,63,80,80,80,80,61,61,79,80,80,72,80,80,80,76,62,68,68,68,74,74,74,55,55,55,61,61,67],"gold":75,"neow_bonus":"THREE_RARE_CARDS","is_prod":false,"is_daily":false,"chose_seed":false,"campfire_upgraded":6,"win_rate":1,"timestamp":1537260039,"path_taken":["M","?","?","?","M","E","R","M","T","M","E","?","R","M","R","BOSS","M","?","$","?","?","R","M","E","T","?","E","?","M","E","R","BOSS","M","$","?","?","M","R","?","E","T","$","E","?","?","M","R","BOSS"],"build_version":"2018-09-06","purchased_purges":3,"victory":true,"max_hp_per_floor":[80,80,80,80,80,80,80,80,80,80,80,80,80,80,80,80,80,80,80,80,80,80,80,80,80,80,80,80,80,80,80,80,80,80,80,80,76,76,76,76,76,76,76,76,76,76,76,76,76,76],"card_choices":[{"not_picked":["Impervious","Berserk"],"picked":"Fiend Fire","floor":0.0},{"not_picked":["Burning Pact","Clothesline"],"picked":"Ghostly Armor","floor":1.0},{"not_picked":["Perfected Strike","Whirlwind"],"picked":"Flex","floor":5.0},{"not_picked":["Cleave","Ghostly Armor"],"picked":"Thunderclap","floor":6.0},{"not_picked":["True Grit","Flex","Iron Wave"],"picked":"SKIP","floor":8.0},{"not_picked":["Rage","Clothesline"],"picked":"Shockwave","floor":10.0},{"not_picked":["True Grit","Twin Strike"],"picked":"Battle Trance","floor":11.0},{"not_picked":["Spot Weakness","Berserk"],"picked":"Inflame","floor":14.0},{"not_picked":["Juggernaut","Dark Embrace"],"picked":"Double Tap","floor":16.0},{"not_picked":["Thunderclap+1","Intimidate","Anger+1"],"picked":"SKIP","floor":18.0},{"not_picked":["Infernal Blade","Perfected Strike"],"picked":"Sword Boomerang","floor":21.0},{"not_picked":["Shockwave","Fire Breathing+1","Perfected Strike"],"picked":"SKIP","floor":22.0},{"not_picked":["Thunderclap","Uppercut","Perfected Strike+1"],"picked":"SKIP","floor":24.0},{"not_picked":["Body Slam","Carnage","Intimidate"],"picked":"SKIP","floor":25.0},{"not_picked":["Thunderclap","Rampage+1"],"picked":"Inflame","floor":28.0},{"not_picked":["Clothesline+1","Brutality"],"picked":"Warcry+1","floor":30},{"not_picked":["Ghostly Armor","Iron Wave","Body Slam+1"],"picked":"SKIP","floor":31},{"not_picked":["Body Slam+1","Sword Boomerang"],"picked":"Flex+1","floor":35},{"not_picked":["Perfected Strike","True Grit+1"],"picked":"Shrug It Off","floor":39},{"not_picked":["Rupture+1","Pommel Strike"],"picked":"Shrug It Off+1","floor":42},{"not_picked":["Searing Blow","Dropkick+1","Barricade"],"picked":"SKIP","floor":45},{"not_picked":["Burning Pact+1","Headbutt+1"],"picked":"Battle Trance+1","floor":48}],"player_experience":5012,"relics_obtained":[{"floor":6.0,"key":"Orichalcum"},{"floor":9.0,"key":"Letter Opener"},{"floor":11.0,"key":"Paper Frog"},{"floor":25.0,"key":"Ancient Tea Set"},{"floor":26.0,"key":"Ornamental Fan"},{"floor":28.0,"key":"Bronze Scales"},{"floor":31,"key":"Pocketwatch"},{"floor":38,"key":"FossilizedHelix"},{"floor":41,"key":"Regal Pillow"},{"floor":42,"key":"Calipers"},{"floor":43,"key":"Girya"},{"floor":45,"key":"Champion Belt"}],"event_choices":[{"event_name":"Purifier","player_choice":"One Purge","floor":2.0,"damage_taken":0.0},{"event_name":"Golden Wing","player_choice":"Card Removal","floor":3.0,"damage_taken":0.0},{"event_name":"Living Wall","player_choice":"Change","floor":4.0,"damage_taken":0.0},{"event_name":"The Library","player_choice":"Read","floor":19.0,"damage_taken":0.0},{"event_name":"The Mausoleum","player_choice":"No","floor":29,"damage_taken":0},{"event_name":"Winding Halls","player_choice":"Max HP","floor":37,"damage_taken":0},{"event_name":"MindBloom","player_choice":"Fight","floor":38,"damage_taken":0},{"event_name":"Falling","player_choice":"Removed Skill","floor":46,"damage_taken":0},{"event_name":"SensoryStone","player_choice":"Memory 1","floor":47,"damage_taken":0}],"is_beta":false,"boss_relics":[{"not_picked":["Snecko Eye","Tiny House"],"picked":"Coffee Dripper"},{"not_picked":["Sozu","Velvet Choker"],"picked":"Empty Cage"}],"items_purged_floors":[27,36,44],"is_endless":false,"potions_floor_spawned":[1,8,14,18,24,28,30,33,38,42,45],"ascension_level":0}