{"gold_per_floor":[110,129,139,139,64,64,80,80,80,80,80,80,94,17,17,137,137,158,58,82,102,115,115,131,131,131,174,189,189,207,220,220,340,340,365,365,365,388,411,411,430,430,430,107,31,69,69,69,69,69],"floor_reached":51,"playtime":3566,"items_purged":["Strike_B","Strike_B","Defend_B"],"score":689,"play_id":"94076b3e-3894-4846-8928-e4d387e9fe8f","local_time":"20190619183728","is_ascension_mode":false,"campfire_choices":[{"data":"Streamline","floor":6,"key":"SMITH"},{"data":"Reinforced Body","floor":10,"key":"SMITH"},{"data":"Sunder","floor":15,"key":"SMITH"},{"data":"Biased Cognition","floor":23,"key":"SMITH"},{"data":"Seek","floor":25,"key":"SMITH"},{"data":"Dualcast","floor":29,"key":"SMITH"},{"data":"Zap","floor":32,"key":"SMITH"},{"data":"Creative AI","floor":40,"key":"SMITH"},{"data":"Rainbow","floor":42,"key":"SMITH"},{"data":"Loop","floor":49,"key":"SMITH"}],"neow_cost":"PERCENT_DAMAGE","seed_source_timestamp":28336041434117,"circlet_count":0,"master_deck":["Defend_B","Defend_B","Defend_B","Zap+1","Dualcast+1","Reinforced Body+1","Double Energy","Streamline+1","Sunder+1","Seek+1","Biased Cognition+1","Core Surge","Coolheaded+1","Creative AI+1","Cold Snap","Ball Lightning+1","Rainbow+1","Self Repair+1","Loop+1","Loop+1"],"relics":["Cracked Core","Golden Idol","Vajra","Letter Opener","Coffee Dripper","Shuriken","Juzu Bracelet","Velvet Choker","Mummified Hand","TheAbacus","Strawberry","Oddly Smooth Stone"],"potions_floor_usage":[16,21,27,50],"damage_taken":[{"damage":0,"enemies":"2 Louse","floor":1,"turns":3},{"damage":3,"enemies":"Small Slimes","floor":2,"turns":3},{"damage":0,"enemies":"Cultist","floor":3,"turns":3},{"damage":7,"enemies":"Gremlin Gang","floor":7,"turns":4},{"damage":0,"enemies":"Looter","floor":13,"turns":2},{"damage":21,"enemies":"Hexaghost","floor":16,"turns":9},{"damage":5,"enemies":"Shell Parasite","floor":18,"turns":3},{"damage":0,"enemies":"Chosen","floor":20,"turns":3},{"damage":0,"enemies":"Centurion and Healer","floor":21,"turns":3},{"damage":0,"enemies":"Chosen and Byrds","floor":22,"turns":5},{"damage":8,"enemies":"Snecko","floor":24,"turns":4},{"damage":7,"enemies":"Slavers","floor":27,"turns":4},{"damage":11,"enemies":"Snake Plant","floor":28,"turns":4},{"damage":1,"enemies":"Cultist and Chosen","floor":30,"turns":4},{"damage":3,"enemies":"Snecko","floor":31,"turns":3},{"damage":9,"enemies":"Automaton","floor":33,"turns":6},{"damage":0,"enemies":"3 Shapes","floor":35,"turns":3},{"damage":10,"enemies":"Orb Walker","floor":38,"turns":2},{"damage":14,"enemies":"Sphere and 2 Shapes","floor":39,"turns":5},{"damage":0,"enemies":"4 Shapes","floor":41,"turns":4},{"damage":15,"enemies":"Giant Head","floor":46,"turns":7},{"damage":35,"enemies":"Time Eater","floor":50,"turns":8}],"seed_played":"1357037379841058090","potions_obtained":[{"floor":1,"key":"Ancient Potion"},{"floor":3,"key":"Regen Potion"},{"floor":13,"key":"Energy Potion"},{"floor":20,"key":"Swift Potion"},{"floor":22,"key":"Regen Potion"},{"floor":24,"key":"PowerPotion"},{"floor":27,"key":"SpeedPotion"}],"is_trial":false,"path_per_floor":["M","M","M","?","$","R","M","?","T","R","?","?","M","$","R","B",null,"M","$","M","M","M","R","M","R","T","E","M","R","M","M","R","B",null,"M","?","?","M","M","R","M","R","T","$","$","E","T","?","R","B",null],"character_chosen":"DEFECT","items_purchased":["Seek","TheAbacus","Loop"],"campfire_rested":0,"item_purchase_floors":[14,44,45],"current_hp_per_floor":[68,65,65,43,43,43,36,29,29,29,17,17,17,17,17,5,89,84,84,84,84,84,84,76,76,76,81,70,70,69,66,66,57,89,89,85,85,75,71,71,81,81,81,81,81,83,83,83,83,58],"gold":69,"neow_bonus":"TWENTY_PERCENT_HP_BONUS","is_prod":false,"is_daily":false,"chose_seed":false,"campfire_upgraded":10,"win_rate":0,"timestamp":1560940648,"path_taken":["M","M","M","?","$","R","M","?","T","R","?","?","?","$","R","BOSS","M","$","M","M","M","R","?","R","T","E","M","R","M","M","R","BOSS","M","?","?","M","M","R","M","R","T","?","$","E","?","?","R","BOSS"],"build_version":"2019-01-23","purchased_purges":3,"victory":true,"max_hp_per_floor":[89,89,89,89,89,89,89,89,89,89,89,89,89,89,89,89,89,89,89,89,89,89,89,89,89,89,89,89,89,89,89,89,89,89,89,85,85,85,85,85,85,85,85,85,85,92,92,92,92,92],"card_choices":[{"not_picked":["Force Field","Hello World"],"picked":"Reinforced Body","floor":1},{"not_picked":["Conserve Battery","Rebound"],"picked":"Double Energy","floor":2},{"not_picked":["Rebound","Sweeping Beam"],"picked":"Streamline","floor":3},{"not_picked":["Steam","Reinforced Body","Conserve Battery"],"picked":"SKIP","floor":7},{"not_picked":["Rebound","Streamline"],"picked":"Sunder","floor":13},{"not_picked":["Machine Learning","All For One"],"picked":"Biased Cognition","floor":16},{"not_picked":["Conserve Battery","Go for the Eyes","Gash"],"picked":"SKIP","floor":18},{"not_picked":["Cold Snap","Rebound"],"picked":"Core Surge","floor":20},{"not_picked":["Reprogram+1","Consume"],"picked":"Coolheaded+1","floor":21},{"not_picked":["Cold Snap","Barrage+1","Storm"],"picked":"SKIP","floor":22},{"not_picked":["Go for the Eyes+1","Steam Power","Beam Cell"],"picked":"SKIP","floor":24},{"not_picked":["Conserve Battery","Loop+1"],"picked":"Creative AI","floor":27},{"not_picked":["Streamline","Go for the Eyes+1","Hologram"],"picked":"SKIP","floor":28},{"not_picked":["Gash","Double Energy+1"],"picked":"Cold Snap","floor":30},{"not_picked":["Lockon","Rebound"],"picked":"Ball Lightning+1","floor":31},{"not_picked":["Buffer","Seek"],"picked":"Rainbow","floor":33},{"not_picked":["Conserve Battery","Rebound","Blizzard"],"picked":"SKIP","floor":35},{"not_picked":["Chaos","Doom and Gloom+1"],"picked":"Self Repair+1","floor":38},{"not_picked":["Compile Driver","Conserve Battery","BootSequence+1"],"picked":"SKIP","floor":39},{"not_picked":["Beam Cell","Chaos+1","Darkness+1"],"picked":"SKIP","floor":41},{"not_picked":["Ball Lightning+1","Redo"],"picked":"Loop+1","floor":46}],"player_experience":5463454,"relics_obtained":[{"floor":9,"key":"Vajra"},{"floor":26,"key":"Shuriken"},{"floor":27,"key":"Juzu Bracelet"},{"floor":43,"key":"Mummified Hand"},{"floor":46,"key":"Strawberry"},{"floor":47,"key":"Oddly Smooth Stone"}],"event_choices":[{"damage_healed":0,"gold_gain":0,"player_choice":"Take Damage","damage_taken":22,"relics_obtained":["Golden Idol"],"max_hp_gain":0,"max_hp_loss":0,"event_name":"Golden Idol","floor":4,"gold_loss":0},{"cards_removed":["Strike_B"],"damage_healed":0,"gold_gain":0,"player_choice":"Card Removal","damage_taken":7,"max_hp_gain":0,"max_hp_loss":0,"event_name":"Golden Wing","floor":8,"gold_loss":0},{"damage_healed":0,"gold_gain":0,"player_choice":"Success","damage_taken":12,"relics_obtained":["Letter Opener"],"max_hp_gain":0,"max_hp_loss":0,"event_name":"Scrap Ooze","floor":11,"gold_loss":0},{"cards_removed":["Strike_B"],"damage_healed":0,"gold_gain":0,"player_choice":"Offered Basic","damage_taken":0,"max_hp_gain":0,"max_hp_loss":0,"event_name":"Bonfire Elementals","floor":12,"gold_loss":0},{"damage_healed":0,"gold_gain":0,"player_choice":"Max HP","damage_taken":0,"max_hp_gain":0,"max_hp_loss":4,"event_name":"Winding Halls","floor":36,"gold_loss":0},{"damage_healed":0,"gold_gain":0,"player_choice":"Ignored","damage_taken":0,"max_hp_gain":0,"max_hp_loss":0,"event_name":"Tomb of Lord Red Mask","floor":37,"gold_loss":0},{"damage_healed":0,"gold_gain":0,"player_choice":"Ignored","damage_taken":0,"max_hp_gain":0,"max_hp_loss":0,"event_name":"Mysterious Sphere","floor":48,"gold_loss":0}],"is_beta":false,"boss_relics":[{"not_picked":["Nuclear Battery","Ectoplasm"],"picked":"Coffee Dripper"},{"not_picked":["Eternal Feather","White Beast Statue"],"picked":"Velvet Choker"}],"items_purged_floors":[5,19,44],"is_endless":false,"potions_floor_spawned":[1,3,13,20,22,24,27,35,46],"ascension_level":0}