{"gold_per_floor":[110,126,54,67,42,42,75,75,75,92,105,105,105,119,119,218,218,235,235,248,268,296,296,324,336,375,399,425,437,449,488,500,616,628,657,669,691,716,743,755,767,779,817,369,369,469,469,469],"floor_reached":49,"playtime":1441,"items_purged":["Decay"],"score":755,"play_id":"6800961d-93a2-42a7-9ead-f081df70e3e3","local_time":"20181018104532","is_ascension_mode":false,"campfire_choices":[{"data":"Deadly Poison","floor":6.0,"key":"SMITH"},{"data":"Crippling Poison","floor":8.0,"key":"SMITH"},{"data":"Footwork","floor":13.0,"key":"SMITH"},{"data":"Catalyst","floor":15.0,"key":"SMITH"},{"data":"Night Terror","floor":23.0,"key":"SMITH"},{"data":"Footwork","floor":25.0,"key":"SMITH"},{"data":"Neutralize","floor":32.0,"key":"SMITH"},{"data":"Night Terror","floor":40.0,"key":"SMITH"},{"floor":42.0,"key":"REST"},{"floor":45.0,"key":"REST"}],"neow_cost":"TEN_PERCENT_HP_LOSS","seed_source_timestamp":6654411855577,"circlet_count":0,"master_deck":["Defend_G","Defend_G","Defend_G","Defend_G","Strike_G","Survivor","Neutralize+1","Accuracy","Poisoned Stab","Footwork+1","Footwork+1","Deadly Poison+1","Crippling Poison+1","Crippling Poison+1","Catalyst+1","Night Terror+1","Blur","Flying Knee+1","Die Die Die+1","Doppelganger+1","Bouncing Flask","Night Terror+1","Noxious Fumes","Backflip"],"special_seed":0,"relics":["Ring of the Snake","Meat on the Bone","Busted Crown","Pocketwatch","Red Mask","MawBank","Vajra","Nloth\u0027s Gift","Ancient Tea Set","Astrolabe","Bronze Scales","ClockworkSouvenir"],"potions_floor_usage":[],"damage_taken":[{"damage":0.0,"enemies":"2 Louse","floor":1.0,"turns":4.0},{"damage":8.0,"enemies":"Cultist","floor":2.0,"turns":6.0},{"damage":0.0,"enemies":"Small Slimes","floor":4.0,"turns":4.0},{"damage":11.0,"enemies":"3 Sentries","floor":7.0,"turns":10.0},{"damage":0.0,"enemies":"Exordium Wildlife","floor":10.0,"turns":3.0},{"damage":5.0,"enemies":"Exordium Thugs","floor":11.0,"turns":3.0},{"damage":7.0,"enemies":"Looter","floor":14.0,"turns":3.0},{"damage":0.0,"enemies":"The Guardian","floor":16.0,"turns":6.0},{"damage":6.0,"enemies":"2 Thieves","floor":18.0,"turns":4.0},{"damage":0.0,"enemies":"Spheric Guardian","floor":20.0,"turns":3.0},{"damage":2.0,"enemies":"Centurion and Healer","floor":21.0,"turns":6.0},{"damage":10.0,"enemies":"Masked Bandits","floor":22.0,"turns":4.0},{"damage":23.0,"enemies":"Slavers","floor":24.0,"turns":6.0},{"damage":0.0,"enemies":"Cultist and Chosen","floor":27.0,"turns":5.0},{"damage":0.0,"enemies":"Snecko","floor":28.0,"turns":3.0},{"damage":27.0,"enemies":"Champ","floor":33.0,"turns":4.0},{"damage":27.0,"enemies":"3 Darklings","floor":35.0,"turns":5.0},{"damage":14.0,"enemies":"3 Shapes","floor":37.0,"turns":4.0},{"damage":2.0,"enemies":"Transient","floor":38.0,"turns":4.0},{"damage":6.0,"enemies":"Sphere and 2 Shapes","floor":39.0,"turns":3.0},{"damage":21,"enemies":"Time Eater","floor":48,"turns":4}],"seed_played":"-6159602816870284528","potions_obtained":[{"floor":1.0,"key":"Poison Potion"},{"floor":2.0,"key":"Explosive Potion"},{"floor":7.0,"key":"EssenceOfSteel"},{"floor":11.0,"key":"Fire Potion"},{"floor":24.0,"key":"LiquidBronze"},{"floor":28.0,"key":"SkillPotion"},{"floor":35.0,"key":"Explosive Potion"},{"floor":37.0,"key":"Block Potion"}],"is_trial":false,"path_per_floor":["M","M","$","M","$","R","E","R","T","M","M","?","R","M","R","B",null,"M","?","M","M","?","R","E","R","T","M","M","?","?","T","R","B",null,"M","?","M","M","M","R","?","R","T","$","R","?","?","B"],"character_chosen":"THE_SILENT","items_purchased":["Footwork","Deadly Poison","ClockworkSouvenir","Noxious Fumes","Backflip","SkillPotion"],"campfire_rested":2,"item_purchase_floors":[3,5,44,44,44,44],"current_hp_per_floor":[63,55,55,55,55,55,54,54,54,54,49,49,49,42,42,42,73,67,67,67,65,55,55,44,44,44,44,44,44,44,44,44,29,73,46,46,44,42,36,36,36,56,56,56,69,69,69,48],"gold":469,"neow_bonus":"REMOVE_TWO","is_prod":false,"is_daily":false,"chose_seed":false,"campfire_upgraded":8,"win_rate":0,"timestamp":1539830732,"path_taken":["M","M","$","M","$","R","E","R","T","M","M","?","R","M","R","BOSS","M","?","M","M","?","R","E","R","T","?","M","?","?","?","R","BOSS","M","?","M","M","M","R","?","R","T","$","R","?","?","BOSS"],"build_version":"2018-10-11","purchased_purges":1,"victory":true,"max_hp_per_floor":[63,63,63,63,63,63,73,73,73,73,73,73,73,73,73,73,73,73,73,73,73,73,73,73,73,73,73,73,73,73,73,73,73,73,73,69,69,69,69,69,69,69,69,69,69,69,69,69],"card_choices":[{"not_picked":["Setup","Prepared"],"picked":"Accuracy","floor":1.0},{"not_picked":["Tactician","Slice"],"picked":"Poisoned Stab","floor":2.0},{"not_picked":["Expertise","Blade Dance"],"picked":"Footwork","floor":4.0},{"not_picked":["Predator","Underhanded Strike"],"picked":"Crippling Poison","floor":7.0},{"not_picked":["Distraction","Concentrate","Accuracy"],"picked":"SKIP","floor":10.0},{"not_picked":["Choke","Blade Dance"],"picked":"Crippling Poison","floor":11.0},{"not_picked":["Bane","Dagger Throw"],"picked":"Catalyst","floor":14.0},{"not_picked":["Glass Knife","After Image"],"picked":"Night Terror","floor":16.0},{"not_picked":["Reflex"],"picked":"SKIP","floor":18.0},{"not_picked":[],"picked":"Blur","floor":20.0},{"not_picked":["Outmaneuver"],"picked":"SKIP","floor":21.0},{"not_picked":["Choke+1"],"picked":"SKIP","floor":24.0},{"not_picked":["Prepared"],"picked":"SKIP","floor":27.0},{"not_picked":["Cloak And Dagger+1"],"picked":"SKIP","floor":28.0},{"not_picked":["Flying Knee"],"picked":"SKIP","floor":35.0},{"not_picked":[],"picked":"Bouncing Flask","floor":37.0},{"not_picked":["Acrobatics+1"],"picked":"SKIP","floor":38.0},{"not_picked":[],"picked":"Night Terror","floor":39.0}],"player_experience":317553,"relics_obtained":[{"floor":7.0,"key":"Pear"},{"floor":9.0,"key":"Meat on the Bone"},{"floor":22.0,"key":"Red Mask"},{"floor":24.0,"key":"MawBank"},{"floor":26.0,"key":"Vajra"},{"floor":31.0,"key":"Ancient Tea Set"},{"floor":43.0,"key":"Bronze Scales"}],"event_choices":[{"event_name":"Upgrade Shrine","player_choice":"Upgraded","floor":12.0,"damage_taken":0.0},{"event_name":"The Mausoleum","player_choice":"Yes","floor":19.0,"damage_taken":0.0},{"event_name":"Masked Bandits","player_choice":"Fought Bandits","floor":22.0,"damage_taken":0.0},{"event_name":"Wheel of Change","player_choice":"Curse","floor":29.0,"damage_taken":0.0},{"event_name":"N\u0027loth","player_choice":"Traded a Pear","floor":30.0,"damage_taken":0.0},{"event_name":"Winding Halls","player_choice":"Max HP","floor":36.0,"damage_taken":0.0},{"event_name":"SensoryStone","player_choice":"Memory 1","floor":41.0,"damage_taken":0.0},{"event_name":"Golden Shrine","player_choice":"Pray","floor":46.0,"damage_taken":0.0},{"event_name":"SecretPortal","player_choice":"Took Portal.","floor":47.0,"damage_taken":0.0}],"is_beta":false,"boss_relics":[{"not_picked":["Eternal Feather","Pandora\u0027s Box"],"picked":"Busted Crown"},{"not_picked":["Coffee Dripper","Ring of the Serpent"],"picked":"Astrolabe"}],"items_purged_floors":[44],"is_endless":false,"potions_floor_spawned":[1,2,7,10,11,18,24,28,35,37],"ascension_level":0}