{"gold_per_floor":[116,130,146,160,160,160,160,180,180,154,173,173,192,210,210,307,307,320,270,287,302,315,315,200,230,230,230,244,244,63,83,83,179,179,199,199,215,20,30,30,41,41,65,89,61,73,104,131,143,155],"floor_reached":51,"playtime":3939,"items_purged":["Strike_R","Strike_R","Bash"],"score":959,"play_id":"e32d9cf9-58a3-4d3b-964a-e2bc0ca4584b","local_time":"20190730183018","is_ascension_mode":true,"campfire_choices":[{"data":"Juggernaut","floor":6.0,"key":"SMITH"},{"data":"Feel No Pain","floor":15.0,"key":"SMITH"},{"data":"Body Slam","floor":23.0,"key":"SMITH"},{"data":"Body Slam","floor":29.0,"key":"SMITH"},{"floor":32.0,"key":"REST"},{"data":"Flame Barrier","floor":40.0,"key":"SMITH"},{"data":"Juggernaut","floor":42.0,"key":"SMITH"},{"data":"Shockwave","floor":46.0,"key":"SMITH"},{"floor":49,"key":"REST"}],"neow_cost":"TEN_PERCENT_HP_LOSS","seed_source_timestamp":0,"circlet_count":0,"master_deck":["AscendersBane","Defend_R","Defend_R","Defend_R","Defend_R","Metallicize+1","Shockwave+1","True Grit","Juggernaut+1","Double Tap+1","Body Slam+1","Feel No Pain+1","Reaper","Offering","Body Slam+1","Seeing Red+1","Rampage","Offering","Battle Trance+1","Juggernaut+1","Impervious","Flame Barrier+1","Iron Wave+1"],"special_seed":0,"relics":["Burning Blood","Kunai","Philosopher\u0027s Stone","Letter Opener","Unceasing Top","Ornamental Fan","Black Star","MawBank"],"potions_floor_usage":[50],"damage_taken":[{"damage":1.0,"enemies":"Cultist","floor":1.0,"turns":3.0},{"damage":1.0,"enemies":"Small Slimes","floor":2.0,"turns":5.0},{"damage":5.0,"enemies":"2 Louse","floor":3.0,"turns":3.0},{"damage":10.0,"enemies":"Red Slaver","floor":4.0,"turns":9.0},{"damage":6.0,"enemies":"3 Louse","floor":8.0,"turns":3.0},{"damage":10.0,"enemies":"Exordium Thugs","floor":10.0,"turns":5.0},{"damage":3.0,"enemies":"2 Fungi Beasts","floor":11.0,"turns":4.0},{"damage":9.0,"enemies":"Red Slaver","floor":13.0,"turns":5.0},{"damage":17.0,"enemies":"Gremlin Gang","floor":14.0,"turns":5.0},{"damage":21.0,"enemies":"The Guardian","floor":16.0,"turns":12.0},{"damage":7.0,"enemies":"Chosen","floor":18.0,"turns":5.0},{"damage":10.0,"enemies":"Spheric Guardian","floor":20.0,"turns":3.0},{"damage":41.0,"enemies":"Snecko","floor":21.0,"turns":7.0},{"damage":13.0,"enemies":"3 Cultists","floor":22.0,"turns":5.0},{"damage":29.0,"enemies":"Slavers","floor":25.0,"turns":6.0},{"damage":12.0,"enemies":"Cultist and Chosen","floor":28.0,"turns":3.0},{"damage":21.0,"enemies":"Snake Plant","floor":31.0,"turns":3.0},{"damage":15.0,"enemies":"Champ","floor":33.0,"turns":5.0},{"damage":49.0,"enemies":"3 Darklings","floor":35.0,"turns":3.0},{"damage":16.0,"enemies":"3 Shapes","floor":37.0,"turns":4.0},{"damage":13.0,"enemies":"Maw","floor":39.0,"turns":5.0},{"damage":12.0,"enemies":"4 Shapes","floor":41.0,"turns":4.0},{"damage":12.0,"enemies":"Spire Growth","floor":44.0,"turns":4.0},{"damage":23.0,"enemies":"Transient","floor":47.0,"turns":5.0},{"damage":12.0,"enemies":"Maw","floor":48.0,"turns":4.0},{"damage":25,"enemies":"Time Eater","floor":50,"turns":6}],"seed_played":"5562516944416584543","potions_obtained":[{"floor":1.0,"key":"Regen Potion"},{"floor":4.0,"key":"Energy Potion"},{"floor":10.0,"key":"GamblersBrew"},{"floor":14.0,"key":"Ancient Potion"},{"floor":16.0,"key":"Strength Potion"},{"floor":20.0,"key":"Regen Potion"},{"floor":21.0,"key":"Fire Potion"},{"floor":22.0,"key":"Poison Potion"},{"floor":25.0,"key":"Fruit Juice"},{"floor":35.0,"key":"AttackPotion"},{"floor":37.0,"key":"Swift Potion"},{"floor":44.0,"key":"Ancient Potion"}],"is_trial":false,"path_per_floor":["M","M","M","M","?","R","?","M","T","M","M","?","M","M","R","B",null,"M","?","M","M","M","R","$","E","T","T","M","R","$","M","R","B",null,"M","?","M","$","M","R","M","R","T","M","?","R","M","M","R","B",null],"character_chosen":"IRONCLAD","items_purchased":["Rampage","Battle Trance","Impervious"],"campfire_rested":2,"item_purchase_floors":[24,30,38],"current_hp_per_floor":[72,72,72,72,72,72,72,72,72,68,71,71,68,57,57,46,66,69,69,65,36,53,53,53,42,42,42,45,45,45,31,54,49,70,27,77,77,77,74,74,68,68,68,66,66,66,53,47,70,55],"gold":167,"neow_bonus":"REMOVE_TWO","is_prod":false,"is_daily":false,"chose_seed":false,"campfire_upgraded":7,"win_rate":0,"timestamp":1564529418,"path_taken":["M","M","M","M","?","R","?","M","T","?","M","?","?","M","R","BOSS","M","?","?","M","M","R","$","E","T","?","M","R","$","M","R","BOSS","M","?","?","$","M","R","?","R","T","M","?","R","M","?","R","BOSS"],"build_version":"2019-07-17","purchased_purges":3,"victory":true,"max_hp_per_floor":[72,72,72,72,72,72,72,72,72,72,72,72,72,72,72,72,72,72,72,72,72,72,72,72,72,72,72,77,77,77,77,77,77,77,77,77,77,77,77,77,77,77,77,77,77,77,77,77,77,77],"card_choices":[{"not_picked":["Pommel Strike","Clash"],"picked":"Metallicize","floor":1.0},{"not_picked":["Thunderclap","Sword Boomerang"],"picked":"Shockwave","floor":2.0},{"not_picked":["Wild Strike","Infernal Blade"],"picked":"True Grit","floor":3.0},{"not_picked":["Blood for Blood","Clash","Pummel"],"picked":"SKIP","floor":4.0},{"not_picked":["Warcry","Clothesline","Flex"],"picked":"SKIP","floor":8.0},{"not_picked":["Body Slam","Whirlwind"],"picked":"Double Tap","floor":10.0},{"not_picked":["Cleave","Disarm"],"picked":"Body Slam","floor":11.0},{"not_picked":["Carnage","Cleave"],"picked":"Feel No Pain","floor":13.0},{"not_picked":["Pommel Strike","Sword Boomerang"],"picked":"Reaper","floor":14.0},{"not_picked":["Demon Form","Double Tap"],"picked":"Offering","floor":16.0},{"not_picked":["Combust","Armaments"],"picked":"Body Slam","floor":18.0},{"not_picked":["Sword Boomerang","Perfected Strike","Armaments"],"picked":"SKIP","floor":20.0},{"not_picked":["Anger+1","Flex+1","Clothesline"],"picked":"SKIP","floor":21.0},{"not_picked":["Hemokinesis","Heavy Blade+1"],"picked":"Seeing Red+1","floor":22.0},{"not_picked":["Thunderclap","Havoc"],"picked":"Offering","floor":25.0},{"not_picked":["Thunderclap","Dual Wield","Second Wind"],"picked":"SKIP","floor":28.0},{"not_picked":["Wild Strike","Inflame","Combust+1"],"picked":"SKIP","floor":31.0},{"not_picked":["Reaper","Exhume"],"picked":"Juggernaut","floor":33.0},{"not_picked":["Clash+1","Sword Boomerang","Twin Strike"],"picked":"SKIP","floor":35.0},{"not_picked":["Headbutt+1","Inflame","True Grit"],"picked":"SKIP","floor":37.0},{"not_picked":["Disarm+1","Shockwave+1"],"picked":"Flame Barrier","floor":39.0},{"not_picked":["Shockwave","Body Slam","Cleave"],"picked":"SKIP","floor":41.0},{"not_picked":["Havoc","Heavy Blade+1","Sword Boomerang"],"picked":"SKIP","floor":44.0},{"not_picked":["True Grit","Fire Breathing+1"],"picked":"Iron Wave+1","floor":47.0},{"not_picked":["Cleave","Rampage+1","Blood for Blood+1"],"picked":"SKIP","floor":48.0}],"player_experience":392101,"relics_obtained":[{"floor":9.0,"key":"Kunai"},{"floor":25.0,"key":"Letter Opener"},{"floor":26.0,"key":"Unceasing Top"},{"floor":27.0,"key":"Ornamental Fan"},{"floor":43.0,"key":"MawBank"}],"event_choices":[{"damage_healed":0.0,"max_hp_gain":0.0,"max_hp_loss":0.0,"gold_gain":0.0,"cards_transformed":["Strike_R"],"event_name":"Living Wall","player_choice":"Change","floor":5.0,"gold_loss":0.0,"damage_taken":0.0,"cards_obtained":["Juggernaut"]},{"damage_healed":0.0,"max_hp_gain":0.0,"max_hp_loss":0.0,"gold_gain":0.0,"event_name":"Accursed Blacksmith","player_choice":"Forge","floor":7.0,"gold_loss":0.0,"damage_taken":0.0,"cards_upgraded":["Metallicize"]},{"damage_healed":0.0,"max_hp_gain":0.0,"max_hp_loss":0.0,"gold_gain":0.0,"event_name":"Upgrade Shrine","player_choice":"Upgraded","floor":12.0,"gold_loss":0.0,"damage_taken":0.0,"cards_upgraded":["Double Tap"]},{"damage_healed":0.0,"max_hp_gain":0.0,"max_hp_loss":0.0,"gold_gain":0.0,"event_name":"The Joust","player_choice":"Bet on Murderer","floor":19.0,"gold_loss":50.0,"damage_taken":0.0},{"damage_healed":50.0,"max_hp_gain":0.0,"max_hp_loss":0.0,"gold_gain":0.0,"event_name":"Wheel of Change","player_choice":"Full Heal","floor":36.0,"gold_loss":0.0,"damage_taken":0.0},{"damage_healed":0.0,"max_hp_gain":0.0,"max_hp_loss":0.0,"gold_gain":0.0,"event_name":"Designer","player_choice":"Upgrade","floor":45.0,"gold_loss":40.0,"damage_taken":0.0,"cards_upgraded":["Battle Trance"]}],"is_beta":false,"boss_relics":[{"not_picked":["Lizard Tail","Runic Dome"],"picked":"Philosopher\u0027s Stone"},{"not_picked":["Snecko Eye","Eternal Feather"],"picked":"Black Star"}],"items_purged_floors":[24,30,38],"is_endless":false,"potions_floor_spawned":[1,4,10,14,16,20,21,22,25,35,37,44],"ascension_level":11}