{"path_per_floor":["M","M","M","M","M","E","R","E","T","?","E","R","M","M","R","B",null,"M","?","T","?","$"],"character_chosen":"IRONCLAD","items_purchased":["Evolve","Prayer Wheel"],"gold_per_floor":[116,132,148,159,176,211,211,240,240,315,349,349,359,376,376,476,476,489,849,917,917,629],"floor_reached":23,"campfire_rested":1,"playtime":1146,"current_hp_per_floor":[80,80,73,67,61,57,57,41,48,37,21,47,41,43,43,13,87,76,36,36,36,36],"items_purged":["Defend_R"],"gold":629,"score":211,"play_id":"b6148dfc-0a31-4db7-b113-798791cfd93c","local_time":"20180314211525","is_prod":false,"is_daily":false,"is_ascension_mode":false,"campfire_upgraded":2,"timestamp":1521058525,"path_taken":["M","M","M","?","M","E","R","E","T","?","E","R","?","M","R","BOSS","M","?","?","?","$","E"],"build_version":"2018-03-09","purchased_purges":1,"victory":false,"master_deck":["Strike_R","Strike_R","Strike_R","Strike_R","Strike_R","Defend_R","Defend_R","Defend_R","Bash","Whirlwind+1","Inflame","Heavy Blade+1","Armaments","Wild Strike","Shrug It Off","Wild Strike","Feed","Evolve"],"max_hp_per_floor":[80,80,80,80,80,80,80,80,87,87,87,87,87,87,87,87,87,87,87,87,87,87],"relics":["Burning Blood","Blood Vial","Oddly Smooth Stone","Strawberry","Happy Flower","Black Star","Molten Egg 2","Prayer Wheel"],"card_choices":[{"not_picked":["Blood for Blood","Warcry"],"picked":"Whirlwind"},{"not_picked":["Headbutt","Entrench"],"picked":"Inflame"},{"not_picked":["Thunderclap","Headbutt"],"picked":"Heavy Blade"},{"not_picked":["Havoc","Shrug It Off"],"picked":"Armaments"},{"not_picked":["Body Slam","Reckless Charge"],"picked":"Wild Strike"},{"not_picked":["Sword Boomerang","Twin Strike"],"picked":"Shrug It Off"},{"not_picked":["Clash","Combust"],"picked":"Wild Strike"},{"not_picked":["Berserk","Fiend Fire"],"picked":"Feed"}],"player_experience":140573,"potions_floor_usage":[6,6,16,23,23],"damage_taken":[{"damage":6,"enemies":"Cultist","floor":1,"turns":3},{"damage":0,"enemies":"Small Slimes","floor":2,"turns":3},{"damage":13,"enemies":"Jaw Worm","floor":3,"turns":3},{"damage":12,"enemies":"Looter","floor":4,"turns":4},{"damage":12,"enemies":"Gremlin Gang","floor":5,"turns":4},{"damage":10,"enemies":"Gremlin Nob","floor":6,"turns":4},{"damage":24,"enemies":"3 Sentries","floor":8,"turns":4},{"damage":24,"enemies":"Gremlin Nob","floor":11,"turns":4},{"damage":14,"enemies":"Large Slime","floor":13,"turns":5},{"damage":6,"enemies":"Exordium Thugs","floor":14,"turns":3},{"damage":38,"enemies":"The Guardian","floor":16,"turns":7},{"damage":17,"enemies":"Shell Parasite","floor":18,"turns":6},{"damage":46,"enemies":"Slavers","floor":23,"turns":3}],"event_choices":[{"event_name":"World of Goop","player_choice":"Gather Gold","floor":10,"damage_taken":0},{"event_name":"Knowing Skull","player_choice":"GOLD GOLD GOLD GOLD ","floor":19,"damage_taken":0},{"event_name":"Cursed Tome","player_choice":"Ignored","floor":21,"damage_taken":0}],"boss_relics":[{"not_picked":["Runic Pyramid","White Beast Statue"],"picked":"Black Star"}],"potions_floor_spawned":[1,3,4,5,11,13,18],"seed_played":"-236329485153467534","killed_by":"Slavers","ascension_level":0,"is_trial":false}