{"gold_per_floor":[113,12,22,22,22,22,48,48,48,82,82,92,124,143,143,217,217,236,253,264,264,264,264,296,90,136,155,186,16,16,50,50,127,127,137,147,147,159,159,188,200,226,250,599,599,624,641,675,675,675],"floor_reached":51,"playtime":1459,"items_purged":["Defend_R","Defend_R","Defend_R"],"score":1854,"play_id":"007eca62-800a-4933-bc3e-53030e60bfa2","local_time":"20180924030602","is_ascension_mode":true,"campfire_choices":[{"data":"Perfected Strike","floor":6.0,"key":"SMITH"},{"data":"Perfected Strike","floor":8.0,"key":"SMITH"},{"data":"Perfected Strike","floor":11.0,"key":"SMITH"},{"data":"Shockwave","floor":15.0,"key":"SMITH"},{"data":"Warcry","floor":23.0,"key":"SMITH"},{"floor":30,"key":"REST"},{"data":"Perfected Strike","floor":32,"key":"SMITH"},{"data":"Whirlwind","floor":45,"key":"SMITH"},{"data":"Battle Trance","floor":49,"key":"SMITH"}],"neow_cost":"NONE","seed_source_timestamp":224204952366141,"circlet_count":0,"master_deck":["Strike_R","Strike_R","Strike_R","Strike_R","Strike_R","Defend_R","Bash","AscendersBane","Perfected Strike+1","Shrug It Off+1","Perfected Strike+1","Perfected Strike+1","Power Through","Warcry+1","Shockwave+1","Pommel Strike","Shrug It Off","Flex+1","Whirlwind+1","Perfected Strike+1","Shrug It Off+1","Battle Trance+1","Thunderclap","Body Slam+1"],"special_seed":0,"relics":["Runic Dome","Orichalcum","PreservedInsect","StoneCalendar","Dream Catcher","Centennial Puzzle","Eternal Feather","MutagenicStrength","Bottled Lightning","War Paint","Ancient Tea Set","Champion Belt","Mark of Pain","Matryoshka","Omamori","Potion Belt","Bag of Marbles","Juzu Bracelet","Old Coin","Anchor","Kunai"],"potions_floor_usage":[38,50,50,50],"damage_taken":[{"damage":8.0,"enemies":"Small Slimes","floor":1.0,"turns":3.0},{"damage":0.0,"enemies":"Cultist","floor":3.0,"turns":2.0},{"damage":6.0,"enemies":"Gremlin Nob","floor":7.0,"turns":3.0},{"damage":0.0,"enemies":"Lagavulin","floor":10.0,"turns":2.0},{"damage":0.0,"enemies":"Jaw Worm","floor":12.0,"turns":1.0},{"damage":0.0,"enemies":"Gremlin Nob","floor":13.0,"turns":2.0},{"damage":0.0,"enemies":"3 Louse","floor":14.0,"turns":2.0},{"damage":16.0,"enemies":"The Guardian","floor":16.0,"turns":5.0},{"damage":0.0,"enemies":"3 Byrds","floor":18.0,"turns":4.0},{"damage":16.0,"enemies":"Shell Parasite","floor":19.0,"turns":3.0},{"damage":0.0,"enemies":"Chosen and Byrds","floor":20.0,"turns":5.0},{"damage":12.0,"enemies":"Gremlin Leader","floor":24.0,"turns":3.0},{"damage":13,"enemies":"Centurion and Healer","floor":27,"turns":6},{"damage":14,"enemies":"Slavers","floor":28,"turns":3},{"damage":0,"enemies":"Gremlin Leader","floor":31,"turns":2},{"damage":28,"enemies":"Collector","floor":33,"turns":7},{"damage":10,"enemies":"Orb Walker","floor":35,"turns":2},{"damage":18,"enemies":"3 Darklings","floor":36,"turns":4},{"damage":12,"enemies":"Reptomancer","floor":38,"turns":2},{"damage":9,"enemies":"Nemesis","floor":40,"turns":3},{"damage":18,"enemies":"Maw","floor":41,"turns":5},{"damage":0,"enemies":"Mysterious Sphere","floor":44,"turns":3},{"damage":3,"enemies":"Giant Head","floor":46,"turns":3},{"damage":0,"enemies":"3 Darklings","floor":47,"turns":2},{"damage":0,"enemies":"2 Orb Walkers","floor":48,"turns":2},{"damage":21,"enemies":"Donu and Deca","floor":50,"turns":8}],"seed_played":"-8044299870715654161","potions_obtained":[{"floor":3.0,"key":"Explosive Potion"},{"floor":7.0,"key":"PowerPotion"},{"floor":16.0,"key":"FairyPotion"},{"floor":19.0,"key":"FearPotion"},{"floor":20.0,"key":"LiquidBronze"},{"floor":36,"key":"Regen Potion"},{"floor":40,"key":"Swift Potion"},{"floor":41,"key":"SkillPotion"},{"floor":47,"key":"Dexterity Potion"},{"floor":48,"key":"Weak Potion"}],"is_trial":false,"path_per_floor":["M","$","M","?","?","R","E","R","T","E","R","M","E","M","R","B",null,"M","M","M","?","?","R","E","$","T","M","E","$","R","E","R","B",null,"M","M","$","M","?","E","M","T","T","?","R","E","M","E","R","B"],"character_chosen":"IRONCLAD","items_purchased":["Shrug It Off","Shrug It Off","Flex","Whirlwind"],"campfire_rested":1,"item_purchase_floors":[2,25,25,29],"current_hp_per_floor":[60,60,60,65,60,60,54,54,54,54,54,54,54,54,54,38,70,70,54,54,46,46,55,43,43,43,30,19,19,55,55,67,39,72,62,47,47,40,96,87,69,69,69,69,81,78,78,78,90,69],"gold":675,"neow_bonus":"BOSS_RELIC","is_prod":false,"is_daily":false,"chose_seed":false,"campfire_upgraded":8,"win_rate":0,"timestamp":1537729562,"path_taken":["M","$","M","?","?","R","E","R","T","E","R","M","E","?","R","BOSS","M","M","M","?","?","R","E","$","T","M","E","?","R","E","R","BOSS","M","M","$","M","?","E","?","?","T","?","R","E","M","E","R","BOSS"],"build_version":"2018-09-20","purchased_purges":3,"victory":true,"max_hp_per_floor":[75,75,75,80,80,80,80,80,80,80,80,80,80,80,80,80,80,80,80,80,80,80,80,80,80,80,80,83,83,83,83,83,83,83,83,86,86,86,96,96,96,96,96,96,96,96,96,96,96,96],"card_choices":[{"not_picked":["Iron Wave","Thunderclap"],"picked":"Perfected Strike","floor":1.0},{"not_picked":["Anger","Burning Pact"],"picked":"Perfected Strike","floor":3.0},{"not_picked":["Battle Trance","Flex"],"picked":"Perfected Strike","floor":7.0},{"not_picked":["Combust","Power Through","Rupture"],"picked":"SKIP","floor":10.0},{"not_picked":["Combust","Rupture"],"picked":"Power Through","floor":10.0},{"not_picked":["Hemokinesis","Pummel","Cleave"],"picked":"SKIP","floor":12.0},{"not_picked":["Bludgeon","Clothesline"],"picked":"Warcry","floor":13.0},{"not_picked":["Clothesline","Wild Strike"],"picked":"Shockwave","floor":14.0},{"not_picked":["Headbutt","True Grit"],"picked":"Pommel Strike","floor":18.0},{"not_picked":["Clothesline","Searing Blow+1","Metallicize"],"picked":"SKIP","floor":19.0},{"not_picked":["Inflame","Feel No Pain+1","Warcry"],"picked":"SKIP","floor":20.0},{"not_picked":["Clash","Cleave"],"picked":"Feed","floor":24},{"not_picked":["Thunderclap","Anger","Dual Wield"],"picked":"SKIP","floor":27},{"not_picked":["Heavy Blade","Uppercut","Shrug It Off"],"picked":"SKIP","floor":28},{"not_picked":["Sword Boomerang","Whirlwind"],"picked":"Perfected Strike","floor":30},{"not_picked":["Anger","Sentinel","Clothesline"],"picked":"SKIP","floor":31},{"not_picked":["Iron Wave","Intimidate"],"picked":"Shrug It Off+1","floor":35},{"not_picked":["Anger","Corruption+1"],"picked":"Battle Trance","floor":36},{"not_picked":["Clash","Rampage"],"picked":"Thunderclap","floor":38},{"not_picked":["Metallicize","Brutality","Whirlwind"],"picked":"SKIP","floor":40},{"not_picked":["Body Slam","Dropkick","Heavy Blade"],"picked":"SKIP","floor":41},{"not_picked":["Headbutt","Sword Boomerang","Thunderclap"],"picked":"SKIP","floor":46},{"not_picked":["Iron Wave+1","Disarm"],"picked":"Body Slam+1","floor":47},{"not_picked":["True Grit","Clash","Heavy Blade"],"picked":"SKIP","floor":48}],"player_experience":119694,"relics_obtained":[{"floor":7.0,"key":"PreservedInsect"},{"floor":9.0,"key":"StoneCalendar"},{"floor":10.0,"key":"Dream Catcher"},{"floor":13.0,"key":"Centennial Puzzle"},{"floor":24,"key":"Bottled Lightning"},{"floor":26,"key":"War Paint"},{"floor":28,"key":"Ancient Tea Set"},{"floor":31,"key":"Champion Belt"},{"floor":40,"key":"Matryoshka"},{"floor":42,"key":"Omamori"},{"floor":42,"key":"Potion Belt"},{"floor":43,"key":"Bag of Marbles"},{"floor":43,"key":"Juzu Bracelet"},{"floor":44,"key":"Old Coin"},{"floor":46,"key":"Anchor"},{"floor":48,"key":"Kunai"}],"event_choices":[{"event_name":"Big Fish","player_choice":"Donut","floor":4.0,"damage_taken":0.0},{"event_name":"Scrap Ooze","player_choice":"success","floor":5.0,"damage_taken":5.0},{"event_name":"Knowing Skull","player_choice":"","floor":21.0,"damage_taken":0.0},{"event_name":"Drug Dealer","player_choice":"Inject Mutagens","floor":22.0,"damage_taken":0.0},{"event_name":"Bonfire Elementals","player_choice":"RARE","floor":39,"damage_taken":0},{"event_name":"Mysterious Sphere","player_choice":"Fight","floor":44,"damage_taken":0}],"is_beta":false,"boss_relics":[{"not_picked":["Tiny House","Pandora\u0027s Box"],"picked":"Eternal Feather"},{"not_picked":["Philosopher\u0027s Stone","Lizard Tail"],"picked":"Mark of Pain"}],"items_purged_floors":[2,25,29],"is_endless":false,"potions_floor_spawned":[3,7,13,16,19,20,31,33,36,40,41,47,48],"ascension_level":19}