{"gold_per_floor":[111,21,96,96,21,55,55,80,127,145,145,160,175,194,194,273,273,287,287,103,113,123,123,140,140,140,140,140,156,174,184,184,260,260,272,147,159,179,29,64,64,64,91,91,91,142,159,190,190,190,190,190,190,15,46,46],"floor_reached":57,"playtime":5254,"items_purged":["Strike_G","Strike_G","Strike_G","Defend_G","Survivor"],"score":3244,"play_id":"09a45963-4bfe-4472-933d-7582b607172b","local_time":"20190107210358","is_ascension_mode":true,"campfire_choices":[{"data":"Well Laid Plans","floor":7.0,"key":"SMITH"},{"data":"Acrobatics","floor":11.0,"key":"SMITH"},{"data":"Tactician","floor":15.0,"key":"SMITH"},{"data":"Reflex","floor":23,"key":"SMITH"},{"data":"Acrobatics","floor":25,"key":"SMITH"},{"data":"Concentrate","floor":27,"key":"SMITH"},{"data":"Calculated Gamble","floor":32,"key":"SMITH"},{"data":"Neutralize","floor":42,"key":"SMITH"},{"floor":44,"key":"RECALL"},{"data":"Defend_G","floor":49,"key":"SMITH"},{"data":"Defend_G","floor":53,"key":"SMITH"}],"neow_cost":"NONE","seed_source_timestamp":27569129870796,"circlet_count":0,"master_deck":["AscendersBane","Defend_G+1","Defend_G+1","Defend_G+1","Strike_G+1","Strike_G+1","Neutralize+1","Acrobatics+1","Well Laid Plans+1","Concentrate+1","Acrobatics+1","Tactician+1","Well Laid Plans","Acrobatics+1","After Image","Reflex+1","Calculated Gamble+1"],"special_seed":0,"relics":["Ring of the Snake","Whetstone","Art of War","Vajra","Busted Crown","Nloth\u0027s Gift","Bottled Tornado","Runic Pyramid","Thread and Needle","Sundial","Blue Candle"],"potions_floor_usage":[16,21,30,30,56],"damage_taken":[{"damage":0.0,"enemies":"Small Slimes","floor":1.0,"turns":1.0},{"damage":0.0,"enemies":"Lagavulin","floor":6.0,"turns":1.0},{"damage":0.0,"enemies":"Gremlin Nob","floor":8.0,"turns":1.0},{"damage":0.0,"enemies":"Jaw Worm","floor":10.0,"turns":4.0},{"damage":5.0,"enemies":"2 Louse","floor":12.0,"turns":2.0},{"damage":5.0,"enemies":"Exordium Thugs","floor":13.0,"turns":5.0},{"damage":0.0,"enemies":"2 Fungi Beasts","floor":14.0,"turns":4.0},{"damage":7,"enemies":"The Guardian","floor":16,"turns":14},{"damage":0,"enemies":"3 Byrds","floor":18,"turns":6},{"damage":0,"enemies":"Chosen","floor":21,"turns":6},{"damage":1,"enemies":"Snake Plant","floor":22,"turns":5},{"damage":0,"enemies":"Centurion and Healer","floor":24,"turns":6},{"damage":0,"enemies":"3 Cultists","floor":29,"turns":3},{"damage":0,"enemies":"Chosen and Byrds","floor":30,"turns":7},{"damage":0,"enemies":"Shelled Parasite and Fungi","floor":31,"turns":2},{"damage":0,"enemies":"Champ","floor":33,"turns":2},{"damage":0,"enemies":"3 Shapes","floor":35,"turns":2},{"damage":0,"enemies":"Orb Walker","floor":37,"turns":1},{"damage":0,"enemies":"Spire Growth","floor":38,"turns":1},{"damage":0,"enemies":"Reptomancer","floor":40,"turns":2},{"damage":0,"enemies":"2 Orb Walkers","floor":46,"turns":1},{"damage":0,"enemies":"Maw","floor":47,"turns":1},{"damage":0,"enemies":"Nemesis","floor":48,"turns":1},{"damage":0,"enemies":"Awakened One","floor":50,"turns":2},{"damage":0,"enemies":"Donu and Deca","floor":51,"turns":1},{"damage":0,"enemies":"Shield and Spear","floor":55,"turns":1},{"damage":3,"enemies":"The Heart","floor":56,"turns":5}],"seed_played":"-7398480539194176103","potions_obtained":[{"floor":8.0,"key":"GamblersBrew"},{"floor":10.0,"key":"GhostInAJar"},{"floor":18,"key":"Fire Potion"},{"floor":24,"key":"AttackPotion"},{"floor":30,"key":"SpeedPotion"},{"floor":31,"key":"GhostInAJar"}],"is_trial":false,"path_per_floor":["M","$","?","?","$","E","R","E","T","M","R","M","M","M","R","B",null,"M","?","$","M","M","R","M","R","T","R","?","M","M","M","R","B",null,"M","$","M","M","$","E","?","R","T","R","?","?","M","E","R","B","B",null,"R","$","E","B",null],"character_chosen":"THE_SILENT","items_purchased":["Well Laid Plans","Reflex"],"campfire_rested":0,"item_purchase_floors":[2,20],"current_hp_per_floor":[59,59,48,28,28,28,28,28,28,28,28,23,18,18,18,11,52,52,52,52,52,51,51,51,51,51,51,51,51,51,51,51,51,62,62,62,62,62,62,62,62,62,62,62,62,62,62,62,62,62,62,63,63,63,63,60],"gold":46,"neow_bonus":"THREE_ENEMY_KILL","is_prod":false,"is_daily":false,"chose_seed":false,"campfire_upgraded":10,"win_rate":0,"timestamp":1546866238,"path_taken":["M","$","?","?","$","E","R","E","T","M","R","M","M","M","R","BOSS","M","?","?","M","M","R","M","R","T","R","?","?","M","M","R","BOSS","M","$","M","M","$","E","?","R","T","R","?","?","M","E","R","BOSS","BOSS","R","$","E","BOSS"],"build_version":"2019-01-03v4","purchased_purges":5,"victory":true,"max_hp_per_floor":[66,66,66,66,66,66,66,66,66,66,66,66,66,66,66,66,66,66,66,66,66,66,66,66,66,66,66,66,66,66,66,66,66,66,66,66,66,66,66,66,66,66,66,66,63,63,63,63,63,63,63,63,63,63,63,63],"card_choices":[{"not_picked":["Quick Slash","Finisher"],"picked":"Acrobatics","floor":1.0},{"not_picked":["Underhanded Strike","Deflect","Caltrops"],"picked":"SKIP","floor":6.0},{"not_picked":["Dash","Infinite Blades"],"picked":"Concentrate","floor":8.0},{"not_picked":["Sucker Punch","A Thousand Cuts"],"picked":"Acrobatics","floor":10.0},{"not_picked":["All Out Attack","Backflip"],"picked":"Tactician","floor":12.0},{"not_picked":["Bane","Masterful Stab"],"picked":"Well Laid Plans","floor":13.0},{"not_picked":["Cloak And Dagger","Accuracy"],"picked":"Acrobatics","floor":14.0},{"not_picked":["Corpse Explosion","Storm of Steel"],"picked":"After Image","floor":16},{"not_picked":["Skewer"],"picked":"SKIP","floor":18},{"not_picked":["Dagger Spray"],"picked":"SKIP","floor":21},{"not_picked":["Dash"],"picked":"SKIP","floor":22},{"not_picked":["Flying Knee"],"picked":"SKIP","floor":24},{"not_picked":["Outmaneuver"],"picked":"SKIP","floor":29},{"not_picked":["Blade Dance"],"picked":"SKIP","floor":30},{"not_picked":["PiercingWail"],"picked":"SKIP","floor":31},{"not_picked":["Deflect"],"picked":"SKIP","floor":35},{"not_picked":["Outmaneuver"],"picked":"SKIP","floor":37},{"not_picked":["Bane"],"picked":"SKIP","floor":38},{"not_picked":["Bane"],"picked":"SKIP","floor":40},{"not_picked":["Bane"],"picked":"SKIP","floor":47},{"not_picked":["Night Terror"],"picked":"SKIP","floor":48},{"not_picked":["Prepared"],"picked":"SKIP","floor":55}],"player_experience":1827152,"relics_obtained":[{"floor":6.0,"key":"Whetstone"},{"floor":8.0,"key":"Art of War"},{"floor":9.0,"key":"Vajra"},{"floor":26,"key":"Bottled Tornado"},{"floor":40,"key":"Thread and Needle"},{"floor":48,"key":"Sundial"},{"floor":55,"key":"Blue Candle"}],"event_choices":[{"damage_healed":0.0,"max_hp_gain":0.0,"max_hp_loss":0.0,"gold_gain":75.0,"event_name":"World of Goop","player_choice":"Gather Gold","floor":3.0,"gold_loss":0.0,"damage_taken":11.0},{"damage_healed":0.0,"max_hp_gain":0.0,"max_hp_loss":0.0,"gold_gain":0.0,"event_name":"Shining Light","player_choice":"Entered Light","floor":4.0,"gold_loss":0.0,"damage_taken":20.0,"cards_upgraded":["Defend_G","Acrobatics"]},{"damage_healed":0,"gold_gain":0,"player_choice":"Traded Relic","damage_taken":0,"relics_obtained":["Nloth\u0027s Gift"],"max_hp_gain":0,"max_hp_loss":0,"event_name":"N\u0027loth","floor":19,"relics_lost":["NeowsBlessing"],"gold_loss":0},{"damage_healed":0,"gold_gain":0,"cards_transformed":["Defend_G"],"player_choice":"Transformed","damage_taken":0,"max_hp_gain":0,"max_hp_loss":0,"event_name":"Transmorgrifier","floor":28,"gold_loss":0,"cards_obtained":["Calculated Gamble"]},{"damage_healed":0,"gold_gain":0,"player_choice":"Ignored","damage_taken":0,"max_hp_gain":0,"max_hp_loss":0,"event_name":"Tomb of Lord Red Mask","floor":41,"gold_loss":0},{"damage_healed":0,"gold_gain":0,"player_choice":"Max HP","damage_taken":0,"max_hp_gain":0,"max_hp_loss":3,"event_name":"Winding Halls","floor":45,"gold_loss":0},{"damage_healed":0,"gold_gain":0,"player_choice":"Fight","damage_taken":0,"max_hp_gain":0,"max_hp_loss":0,"event_name":"Mysterious Sphere","floor":46,"gold_loss":0}],"is_beta":false,"boss_relics":[{"not_picked":["Fusion Hammer","Snecko Eye"],"picked":"Busted Crown"},{"not_picked":["HoveringKite","Coffee Dripper"],"picked":"Runic Pyramid"}],"items_purged_floors":[5,20,36,39,54],"is_endless":false,"potions_floor_spawned":[8,10,13,18,24,30,31,33,35,37,48],"ascension_level":20}