{"gold_per_floor":[110,73,73,86,11,11,25,25,70,93,120,132,144,216,228,240],"floor_reached":16,"playtime":413,"items_purged":["Strike_G"],"score":184,"play_id":"cea0d43c-0f69-4e91-880d-25619c971026","local_time":"20181204185758","is_ascension_mode":true,"campfire_choices":[{"data":"Neutralize","floor":6,"key":"SMITH"},{"data":"Noxious Fumes","floor":13,"key":"SMITH"},{"data":"Catalyst","floor":15,"key":"SMITH"}],"neow_cost":"NONE","seed_source_timestamp":10333032949598,"circlet_count":0,"master_deck":["AscendersBane","Defend_G","Defend_G","Defend_G","Defend_G","Defend_G","Strike_G","Strike_G","Strike_G","Survivor","Neutralize+1","Catalyst+1","Noxious Fumes+1","Grand Finale"],"relics":["Ring of the Snake","Strawberry","MawBank","SsserpentHead"],"potions_floor_usage":[7],"damage_taken":[{"damage":7,"enemies":"Small Slimes","floor":1,"turns":6},{"damage":2,"enemies":"2 Louse","floor":4,"turns":3},{"damage":3,"enemies":"Cultist","floor":7,"turns":5},{"damage":2,"enemies":"Blue Slaver","floor":10,"turns":8},{"damage":29,"enemies":"Gremlin Gang","floor":11,"turns":11},{"damage":6,"enemies":"Large Slime","floor":14,"turns":7},{"damage":15,"enemies":"Slime Boss","floor":16,"turns":3}],"seed_played":"-5087332934407339479","potions_obtained":[{"floor":4,"key":"Weak Potion"},{"floor":10,"key":"Strength Potion"}],"is_trial":false,"path_per_floor":["M","$","?","M","$","R","M","?","T","M","M","?","R","M","R","B"],"character_chosen":"THE_SILENT","items_purchased":["Catalyst"],"campfire_rested":0,"item_purchase_floors":[2],"current_hp_per_floor":[52,52,57,55,55,55,52,41,41,39,10,10,10,4,4,0],"gold":240,"neow_bonus":"REMOVE_CARD","is_prod":false,"is_daily":false,"chose_seed":false,"campfire_upgraded":3,"win_rate":0,"timestamp":1543921078,"path_taken":["M","$","?","M","$","R","M","?","T","M","M","?","R","?","R","BOSS"],"build_version":"2018-11-15","purchased_purges":1,"victory":false,"max_hp_per_floor":[66,66,71,71,71,71,71,78,78,78,78,78,78,78,78,78],"card_choices":[{"not_picked":["Prepared","Sucker Punch","Expertise"],"picked":"SKIP","floor":1},{"not_picked":["Blur","Eviscerate","Dagger Spray"],"picked":"SKIP","floor":4},{"not_picked":["Dagger Spray","PiercingWail","Flying Knee"],"picked":"SKIP","floor":7},{"not_picked":["Dodge and Roll","Acrobatics","Quick Slash"],"picked":"SKIP","floor":10},{"not_picked":["Underhanded Strike","Sucker Punch"],"picked":"Noxious Fumes","floor":11},{"not_picked":["Masterful Stab","Acrobatics"],"picked":"Grand Finale","floor":14}],"player_experience":1150373,"relics_obtained":[{"floor":9,"key":"MawBank"}],"event_choices":[{"damage_healed":0,"gold_gain":0,"player_choice":"Donut","damage_taken":0,"max_hp_gain":5,"max_hp_loss":0,"event_name":"Big Fish","floor":3,"gold_loss":0},{"damage_healed":0,"gold_gain":0,"player_choice":"Success","damage_taken":18,"relics_obtained":["Strawberry"],"max_hp_gain":0,"max_hp_loss":0,"event_name":"Scrap Ooze","floor":8,"gold_loss":0},{"damage_healed":0,"gold_gain":0,"player_choice":"Trade","damage_taken":0,"relics_obtained":["SsserpentHead"],"max_hp_gain":0,"max_hp_loss":0,"event_name":"FaceTrader","floor":12,"gold_loss":0}],"is_beta":false,"boss_relics":[],"items_purged_floors":[5],"is_endless":false,"potions_floor_spawned":[4,10],"killed_by":"Slime Boss","ascension_level":20}