{"gold_per_floor":[114,189,204,223,45,45,72,72,124,159,159,179,179,199,199,276,276,291,291,304,318,31,56,56,56,56,56,67,67,30,30],"floor_reached":31,"playtime":1780,"items_purged":[],"score":526,"play_id":"1642eecf-3e78-42e0-94cd-0762f1847379","local_time":"20190702233543","is_ascension_mode":true,"campfire_choices":[{"floor":6,"key":"REST"},{"floor":8,"key":"REST"},{"floor":11,"key":"REST"},{"floor":15,"key":"REST"},{"data":"Doppelganger","floor":24,"key":"SMITH"},{"floor":27,"key":"REST"}],"neow_cost":"NONE","seed_source_timestamp":105841328141250,"circlet_count":0,"master_deck":["AscendersBane","Survivor","Neutralize","Dagger Throw","Flying Knee","Die Die Die","PiercingWail","Die Die Die","Terror","Doppelganger+1","Escape Plan","Endless Agony","Malaise","Venomology","Terror","Skewer","Venomology","Acrobatics","Backflip","Well Laid Plans","PiercingWail","Backflip+1","Dodge and Roll+1","Escape Plan","Well Laid Plans"],"relics":["Ring of the Snake","Orichalcum","Blood Vial","Pen Nib","Pandora\u0027s Box","Singing Bowl","Matryoshka","Bottled Flame","Darkstone Periapt","Omamori","Blue Candle"],"potions_floor_usage":[7,7,12,16,16,18,18,18,18,18,21,23,23,31,31,31,31],"damage_taken":[{"damage":13,"enemies":"Jaw Worm","floor":1,"turns":7},{"damage":7,"enemies":"Small Slimes","floor":3,"turns":4},{"damage":1,"enemies":"Cultist","floor":4,"turns":4},{"damage":45,"enemies":"Lagavulin","floor":7,"turns":6},{"damage":31,"enemies":"3 Sentries","floor":10,"turns":14},{"damage":0,"enemies":"Large Slime","floor":12,"turns":3},{"damage":1,"enemies":"Red Slaver","floor":14,"turns":3},{"damage":27,"enemies":"The Guardian","floor":16,"turns":9},{"damage":12,"enemies":"Spheric Guardian","floor":18,"turns":6},{"damage":0,"enemies":"Chosen","floor":20,"turns":5},{"damage":1,"enemies":"Snake Plant","floor":21,"turns":4},{"damage":25,"enemies":"Book of Stabbing","floor":23,"turns":7},{"damage":21,"enemies":"Sentry and Sphere","floor":28,"turns":8},{"damage":35,"enemies":"Gremlin Leader","floor":31,"turns":7}],"seed_played":"-1548689030695162131","potions_obtained":[{"floor":1,"key":"PowerPotion"},{"floor":3,"key":"Explosive Potion"},{"floor":10,"key":"AttackPotion"},{"floor":13,"key":"EntropicBrew"},{"floor":13,"key":"SneckoOil"},{"floor":16,"key":"EntropicBrew"},{"floor":18,"key":"Fire Potion"}],"is_trial":false,"path_per_floor":["M","?","M","M","$","R","E","R","T","E","R","M","?","M","R","B",null,"M","?","M","M","$","E","R","?","T","R","M","?","$","E"],"character_chosen":"THE_SILENT","items_purchased":["Die Die Die","Matryoshka","Well Laid Plans"],"campfire_rested":5,"item_purchase_floors":[5,22,30],"current_hp_per_floor":[52,41,34,33,33,54,9,30,30,1,22,24,24,25,46,21,59,49,49,51,52,52,29,29,29,29,50,31,31,31,0],"gold":30,"neow_bonus":"TEN_PERCENT_HP_BONUS","is_prod":false,"is_daily":false,"chose_seed":false,"campfire_upgraded":1,"win_rate":0,"timestamp":1562103343,"path_taken":["M","?","M","M","$","R","E","R","T","E","R","M","?","?","R","BOSS","M","?","?","?","$","E","R","?","T","R","M","?","?","E"],"build_version":"2019-07-01","purchased_purges":0,"victory":false,"max_hp_per_floor":[72,72,72,72,72,72,72,72,72,72,72,72,72,72,72,72,72,72,72,72,72,72,72,72,72,72,72,72,72,72,72],"card_choices":[{"not_picked":["Terror","Blade Dance"],"picked":"Dagger Throw","floor":1},{"not_picked":["Choke","Blade Dance","Bane"],"picked":"SKIP","floor":3},{"not_picked":["Blur","Outmaneuver"],"picked":"Flying Knee","floor":4},{"not_picked":["Slice","Riddle With Holes"],"picked":"PiercingWail","floor":7},{"not_picked":["All Out Attack","Sucker Punch"],"picked":"Die Die Die","floor":10},{"not_picked":["Flechettes","Flying Knee"],"picked":"Terror","floor":12},{"not_picked":["Infinite Blades","Finisher","Distraction"],"picked":"SKIP","floor":14},{"not_picked":["Infinite Blades","Finisher","Distraction"],"picked":"SKIP","floor":14},{"not_picked":["Die Die Die","Glass Knife"],"picked":"Doppelganger","floor":16},{"not_picked":["Finisher+1","Flying Knee","Infinite Blades"],"picked":"SKIP","floor":18},{"not_picked":["Terror","Flying Knee"],"picked":"PiercingWail","floor":20},{"not_picked":["Caltrops","Well Laid Plans"],"picked":"Backflip+1","floor":21},{"not_picked":["Dagger Throw","Venomology"],"picked":"Dodge and Roll+1","floor":23},{"not_picked":["PiercingWail+1","Bane"],"picked":"Escape Plan","floor":28}],"player_experience":663934,"relics_obtained":[{"floor":7,"key":"Orichalcum"},{"floor":9,"key":"Blood Vial"},{"floor":10,"key":"Pen Nib"},{"floor":23,"key":"Bottled Flame"},{"floor":26,"key":"Darkstone Periapt"},{"floor":26,"key":"Omamori"}],"event_choices":[{"damage_healed":0,"gold_gain":75,"player_choice":"Gather Gold","damage_taken":11,"max_hp_gain":0,"max_hp_loss":0,"event_name":"World of Goop","floor":2,"gold_loss":0},{"damage_healed":0,"gold_gain":0,"player_choice":"Got Potions","damage_taken":0,"max_hp_gain":0,"max_hp_loss":0,"event_name":"Lab","floor":13,"gold_loss":0},{"damage_healed":0,"gold_gain":0,"player_choice":"Gave Potion","damage_taken":0,"relics_obtained":["Singing Bowl"],"max_hp_gain":0,"max_hp_loss":0,"event_name":"WeMeetAgain","floor":19,"gold_loss":0},{"damage_healed":0,"gold_gain":0,"player_choice":"Ignored","damage_taken":0,"max_hp_gain":0,"max_hp_loss":0,"event_name":"Vampires","floor":25,"gold_loss":0},{"damage_healed":0,"gold_gain":0,"player_choice":"Opened","damage_taken":0,"relics_obtained":["Blue Candle"],"max_hp_gain":0,"max_hp_loss":0,"event_name":"The Mausoleum","floor":29,"gold_loss":0,"cards_obtained":["Writhe"]}],"is_beta":false,"boss_relics":[{"not_picked":["White Beast Statue","Fusion Hammer"],"picked":"Pandora\u0027s Box"}],"items_purged_floors":[],"is_endless":false,"potions_floor_spawned":[1,3,10,16,18,21],"killed_by":"Gremlin Leader","ascension_level":20}