{"gold_per_floor":[114,134,144,161,236,236,236,249,249,249,85,85,85,45,45,45],"floor_reached":16,"playtime":737,"items_purged":["Strike_G"],"score":180,"play_id":"2d302cf4-d89f-4d7f-abfa-61d1b5e1ce92","local_time":"20181013185615","is_ascension_mode":true,"campfire_choices":[{"data":"Wraith Form v2","floor":6.0,"key":"SMITH"},{"data":"Neutralize","floor":10,"key":"SMITH"},{"data":"Well Laid Plans","floor":13,"key":"SMITH"},{"floor":15,"key":"REST"}],"neow_cost":"NONE","seed_source_timestamp":35713770486159,"circlet_count":0,"master_deck":["Defend_G","Defend_G","Defend_G","Defend_G","Defend_G","Strike_G","Strike_G","Strike_G","Strike_G","Survivor","Neutralize+1","AscendersBane","Backflip","Wraith Form v2+1","Well Laid Plans+1"],"special_seed":0,"relics":["Cursed Key"],"potions_floor_usage":[],"damage_taken":[{"damage":0.0,"enemies":"Jaw Worm","floor":1.0,"turns":4.0},{"damage":0.0,"enemies":"2 Louse","floor":2.0,"turns":4.0},{"damage":1.0,"enemies":"Cultist","floor":3.0,"turns":5.0},{"damage":8.0,"enemies":"Exordium Wildlife","floor":4.0,"turns":6.0},{"damage":11.0,"enemies":"Large Slime","floor":8.0,"turns":9.0},{"damage":1,"enemies":"Looter","floor":14,"turns":4},{"damage":0,"enemies":"Slime Boss","floor":16,"turns":1}],"seed_played":"8784144999568329570","potions_obtained":[{"floor":1.0,"key":"Block Potion"},{"floor":8.0,"key":"FairyPotion"}],"is_trial":false,"path_per_floor":["M","M","M","M","?","R","T","M","T","R","$","?","R","M","R"],"character_chosen":"THE_SILENT","items_purchased":["Well Laid Plans"],"campfire_rested":1,"item_purchase_floors":[11],"current_hp_per_floor":[59,59,58,50,39,39,39,28,28,28,28,50,50,49,66,66],"gold":45,"neow_bonus":"BOSS_RELIC","is_prod":false,"is_daily":false,"chose_seed":false,"campfire_upgraded":3,"win_rate":0,"timestamp":1539428175,"path_taken":["M","M","M","M","?","R","?","M","T","R","$","?","R","M","R","BOSS"],"build_version":"2018-10-11","purchased_purges":1,"victory":false,"max_hp_per_floor":[66,66,66,66,66,66,66,66,66,66,66,66,66,66,66,66],"card_choices":[{"not_picked":["Riddle With Holes","Underhanded Strike"],"picked":"Backflip","floor":1.0},{"not_picked":["Blade Dance","Flying Knee","Terror"],"picked":"SKIP","floor":2.0},{"not_picked":["Outmaneuver","Poisoned Stab"],"picked":"Wraith Form v2","floor":3.0},{"not_picked":["Cloak And Dagger","Deflect","Underhanded Strike"],"picked":"SKIP","floor":4.0},{"not_picked":["Setup","Choke","Terror"],"picked":"SKIP","floor":8.0},{"not_picked":["Deflect","Outmaneuver","Riddle With Holes"],"picked":"SKIP","floor":14}],"player_experience":170339,"relics_obtained":[],"event_choices":[{"event_name":"World of Goop","player_choice":"Gather Gold","floor":5.0,"damage_taken":0.0},{"event_name":"Big Fish","player_choice":"Banana","floor":12,"damage_taken":0}],"is_beta":false,"boss_relics":[],"items_purged_floors":[11],"is_endless":false,"potions_floor_spawned":[1,8],"killed_by":"Slime Boss","ascension_level":20}