{"gold_per_floor":[112,125,145,160,140,140,151,426,426,441,28,38,99,115,115,115],"floor_reached":16,"playtime":353,"items_purged":["Regret"],"score":192,"play_id":"0cace783-7165-439b-85fe-1ba0bc2002d5","local_time":"20181122205359","is_ascension_mode":true,"campfire_choices":[{"data":"All Out Attack","floor":6.0,"key":"SMITH"},{"data":"Neutralize","floor":15,"key":"SMITH"}],"neow_cost":"NONE","seed_source_timestamp":0,"circlet_count":0,"master_deck":["AscendersBane","Defend_G","Defend_G","Defend_G","Defend_G","Defend_G","Strike_G","Strike_G","Strike_G","Strike_G","Strike_G","Survivor","Neutralize+1","All Out Attack+1","Acrobatics","Masterful Stab","Acrobatics"],"special_seed":0,"relics":["Ring of the Snake","NeowsBlessing","Tough Bandages","Boot"],"potions_floor_usage":[13,13,16,16],"damage_taken":[{"damage":0.0,"enemies":"Cultist","floor":1.0,"turns":1.0},{"damage":0.0,"enemies":"2 Louse","floor":2.0,"turns":1.0},{"damage":0.0,"enemies":"Jaw Worm","floor":3.0,"turns":1.0},{"damage":4.0,"enemies":"Blue Slaver","floor":4.0,"turns":5.0},{"damage":0.0,"enemies":"3 Louse","floor":7.0,"turns":2.0},{"damage":13.0,"enemies":"Looter","floor":10.0,"turns":4.0},{"damage":8,"enemies":"Exordium Wildlife","floor":12,"turns":7},{"damage":0,"enemies":"Gremlin Nob","floor":13,"turns":3},{"damage":0,"enemies":"Lots of Slimes","floor":14,"turns":1},{"damage":1,"enemies":"The Guardian","floor":16,"turns":9}],"seed_played":"4051765069482919919","potions_obtained":[{"floor":1.0,"key":"Swift Potion"},{"floor":4.0,"key":"SteroidPotion"},{"floor":5.0,"key":"SteroidPotion"},{"floor":13,"key":"SkillPotion"},{"floor":14,"key":"SpeedPotion"}],"is_trial":false,"path_per_floor":["M","M","M","M","?","R","M","?","T","M","$","M","?","M","R","B"],"character_chosen":"THE_SILENT","items_purchased":["Tough Bandages"],"campfire_rested":0,"item_purchase_floors":[11],"current_hp_per_floor":[59,59,59,55,55,55,55,55,55,42,42,34,34,34,34,33],"gold":115,"neow_bonus":"THREE_ENEMY_KILL","is_prod":false,"is_daily":false,"chose_seed":false,"campfire_upgraded":2,"win_rate":0,"timestamp":1542891239,"path_taken":["M","M","M","M","?","R","?","?","T","?","$","M","?","M","R","BOSS"],"build_version":"2018-11-15","purchased_purges":1,"victory":false,"max_hp_per_floor":[66,66,66,66,66,66,66,66,66,66,66,66,66,66,66,66],"card_choices":[{"not_picked":["Concentrate","Deflect","Dagger Spray"],"picked":"SKIP","floor":1.0},{"not_picked":["Cloak And Dagger","Slice","Dagger Throw"],"picked":"SKIP","floor":2.0},{"not_picked":["Envenom","Expertise"],"picked":"All Out Attack","floor":3.0},{"not_picked":["Caltrops","Blur"],"picked":"Acrobatics","floor":4.0},{"not_picked":["Accuracy","Slice","Dagger Spray"],"picked":"SKIP","floor":7.0},{"not_picked":["Poisoned Stab","PiercingWail","Setup"],"picked":"SKIP","floor":10.0},{"not_picked":["PiercingWail","Predator"],"picked":"Masterful Stab","floor":12},{"not_picked":["Quick Slash","Blade Dance"],"picked":"Acrobatics","floor":13},{"not_picked":["Infinite Blades","Dodge and Roll","Flying Knee"],"picked":"SKIP","floor":14}],"player_experience":1137646,"relics_obtained":[],"event_choices":[{"damage_healed":0.0,"max_hp_gain":0.0,"max_hp_loss":0.0,"gold_gain":0.0,"event_name":"The Woman in Blue","player_choice":"Bought 1 Potion","floor":5.0,"gold_loss":0.0,"damage_taken":0.0},{"damage_healed":0.0,"max_hp_gain":0.0,"max_hp_loss":0.0,"gold_gain":275.0,"event_name":"Golden Shrine","player_choice":"Desecrate","floor":8.0,"gold_loss":0.0,"damage_taken":0.0,"cards_obtained":["Regret"]},{"damage_healed":0,"gold_gain":30,"player_choice":"Searched \u00273\u0027 times","damage_taken":0,"relics_obtained":["Boot"],"max_hp_gain":0,"max_hp_loss":0,"event_name":"Dead Adventurer","floor":13,"gold_loss":0}],"is_beta":true,"boss_relics":[],"items_purged_floors":[11],"is_endless":false,"potions_floor_spawned":[1,4,13,14],"killed_by":"The Guardian","ascension_level":20}