{"gold_per_floor":[116,127,145,163,179,179,179,179,205,220,247,247,247,172,172,262,262,286,186,186,201,126,126,149,149,149,187,187,62,96,121,121,217,217,238,238,88,101,434,434,453,484,484,495,542,568,568,585,585,585,585,585,585,17,46,46],"floor_reached":57,"playtime":3584,"items_purged":["Strike_G","Strike_G","Strike_G","Defend_G","Defend_G"],"score":3071,"play_id":"5dea3086-6653-4ff0-b293-e24bf6d17290","local_time":"20190204153152","is_ascension_mode":true,"campfire_choices":[{"data":"Neutralize","floor":6.0,"key":"SMITH"},{"data":"Caltrops","floor":8.0,"key":"SMITH"},{"data":"Corpse Explosion","floor":12.0,"key":"SMITH"},{"data":"Predator","floor":15.0,"key":"SMITH"},{"data":"Ghostly","floor":23.0,"key":"SMITH"},{"data":"Tactician","floor":25.0,"key":"SMITH"},{"data":"Ghostly","floor":32.0,"key":"SMITH"},{"data":"Wraith Form v2","floor":40.0,"key":"SMITH"},{"floor":49.0,"key":"RECALL"},{"data":"Acrobatics","floor":53,"key":"SMITH"}],"neow_cost":"NONE","seed_source_timestamp":18775939489817,"circlet_count":0,"master_deck":["AscendersBane","Defend_G","Defend_G","Survivor","Neutralize+1","Backstab","Predator+1","Caltrops+1","Corpse Explosion+1","Malaise+1","Leg Sweep","Ghostly+1","Ghostly","Ghostly+1","Tactician+1","Tools of the Trade","Wraith Form v2+1","Malaise","Acrobatics+1","Malaise","Catalyst+1","Malaise+1"],"special_seed":0,"relics":["Ring of the Snake","Bag of Marbles","Omamori","Runic Pyramid","Blood Vial","Oddly Smooth Stone","Mummified Hand","Bronze Scales","Philosopher\u0027s Stone","The Courier","Singing Bowl","Nunchaku","Frozen Egg 2","War Paint","DollysMirror","Blue Candle"],"potions_floor_usage":[51,56,56],"damage_taken":[{"damage":9.0,"enemies":"Cultist","floor":1.0,"turns":6.0},{"damage":0.0,"enemies":"Small Slimes","floor":2.0,"turns":4.0},{"damage":0.0,"enemies":"2 Louse","floor":3.0,"turns":2.0},{"damage":0.0,"enemies":"2 Fungi Beasts","floor":4.0,"turns":4.0},{"damage":3.0,"enemies":"Exordium Wildlife","floor":5.0,"turns":5.0},{"damage":4.0,"enemies":"Blue Slaver","floor":10.0,"turns":3.0},{"damage":14.0,"enemies":"3 Sentries","floor":11.0,"turns":9.0},{"damage":19.0,"enemies":"The Guardian","floor":16.0,"turns":8.0},{"damage":5.0,"enemies":"Shell Parasite","floor":18.0,"turns":8.0},{"damage":2.0,"enemies":"2 Thieves","floor":21.0,"turns":4.0},{"damage":0.0,"enemies":"Book of Stabbing","floor":27.0,"turns":7.0},{"damage":0.0,"enemies":"Gremlin Leader","floor":30.0,"turns":7.0},{"damage":5.0,"enemies":"Cultist and Chosen","floor":31.0,"turns":6.0},{"damage":0.0,"enemies":"Automaton","floor":33.0,"turns":8.0},{"damage":0.0,"enemies":"3 Shapes","floor":35.0,"turns":5.0},{"damage":0.0,"enemies":"3 Darklings","floor":38.0,"turns":3.0},{"damage":0.0,"enemies":"Writhing Mass","floor":41.0,"turns":6.0},{"damage":0.0,"enemies":"Nemesis","floor":42.0,"turns":13.0},{"damage":0.0,"enemies":"Jaw Worm Horde","floor":44.0,"turns":4.0},{"damage":2.0,"enemies":"2 Orb Walkers","floor":45.0,"turns":4.0},{"damage":9.0,"enemies":"Giant Head","floor":46.0,"turns":12.0},{"damage":0.0,"enemies":"Sphere and 2 Shapes","floor":48.0,"turns":4.0},{"damage":1.0,"enemies":"Awakened One","floor":50.0,"turns":25.0},{"damage":0,"enemies":"Donu and Deca","floor":51,"turns":7},{"damage":6,"enemies":"Shield and Spear","floor":55,"turns":5},{"damage":13,"enemies":"The Heart","floor":56,"turns":9}],"seed_played":"1694432414005632622","potions_obtained":[{"floor":1.0,"key":"Dexterity Potion"},{"floor":4.0,"key":"Weak Potion"},{"floor":16.0,"key":"GhostInAJar"},{"floor":18.0,"key":"Ancient Potion"},{"floor":42.0,"key":"Energy Potion"},{"floor":45.0,"key":"GamblersBrew"},{"floor":46.0,"key":"FearPotion"}],"is_trial":false,"path_per_floor":["M","M","M","M","M","R","?","R","T","M","E","R","?","$","R","B",null,"M","$","?","M","?","R","T","R","T","E","?","$","E","M","R","B",null,"M","?","$","M","?","R","M","E","T","M","?","E","?","M","R","B","B",null,"R","$","E","B",null],"character_chosen":"THE_SILENT","items_purchased":["Catalyst","War Paint","DollysMirror","Poison Potion"],"campfire_rested":0,"item_purchase_floors":[54,54,54,54],"current_hp_per_floor":[50,50,50,50,47,47,47,47,47,43,29,29,29,29,29,10,48,43,43,30,28,28,28,28,28,28,30,30,30,30,25,25,27,29,30,30,30,30,30,30,30,30,30,32,32,27,27,31,31,32,34,37,37,37,34,23],"gold":46,"neow_bonus":"REMOVE_CARD","is_prod":false,"is_daily":false,"chose_seed":false,"campfire_upgraded":9,"win_rate":0,"timestamp":1549265512,"path_taken":["M","?","M","M","?","R","?","R","T","M","E","R","?","$","R","BOSS","M","$","?","M","?","R","?","R","T","E","?","$","E","?","R","BOSS","M","?","$","?","?","R","M","E","T","M","?","E","?","M","R","BOSS","BOSS","R","$","E","BOSS"],"build_version":"2019-01-23","purchased_purges":5,"victory":true,"max_hp_per_floor":[66,66,66,66,66,66,66,66,66,66,66,66,60,60,60,60,60,60,60,30,30,30,30,30,30,30,30,30,30,30,30,30,30,30,30,30,30,30,30,30,30,30,30,32,34,36,36,38,38,38,38,38,38,38,40,40],"card_choices":[{"not_picked":["Dodge and Roll","Sucker Punch"],"picked":"Backstab","floor":1.0},{"not_picked":["Dodge and Roll","Quick Slash","Setup"],"picked":"SKIP","floor":2.0},{"not_picked":["Crippling Poison","PiercingWail"],"picked":"Predator","floor":3.0},{"not_picked":["Acrobatics","Deflect"],"picked":"Dash","floor":4.0},{"not_picked":["Masterful Stab","Deflect"],"picked":"Caltrops","floor":5.0},{"not_picked":["Poisoned Stab","Dagger Spray","Underhanded Strike"],"picked":"SKIP","floor":10.0},{"not_picked":["Sucker Punch","Flechettes"],"picked":"Corpse Explosion","floor":11.0},{"not_picked":["A Thousand Cuts","Corpse Explosion"],"picked":"Malaise","floor":16.0},{"not_picked":["Eviscerate+1","Dagger Spray"],"picked":"Leg Sweep","floor":18.0},{"not_picked":["Dodge and Roll","Outmaneuver"],"picked":"Tactician","floor":21.0},{"not_picked":["PiercingWail","Distraction"],"picked":"Tools of the Trade","floor":27.0},{"not_picked":["Corpse Explosion","Quick Slash+1","Dodge and Roll"],"picked":"SKIP","floor":30.0},{"not_picked":["Poisoned Stab","Dagger Throw","Deadly Poison"],"picked":"SKIP","floor":31.0},{"not_picked":["Grand Finale","A Thousand Cuts"],"picked":"Wraith Form v2","floor":33.0},{"not_picked":["Leg Sweep","Poisoned Stab","Slice"],"picked":"SKIP","floor":35.0},{"not_picked":["Poisoned Stab","Dagger Throw","Dash"],"picked":"SKIP","floor":38.0},{"not_picked":["Dagger Spray+1","Deadly Poison","Doppelganger"],"picked":"SKIP","floor":41.0},{"not_picked":["Heel Hook","Distraction+1","Slice"],"picked":"SKIP","floor":42.0},{"not_picked":["Choke","Leg Sweep","Underhanded Strike+1"],"picked":"Singing Bowl","floor":44.0},{"not_picked":["Blade Dance","Predator","Dagger Spray"],"picked":"Singing Bowl","floor":45.0},{"not_picked":["Leg Sweep","Dagger Spray+1","Endless Agony+1"],"picked":"Singing Bowl","floor":46.0},{"not_picked":["Predator","Cloak And Dagger","Prepared"],"picked":"Singing Bowl","floor":48.0},{"not_picked":["Heel Hook","Deflect","Predator"],"picked":"Singing Bowl","floor":55}],"player_experience":2505197,"relics_obtained":[{"floor":9.0,"key":"Bag of Marbles"},{"floor":11.0,"key":"Omamori"},{"floor":24.0,"key":"Blood Vial"},{"floor":27.0,"key":"Oddly Smooth Stone"},{"floor":30.0,"key":"Bronze Scales"},{"floor":42.0,"key":"The Courier"},{"floor":43.0,"key":"Singing Bowl"},{"floor":45.0,"key":"Nunchaku"},{"floor":46.0,"key":"Frozen Egg 2"},{"floor":55,"key":"Blue Candle"}],"event_choices":[{"damage_healed":0.0,"max_hp_gain":0.0,"max_hp_loss":0.0,"gold_gain":0.0,"event_name":"Liars Game","player_choice":"Ignored","floor":7.0,"gold_loss":0.0,"damage_taken":0.0},{"damage_healed":0.0,"max_hp_gain":0.0,"max_hp_loss":6.0,"gold_gain":0.0,"event_name":"Golden Idol","player_choice":"Lose Max HP","floor":13.0,"gold_loss":0.0,"damage_taken":0.0,"relics_obtained":["Golden Idol"]},{"damage_healed":0.0,"max_hp_gain":0.0,"max_hp_loss":30.0,"gold_gain":0.0,"event_name":"Ghosts","player_choice":"Became a Ghost","floor":20.0,"gold_loss":0.0,"damage_taken":0.0,"cards_obtained":["Ghostly","Ghostly","Ghostly"]},{"cards_removed":["Strike_G"],"damage_healed":0.0,"max_hp_gain":0.0,"max_hp_loss":0.0,"gold_gain":0.0,"event_name":"Beggar","player_choice":"Gave Gold","floor":22.0,"gold_loss":75.0,"damage_taken":0.0},{"cards_removed":["Dash"],"damage_healed":0.0,"max_hp_gain":0.0,"max_hp_loss":0.0,"gold_gain":0.0,"event_name":"WeMeetAgain","player_choice":"Gave Card","floor":28.0,"gold_loss":0.0,"damage_taken":0.0,"relics_obtained":["Mummified Hand"]},{"damage_healed":0.0,"max_hp_gain":0.0,"max_hp_loss":0.0,"gold_gain":0.0,"cards_transformed":["Defend_G"],"event_name":"Transmorgrifier","player_choice":"Transformed","floor":36.0,"gold_loss":0.0,"damage_taken":0.0,"cards_obtained":["Malaise"]},{"damage_healed":0.0,"max_hp_gain":0.0,"max_hp_loss":0.0,"gold_gain":333.0,"event_name":"The Moai Head","player_choice":"Gave Idol","floor":39.0,"relics_lost":["Golden Idol"],"gold_loss":0.0,"damage_taken":0.0},{"damage_healed":0.0,"max_hp_gain":0.0,"max_hp_loss":0.0,"gold_gain":0.0,"event_name":"Mysterious Sphere","player_choice":"Fight","floor":45.0,"gold_loss":0.0,"damage_taken":0.0},{"damage_healed":0.0,"max_hp_gain":0.0,"max_hp_loss":0.0,"gold_gain":0.0,"event_name":"Match and Keep!","player_choice":"2 cards matched","floor":47.0,"gold_loss":0.0,"damage_taken":0.0,"cards_obtained":["Acrobatics","Malaise"]}],"is_beta":false,"boss_relics":[{"not_picked":["Orrery","Sozu"],"picked":"Runic Pyramid"},{"not_picked":["Empty Cage","Tiny House"],"picked":"Philosopher\u0027s Stone"}],"items_purged_floors":[14,19,29,37,54],"is_endless":false,"potions_floor_spawned":[1,4,16,18,21,33,41,42,45,46],"ascension_level":20}