{"gold_per_floor":[219,14,31,31,181,181,106,116,116,116,134,134,152,172,172,246,246,256,256,267,167,167],"floor_reached":22,"playtime":610,"items_purged":["Strike_R","Strike_R"],"score":352,"play_id":"9ec56279-9fd6-4e4a-9d75-7e237037818e","local_time":"20190312124140","is_ascension_mode":true,"campfire_choices":[{"data":"Inflame","floor":6,"key":"SMITH"},{"data":"Limit Break","floor":12,"key":"SMITH"},{"data":"Body Slam","floor":15,"key":"SMITH"}],"neow_cost":"NONE","seed_source_timestamp":167234564326,"circlet_count":0,"master_deck":["AscendersBane","Strike_R","Defend_R","Defend_R","Defend_R+1","Defend_R","Bash","Body Slam+1","Limit Break+1","Inflame+1","True Grit+1","Doubt","Double Tap","Limit Break","Sword Boomerang"],"relics":["Burning Blood","Ginger","Fusion Hammer"],"potions_floor_usage":[8,13,14],"damage_taken":[{"damage":1,"enemies":"Cultist","floor":1,"turns":3},{"damage":4,"enemies":"Jaw Worm","floor":3,"turns":5},{"damage":5,"enemies":"2 Louse","floor":8,"turns":4},{"damage":15,"enemies":"Blue Slaver","floor":11,"turns":4},{"damage":11,"enemies":"2 Fungi Beasts","floor":13,"turns":5},{"damage":6,"enemies":"Exordium Thugs","floor":14,"turns":4},{"damage":53,"enemies":"Slime Boss","floor":16,"turns":9},{"damage":21,"enemies":"Chosen","floor":18,"turns":5},{"damage":37,"enemies":"Spheric Guardian","floor":20,"turns":7},{"damage":0,"enemies":"Snake Plant","floor":22,"turns":1}],"seed_played":"1318538512545807594","potions_obtained":[{"floor":3,"key":"Block Potion"},{"floor":8,"key":"Fruit Juice"},{"floor":11,"key":"Regen Potion"},{"floor":14,"key":"Ancient Potion"},{"floor":16,"key":"EssenceOfSteel"},{"floor":20,"key":"FearPotion"}],"is_trial":false,"path_per_floor":["M","$","M","?","?","R","$","M","T","?","M","R","M","M","R","B",null,"M","?","M","$","M"],"character_chosen":"IRONCLAD","items_purchased":["Limit Break","Inflame"],"campfire_rested":0,"item_purchase_floors":[2,2],"current_hp_per_floor":[73,73,75,52,52,52,52,58,58,58,49,49,58,58,58,11,63,48,48,17,17,17],"gold":167,"neow_bonus":"HUNDRED_GOLD","is_prod":false,"is_daily":false,"chose_seed":false,"campfire_upgraded":3,"win_rate":0,"timestamp":1552365700,"path_taken":["M","$","?","?","?","R","$","M","T","?","M","R","M","M","R","BOSS","M","?","M","$","M"],"build_version":"2019-01-23","purchased_purges":2,"victory":false,"max_hp_per_floor":[75,75,75,75,75,75,75,80,80,80,80,80,80,80,80,80,80,80,80,80,80,80],"card_choices":[{"not_picked":["Sword Boomerang","Wild Strike"],"picked":"Body Slam","floor":1},{"not_picked":["Rupture","Sword Boomerang"],"picked":"True Grit","floor":3},{"not_picked":["Body Slam","Cleave","Anger"],"picked":"SKIP","floor":8},{"not_picked":["Hemokinesis","Bludgeon","Pommel Strike"],"picked":"SKIP","floor":11},{"not_picked":["Entrench","Havoc","Bloodletting"],"picked":"SKIP","floor":13},{"not_picked":["Perfected Strike","Dropkick","Anger"],"picked":"SKIP","floor":14},{"not_picked":["Dark Embrace","Brutality"],"picked":"Limit Break","floor":16},{"not_picked":["Searing Blow","Thunderclap","Spot Weakness"],"picked":"SKIP","floor":18},{"not_picked":["Cleave","Blood for Blood"],"picked":"Sword Boomerang","floor":20}],"player_experience":3508562,"relics_obtained":[{"floor":9,"key":"Ginger"}],"event_choices":[{"damage_healed":0,"gold_gain":0,"player_choice":"Entered Light","damage_taken":23,"max_hp_gain":0,"max_hp_loss":0,"event_name":"Shining Light","floor":4,"gold_loss":0,"cards_upgraded":["Defend_R","True Grit"]},{"damage_healed":0,"gold_gain":150,"player_choice":"AGREE","damage_taken":0,"max_hp_gain":0,"max_hp_loss":0,"event_name":"Liars Game","floor":5,"gold_loss":0,"cards_obtained":["Doubt"]},{"damage_healed":0,"gold_gain":0,"cards_transformed":["Strike_R"],"player_choice":"Change","damage_taken":0,"max_hp_gain":0,"max_hp_loss":0,"event_name":"Living Wall","floor":10,"gold_loss":0,"cards_obtained":["Double Tap"]},{"cards_removed":["Strike_R"],"damage_healed":0,"gold_gain":0,"player_choice":"Elegance","damage_taken":0,"max_hp_gain":0,"max_hp_loss":0,"event_name":"Back to Basics","floor":19,"gold_loss":0}],"is_beta":false,"boss_relics":[{"not_picked":["White Beast Statue","Runic Cube"],"picked":"Fusion Hammer"}],"items_purged_floors":[7,21],"is_endless":false,"potions_floor_spawned":[3,8,11,14,16,20],"killed_by":"Snake Plant","ascension_level":20}