{"gold_per_floor":[12,12,12,12,22,22,22,22,46,46,64,81,81,29,29,101,101,114,114,128,53,73,93,93,18,98,109,28,28,63,63,63,142,142,162,162,1161,1171,690,690,720,720,789,789,799,831,846,876,876,876,876,876,876,163,197,197],"floor_reached":57,"playtime":2736,"items_purged":["Strike_R","Normality","Normality"],"score":3342,"play_id":"16f17ce3-bae3-4125-8b19-c991802869d6","local_time":"20190603210740","is_ascension_mode":true,"campfire_choices":[{"data":"Carnage","floor":6.0,"key":"SMITH"},{"data":"True Grit","floor":8.0,"key":"SMITH"},{"data":"Barricade","floor":10.0,"key":"SMITH"},{"data":"Body Slam","floor":15.0,"key":"SMITH"},{"data":"Battle Trance","floor":24.0,"key":"SMITH"},{"data":"Power Through","floor":29.0,"key":"SMITH"},{"data":"Impervious","floor":32.0,"key":"SMITH"},{"data":"Havoc","floor":40.0,"key":"SMITH"},{"floor":42.0,"key":"RECALL"},{"data":"Shrug It Off","floor":49.0,"key":"SMITH"},{"data":"Power Through","floor":53.0,"key":"SMITH"}],"neow_cost":"NO_GOLD","seed_source_timestamp":184868300483663,"circlet_count":0,"master_deck":["AscendersBane","Defend_R","Defend_R+1","Defend_R+1","Defend_R","Carnage+1","Barricade+1","Battle Trance+1","True Grit+1","Shrug It Off+1","Ghostly Armor","Body Slam+1","Impervious+1","Warcry+1","Evolve","Power Through+1","Power Through+1","Havoc+1","Warcry+1","Purity","Fiend Fire"],"special_seed":0,"relics":["Burning Blood","Lantern","Runic Dome","Pantograph","Turnip","Runic Pyramid","Happy Flower","Potion Belt","Darkstone Periapt","Shuriken","Sundial","Dream Catcher","Ice Cream","Bag of Marbles"],"potions_floor_usage":[56,56,56,56,56,56,56,56],"damage_taken":[{"damage":0.0,"enemies":"Cultist","floor":1.0,"turns":2.0},{"damage":0.0,"enemies":"2 Louse","floor":5.0,"turns":3.0},{"damage":0.0,"enemies":"Jaw Worm","floor":11.0,"turns":3.0},{"damage":7.0,"enemies":"Blue Slaver","floor":12.0,"turns":4.0},{"damage":29.0,"enemies":"Slime Boss","floor":16.0,"turns":14.0},{"damage":4.0,"enemies":"3 Byrds","floor":18.0,"turns":6.0},{"damage":0.0,"enemies":"Colosseum Slavers","floor":19.0,"turns":4.0},{"damage":0.0,"enemies":"2 Thieves","floor":20.0,"turns":4.0},{"damage":0.0,"enemies":"Snake Plant","floor":22.0,"turns":3.0},{"damage":0.0,"enemies":"Snecko","floor":23.0,"turns":3.0},{"damage":5.0,"enemies":"Shelled Parasite and Fungi","floor":27.0,"turns":5.0},{"damage":0.0,"enemies":"Gremlin Leader","floor":30.0,"turns":4.0},{"damage":0.0,"enemies":"Champ","floor":33.0,"turns":8.0},{"damage":0.0,"enemies":"3 Shapes","floor":35.0,"turns":4.0},{"damage":11.0,"enemies":"3 Darklings","floor":38.0,"turns":10.0},{"damage":0.0,"enemies":"Nemesis","floor":41.0,"turns":7.0},{"damage":0.0,"enemies":"Sphere and 2 Shapes","floor":45.0,"turns":5.0},{"damage":36.0,"enemies":"Reptomancer","floor":46.0,"turns":7.0},{"damage":22.0,"enemies":"Writhing Mass","floor":47.0,"turns":5.0},{"damage":0.0,"enemies":"Nemesis","floor":48.0,"turns":9.0},{"damage":0.0,"enemies":"Awakened One","floor":50.0,"turns":9.0},{"damage":14.0,"enemies":"Time Eater","floor":51.0,"turns":14.0},{"damage":0.0,"enemies":"Shield and Spear","floor":55.0,"turns":8.0},{"damage":0,"enemies":"The Heart","floor":56,"turns":7}],"seed_played":"-5345712102008763657","potions_obtained":[{"floor":1.0,"key":"SteroidPotion"},{"floor":23.0,"key":"PowerPotion"},{"floor":30.0,"key":"Fire Potion"},{"floor":47.0,"key":"PowerPotion"},{"floor":48.0,"key":"Fire Potion"}],"is_trial":false,"path_per_floor":["M","?","?","?","M","R","?","R","T","R","M","M","T","$","R","B",null,"M","?","M","$","M","M","R","?","T","M","$","R","E","?","R","B",null,"M","?","?","M","$","R","E","R","T","?","M","E","M","E","R","B","B",null,"R","$","E","B",null],"character_chosen":"IRONCLAD","items_purchased":["Body Slam","Power Through","Happy Flower","Potion Belt","Havoc","EntropicBrew","Purity","Ice Cream","Dexterity Potion"],"campfire_rested":0,"item_purchase_floors":[14,28,39,39,39,54,54,54,54],"current_hp_per_floor":[74,51,51,44,50,50,50,50,50,50,56,55,55,55,55,32,64,66,72,75,75,75,75,75,75,75,75,75,75,75,54,54,80,80,80,80,80,75,75,75,80,80,80,80,80,50,34,40,40,71,72,78,78,78,80,80],"gold":197,"neow_bonus":"TRANSFORM_TWO_CARDS","is_prod":false,"is_daily":false,"chose_seed":false,"campfire_upgraded":10,"win_rate":0,"timestamp":1559567260,"path_taken":["M","?","?","?","M","R","?","R","T","R","?","M","?","$","R","BOSS","M","?","M","$","M","M","R","?","T","M","$","R","E","?","R","BOSS","M","?","?","M","$","R","E","R","T","?","M","E","M","E","R","BOSS","BOSS","R","$","E","BOSS"],"build_version":"2019-01-23","purchased_purges":3,"victory":true,"max_hp_per_floor":[75,75,75,75,75,75,75,75,75,75,75,75,75,75,75,75,75,75,75,75,75,75,75,75,75,75,75,75,75,75,80,80,80,80,80,80,80,80,80,80,80,80,80,80,80,80,80,80,80,80,80,80,80,80,80,80],"card_choices":[{"not_picked":["Ghostly Armor","Warcry"],"picked":"Battle Trance","floor":1.0},{"not_picked":["Cleave","Flex"],"picked":"True Grit","floor":5.0},{"not_picked":["Clash","Reckless Charge"],"picked":"Shrug It Off","floor":11.0},{"not_picked":["Pommel Strike","Anger"],"picked":"Ghostly Armor","floor":12.0},{"not_picked":["Berserk","Brutality"],"picked":"Impervious","floor":16.0},{"not_picked":["True Grit+1","Havoc","Pommel Strike"],"picked":"SKIP","floor":18.0},{"not_picked":["Perfected Strike","Heavy Blade","Body Slam"],"picked":"SKIP","floor":20.0},{"not_picked":["Dual Wield","Metallicize","Perfected Strike"],"picked":"SKIP","floor":22.0},{"not_picked":["Rupture","Searing Blow"],"picked":"Warcry+1","floor":23.0},{"not_picked":["Havoc","Brutality"],"picked":"Evolve","floor":27.0},{"not_picked":["Hemokinesis+1","Sever Soul","Perfected Strike"],"picked":"SKIP","floor":30.0},{"not_picked":["Anger","Clash+1"],"picked":"Power Through","floor":35.0},{"not_picked":["Whirlwind","Sword Boomerang","Inflame"],"picked":"SKIP","floor":38.0},{"not_picked":["Pummel","Armaments+1","Blood for Blood"],"picked":"SKIP","floor":41.0},{"not_picked":["Heavy Blade","Dual Wield"],"picked":"Warcry+1","floor":45.0},{"not_picked":["Clothesline+1","Infernal Blade","Sentinel"],"picked":"SKIP","floor":46.0},{"not_picked":["Inflame","Searing Blow","Intimidate"],"picked":"SKIP","floor":47.0},{"not_picked":["Iron Wave","Clothesline","Thunderclap"],"picked":"SKIP","floor":48.0},{"not_picked":["Havoc+1","Heavy Blade+1"],"picked":"Fiend Fire","floor":55.0}],"player_experience":5024132,"relics_obtained":[{"floor":9.0,"key":"Lantern"},{"floor":26.0,"key":"Pantograph"},{"floor":30.0,"key":"Turnip"},{"floor":41.0,"key":"Darkstone Periapt"},{"floor":43.0,"key":"Shuriken"},{"floor":46.0,"key":"Sundial"},{"floor":48.0,"key":"Dream Catcher"},{"floor":55.0,"key":"Bag of Marbles"}],"event_choices":[{"damage_healed":0.0,"max_hp_gain":0.0,"max_hp_loss":0.0,"gold_gain":0.0,"event_name":"Shining Light","player_choice":"Entered Light","floor":2.0,"gold_loss":0.0,"damage_taken":23.0,"cards_upgraded":["Defend_R","Defend_R"]},{"cards_removed":["Strike_R"],"damage_healed":0.0,"max_hp_gain":0.0,"max_hp_loss":0.0,"gold_gain":0.0,"event_name":"Living Wall","player_choice":"Forget","floor":3.0,"gold_loss":0.0,"damage_taken":0.0},{"cards_removed":["Strike_R"],"damage_healed":0.0,"max_hp_gain":0.0,"max_hp_loss":0.0,"gold_gain":0.0,"event_name":"Golden Wing","player_choice":"Card Removal","floor":4.0,"gold_loss":0.0,"damage_taken":7.0},{"damage_healed":0.0,"max_hp_gain":0.0,"max_hp_loss":0.0,"gold_gain":0.0,"event_name":"The Cleric","player_choice":"Leave","floor":7.0,"gold_loss":0.0,"damage_taken":0.0},{"damage_healed":0.0,"max_hp_gain":0.0,"max_hp_loss":0.0,"gold_gain":0.0,"event_name":"Colosseum","player_choice":"Fight","floor":19.0,"gold_loss":0.0,"damage_taken":0.0},{"damage_healed":0.0,"max_hp_gain":0.0,"max_hp_loss":0.0,"gold_gain":0.0,"event_name":"Colosseum","player_choice":"Fled From Nobs","floor":19.0,"gold_loss":0.0,"damage_taken":0.0},{"cards_removed":["Bash"],"damage_healed":0.0,"max_hp_gain":0.0,"max_hp_loss":0.0,"gold_gain":0.0,"event_name":"Beggar","player_choice":"Gave Gold","floor":25.0,"gold_loss":75.0,"damage_taken":0.0},{"damage_healed":0.0,"max_hp_gain":5.0,"max_hp_loss":0.0,"gold_gain":0.0,"event_name":"Forgotten Altar","player_choice":"Shed Blood","floor":31.0,"gold_loss":0.0,"damage_taken":26.0},{"damage_healed":0.0,"max_hp_gain":0.0,"max_hp_loss":0.0,"gold_gain":0.0,"event_name":"Mysterious Sphere","player_choice":"Ignored","floor":36.0,"gold_loss":0.0,"damage_taken":0.0},{"damage_healed":0.0,"max_hp_gain":0.0,"max_hp_loss":0.0,"gold_gain":999.0,"event_name":"MindBloom","player_choice":"Gold","floor":37.0,"gold_loss":0.0,"damage_taken":0.0,"cards_obtained":["Normality","Normality"]},{"damage_healed":0.0,"max_hp_gain":0.0,"max_hp_loss":0.0,"gold_gain":0.0,"event_name":"Tomb of Lord Red Mask","player_choice":"Ignored","floor":44.0,"gold_loss":0.0,"damage_taken":0.0}],"is_beta":false,"boss_relics":[{"not_picked":["Cursed Key","Calling Bell"],"picked":"Runic Dome"},{"not_picked":["Pandora\u0027s Box","Black Star"],"picked":"Runic Pyramid"}],"items_purged_floors":[21,39,54],"is_endless":false,"potions_floor_spawned":[1,19,23,30,33,35,38,47,48],"ascension_level":20}