{"gold_per_floor":[113,124,124,55,65,65,78,78,78,103,103,53,53,73,73,146,146,158,158,83,97,97,97,197,215,239,256,256,55,74,87,87,87],"floor_reached":33,"playtime":1708,"items_purged":["Strike_R","Strike_R"],"score":462,"play_id":"1be2e38a-350d-4b51-be83-a7d49d702475","local_time":"20190804060626","is_ascension_mode":true,"campfire_choices":[{"data":"Searing Blow","floor":6,"key":"SMITH"},{"data":"Searing Blow+1","floor":8,"key":"SMITH"},{"data":"Searing Blow+2","floor":11,"key":"SMITH"},{"data":"Searing Blow+4","floor":15,"key":"SMITH"},{"data":"Searing Blow+5","floor":23,"key":"SMITH"},{"data":"Searing Blow+6","floor":28,"key":"SMITH"},{"data":"Searing Blow+7","floor":32,"key":"SMITH"}],"neow_cost":"NONE","seed_source_timestamp":207047973847265,"circlet_count":0,"master_deck":["AscendersBane","Strike_R","Defend_R","Defend_R","Defend_R","Defend_R","Bash","Carnage","Searing Blow+8","True Grit","Double Tap","Flame Barrier"],"relics":["Burning Blood","Pear","Bag of Marbles","Mark of Pain","Ancient Tea Set"],"potions_floor_usage":[16,21,27,29,30,33],"damage_taken":[{"damage":28,"enemies":"Jaw Worm","floor":1,"turns":6},{"damage":11,"enemies":"Cultist","floor":2,"turns":4},{"damage":8,"enemies":"Small Slimes","floor":5,"turns":4},{"damage":6,"enemies":"Looter","floor":7,"turns":3},{"damage":31,"enemies":"3 Sentries","floor":10,"turns":9},{"damage":0,"enemies":"Large Slime","floor":14,"turns":3},{"damage":23,"enemies":"The Guardian","floor":16,"turns":8},{"damage":7,"enemies":"Chosen","floor":18,"turns":3},{"damage":7,"enemies":"3 Byrds","floor":21,"turns":6},{"damage":1,"enemies":"Cultist and Chosen","floor":25,"turns":3},{"damage":14,"enemies":"Snecko","floor":27,"turns":5},{"damage":7,"enemies":"3 Cultists","floor":30,"turns":5},{"damage":1,"enemies":"Shelled Parasite and Fungi","floor":31,"turns":4},{"damage":94,"enemies":"Collector","floor":33,"turns":5}],"seed_played":"8216530421357720852","potions_obtained":[{"floor":10,"key":"Strength Potion"},{"floor":16,"key":"GamblersBrew"},{"floor":18,"key":"Poison Potion"},{"floor":27,"key":"GamblersBrew"},{"floor":31,"key":"Energy Potion"}],"is_trial":false,"path_per_floor":["M","M","?","$","M","R","M","R","T","E","R","?","?","M","R","B",null,"M","?","$","M","?","R","?","M","T","M","R","$","M","M","R","B"],"character_chosen":"IRONCLAD","items_purchased":["Searing Blow","Fruit Juice"],"campfire_rested":0,"item_purchase_floors":[4,29],"current_hp_per_floor":[46,41,75,75,73,73,73,73,83,58,58,58,58,64,64,47,76,75,75,75,74,74,74,74,79,79,71,71,76,75,80,80,0],"gold":87,"neow_bonus":"TRANSFORM_CARD","is_prod":false,"is_daily":false,"chose_seed":false,"campfire_upgraded":7,"win_rate":0,"timestamp":1564916786,"path_taken":["M","M","?","$","M","R","?","R","T","E","R","?","?","M","R","BOSS","M","?","$","M","?","R","?","M","T","M","R","$","M","M","R","BOSS"],"build_version":"2019-07-17","purchased_purges":2,"victory":false,"max_hp_per_floor":[75,75,75,75,75,75,75,75,85,85,85,85,85,85,85,85,85,85,85,85,85,85,85,85,85,85,85,85,90,90,90,90,90],"card_choices":[{"not_picked":["Havoc","Thunderclap","Wild Strike"],"picked":"SKIP","floor":1},{"not_picked":["Warcry","Shrug It Off"],"picked":"Carnage","floor":2},{"not_picked":["Heavy Blade","Entrench"],"picked":"True Grit","floor":5},{"not_picked":["Limit Break","Body Slam","Iron Wave"],"picked":"SKIP","floor":7},{"not_picked":["Heavy Blade","Perfected Strike","Anger"],"picked":"SKIP","floor":10},{"not_picked":["Hemokinesis","Sword Boomerang","Clothesline"],"picked":"SKIP","floor":14},{"not_picked":["Reaper","Exhume"],"picked":"Double Tap","floor":16},{"not_picked":["Fire Breathing","Pommel Strike+1","Twin Strike"],"picked":"SKIP","floor":18},{"not_picked":["Havoc","Spot Weakness","Flex"],"picked":"SKIP","floor":21},{"not_picked":["Disarm","Anger","Dual Wield"],"picked":"SKIP","floor":25},{"not_picked":["Sword Boomerang","Fire Breathing","Iron Wave"],"picked":"SKIP","floor":27},{"not_picked":["Armaments","Pommel Strike","Clash"],"picked":"SKIP","floor":30},{"not_picked":["Power Through","Warcry","Clothesline"],"picked":"SKIP","floor":31}],"player_experience":448336,"relics_obtained":[{"floor":9,"key":"Pear"},{"floor":10,"key":"Bag of Marbles"},{"floor":26,"key":"Ancient Tea Set"}],"event_choices":[{"cards_removed":["Entrench"],"damage_healed":34,"gold_gain":0,"player_choice":"Offered Uncommon","damage_taken":0,"max_hp_gain":0,"max_hp_loss":0,"event_name":"Bonfire Elementals","floor":3,"gold_loss":0},{"cards_removed":["Strike_R"],"damage_healed":0,"gold_gain":0,"player_choice":"Card Removal","damage_taken":0,"max_hp_gain":0,"max_hp_loss":0,"event_name":"The Cleric","floor":12,"gold_loss":50},{"damage_healed":0,"gold_gain":0,"player_choice":"Grow","damage_taken":0,"max_hp_gain":0,"max_hp_loss":0,"event_name":"Living Wall","floor":13,"gold_loss":0,"cards_upgraded":["Searing Blow"]},{"damage_healed":0,"gold_gain":0,"player_choice":"Read","damage_taken":0,"max_hp_gain":0,"max_hp_loss":0,"event_name":"The Library","floor":19,"gold_loss":0,"cards_obtained":["Flame Barrier"]},{"damage_healed":0,"gold_gain":0,"player_choice":"Ignored","damage_taken":0,"max_hp_gain":0,"max_hp_loss":0,"event_name":"Vampires","floor":22,"gold_loss":0},{"damage_healed":0,"gold_gain":100,"player_choice":"Pray","damage_taken":0,"max_hp_gain":0,"max_hp_loss":0,"event_name":"Golden Shrine","floor":24,"gold_loss":0}],"is_beta":false,"boss_relics":[{"not_picked":["White Beast Statue","Coffee Dripper"],"picked":"Mark of Pain"}],"items_purged_floors":[20,29],"is_endless":false,"potions_floor_spawned":[10,16,18,27,31],"killed_by":"Collector","ascension_level":14}