{"gold_per_floor":[118,118,118,118,128,128,156,156,179,179,195,228,238,163,163,242,242,260,310,322,187,201,201,201],"floor_reached":24,"playtime":678,"items_purged":[],"score":478,"play_id":"bbd5768a-5c71-48ac-8e87-bc7a3766dc5e","local_time":"20190228160828","is_ascension_mode":true,"campfire_choices":[{"data":"Streamline","floor":6.0,"key":"SMITH"},{"data":"Coolheaded","floor":8.0,"key":"SMITH"},{"data":"Hologram","floor":15.0,"key":"SMITH"},{"data":"Zap","floor":23,"key":"SMITH"}],"neow_cost":"NONE","seed_source_timestamp":1845499634300,"circlet_count":0,"master_deck":["AscendersBane","Zap+1","Dualcast","Hologram+1","Streamline+1","Coolheaded+1","Chill","Skim","Biased Cognition","Cold Snap","Electrodynamics","Seek","Multi-Cast","Hello World","Auto Shields","Go for the Eyes","Aggregate","Ball Lightning","Turbo","Glacier","Panacea","Loop"],"special_seed":0,"relics":["Cracked Core","NeowsBlessing","Question Card","Omamori","Bag of Marbles","Vajra","Pandora\u0027s Box"],"potions_floor_usage":[],"damage_taken":[{"damage":0.0,"enemies":"Jaw Worm","floor":1.0,"turns":1.0},{"damage":0.0,"enemies":"Small Slimes","floor":5.0,"turns":1.0},{"damage":0.0,"enemies":"3 Sentries","floor":7.0,"turns":1.0},{"damage":0.0,"enemies":"Gremlin Nob","floor":10.0,"turns":1.0},{"damage":1.0,"enemies":"2 Louse","floor":11.0,"turns":2.0},{"damage":19.0,"enemies":"Lagavulin","floor":12.0,"turns":6.0},{"damage":0.0,"enemies":"Large Slime","floor":13.0,"turns":4.0},{"damage":12.0,"enemies":"The Guardian","floor":16.0,"turns":13.0},{"damage":0.0,"enemies":"3 Byrds","floor":18.0,"turns":3.0},{"damage":0.0,"enemies":"Spheric Guardian","floor":20.0,"turns":5.0},{"damage":24,"enemies":"Snake Plant","floor":22,"turns":3},{"damage":29,"enemies":"Gremlin Leader","floor":24,"turns":4}],"seed_played":"9063726006890361931","potions_obtained":[{"floor":5.0,"key":"SmokeBomb"},{"floor":12.0,"key":"Strength Potion"},{"floor":16.0,"key":"Explosive Potion"},{"floor":22,"key":"Ancient Potion"}],"is_trial":false,"path_per_floor":["M","?","?","?","M","R","E","R","T","E","M","E","M","?","R","B",null,"M","?","M","$","M","R","E"],"character_chosen":"DEFECT","items_purchased":["Glacier","Panacea"],"campfire_rested":0,"item_purchase_floors":[21,21],"current_hp_per_floor":[64,69,43,43,43,43,43,43,43,43,42,23,23,23,23,11,60,60,53,53,53,29,29,0],"gold":201,"neow_bonus":"THREE_ENEMY_KILL","is_prod":false,"is_daily":false,"chose_seed":false,"campfire_upgraded":4,"win_rate":0,"timestamp":1551341308,"path_taken":["M","?","?","?","M","R","E","R","T","E","M","E","M","?","R","BOSS","M","?","M","$","?","R","E"],"build_version":"2019-01-23","purchased_purges":0,"victory":false,"max_hp_per_floor":[71,76,76,76,76,76,76,76,76,76,76,76,76,76,76,76,76,76,76,76,76,76,76,76],"card_choices":[{"not_picked":["Go for the Eyes","Self Repair"],"picked":"Hologram","floor":1.0},{"not_picked":["Go for the Eyes","Force Field","Gash"],"picked":"Coolheaded","floor":5.0},{"not_picked":["Steam","Reprogram","Compile Driver"],"picked":"Chill","floor":7.0},{"not_picked":["Leap","Cold Snap","Reinforced Body"],"picked":"Skim","floor":11.0},{"not_picked":["Self Repair","Beam Cell","Skim"],"picked":"Biased Cognition","floor":12.0},{"not_picked":["Lockon","Genetic Algorithm","Stack"],"picked":"Cold Snap","floor":13.0},{"not_picked":["Seek","Creative AI","Buffer"],"picked":"Electrodynamics","floor":16.0},{"not_picked":["Gash","Sweeping Beam","Streamline"],"picked":"Ball Lightning","floor":18.0},{"not_picked":["Coolheaded","Sweeping Beam","Capacitor"],"picked":"Turbo","floor":20.0},{"not_picked":["Hello World","Stack","Cold Snap"],"picked":"Loop","floor":22}],"player_experience":1041086,"relics_obtained":[{"floor":7.0,"key":"Omamori"},{"floor":9.0,"key":"Bag of Marbles"},{"floor":12.0,"key":"Vajra"}],"event_choices":[{"damage_healed":0.0,"max_hp_gain":5.0,"max_hp_loss":0.0,"gold_gain":0.0,"event_name":"Big Fish","player_choice":"Donut","floor":2.0,"gold_loss":0.0,"damage_taken":0.0},{"damage_healed":0.0,"max_hp_gain":0.0,"max_hp_loss":0.0,"gold_gain":0.0,"event_name":"Scrap Ooze","player_choice":"Success","floor":3.0,"gold_loss":0.0,"damage_taken":26.0,"relics_obtained":["Question Card"]},{"damage_healed":0.0,"max_hp_gain":0.0,"max_hp_loss":0.0,"gold_gain":0.0,"cards_transformed":["Strike_B"],"event_name":"Living Wall","player_choice":"Change","floor":4.0,"gold_loss":0.0,"damage_taken":0.0,"cards_obtained":["Streamline"]},{"cards_removed":["Strike_B"],"damage_healed":0.0,"max_hp_gain":0.0,"max_hp_loss":0.0,"gold_gain":0.0,"event_name":"The Cleric","player_choice":"Card Removal","floor":14.0,"gold_loss":75.0,"damage_taken":0.0},{"damage_healed":0.0,"max_hp_gain":0.0,"max_hp_loss":0.0,"gold_gain":50.0,"event_name":"FaceTrader","player_choice":"Touch","floor":19.0,"gold_loss":0.0,"damage_taken":7.0}],"is_beta":false,"boss_relics":[{"not_picked":["Runic Dome","Fusion Hammer"],"picked":"Pandora\u0027s Box"}],"items_purged_floors":[],"is_endless":false,"potions_floor_spawned":[5,12,16,22],"killed_by":"Gremlin Leader","ascension_level":20}