{"gold_per_floor":[114,38,48,48,48,48,59,59,59,59,59],"floor_reached":11,"playtime":92,"items_purged":[],"score":122,"play_id":"996d8d14-f99c-40d9-8bc6-a667d1489147","local_time":"20190102222802","is_ascension_mode":true,"campfire_choices":[{"data":"Catalyst","floor":6,"key":"SMITH"},{"data":"Neutralize","floor":8,"key":"SMITH"}],"neow_cost":"NONE","seed_source_timestamp":37037179815590,"circlet_count":0,"master_deck":["AscendersBane","Defend_G","Defend_G","Defend_G","Defend_G","Defend_G","Strike_G","Strike_G","Strike_G","Strike_G","Survivor","Neutralize+1","Catalyst+1","Adrenaline"],"relics":["Ring of the Snake","NeowsBlessing","Art of War","Blue Candle"],"potions_floor_usage":[],"damage_taken":[{"damage":0,"enemies":"Cultist","floor":1,"turns":1},{"damage":0,"enemies":"Jaw Worm","floor":3,"turns":1},{"damage":0,"enemies":"2 Louse","floor":7,"turns":1},{"damage":0,"enemies":"Lots of Slimes","floor":11,"turns":1}],"seed_played":"-8082575072239979882","potions_obtained":[{"floor":1,"key":"PowerPotion"},{"floor":7,"key":"Poison Potion"}],"is_trial":false,"path_per_floor":["M","$","M","?","?","R","M","R","T","$","M"],"character_chosen":"THE_SILENT","items_purchased":["Catalyst"],"campfire_rested":0,"item_purchase_floors":[2],"current_hp_per_floor":[59,59,59,14,14,14,14,14,14,14,14],"gold":59,"neow_bonus":"THREE_ENEMY_KILL","is_prod":false,"is_daily":false,"chose_seed":false,"campfire_upgraded":2,"win_rate":0,"timestamp":1546439282,"path_taken":["M","$","?","?","?","R","?","R","T","$","M"],"build_version":"2018-12-20","purchased_purges":0,"victory":false,"max_hp_per_floor":[66,66,66,66,66,66,66,66,66,66,66],"card_choices":[{"not_picked":["Dash","Outmaneuver","Poisoned Stab"],"picked":"SKIP","floor":1},{"not_picked":["Dodge and Roll","Prepared","Slice"],"picked":"SKIP","floor":3},{"not_picked":["Dodge and Roll","Flechettes"],"picked":"Adrenaline","floor":7}],"player_experience":1679607,"relics_obtained":[{"floor":9,"key":"Blue Candle"}],"event_choices":[{"damage_healed":0,"gold_gain":0,"player_choice":"Success","damage_taken":45,"relics_obtained":["Art of War"],"max_hp_gain":0,"max_hp_loss":0,"event_name":"Scrap Ooze","floor":4,"gold_loss":0},{"cards_removed":["Strike_G"],"damage_healed":0,"gold_gain":0,"player_choice":"Purged","damage_taken":0,"max_hp_gain":0,"max_hp_loss":0,"event_name":"Purifier","floor":5,"gold_loss":0}],"is_beta":false,"boss_relics":[],"items_purged_floors":[],"is_endless":false,"potions_floor_spawned":[1,7],"killed_by":"Lots of Slimes","ascension_level":20}