{"gold_per_floor":[110,35,310,325,20,20,46,46,46,57,74,74,74,74,74,148,148,165,165,176,186,10,39,39,58,58,58,58,68,145,155,155,228,228,242,242,257,306,306,306,335,335,387,27,27,62,12,28,28,28,28,28,28,28,53,53],"floor_reached":57,"playtime":4172,"items_purged":["Strike_B","Regret","Strike_B"],"score":2852,"play_id":"714b03ff-14c4-43e3-b817-17f214ceff91","local_time":"20190302143645","is_ascension_mode":true,"campfire_choices":[{"data":"Apotheosis","floor":6.0,"key":"SMITH"},{"floor":8.0,"key":"RECALL"},{"data":"Coolheaded","floor":12.0,"key":"SMITH"},{"floor":15.0,"key":"REST"},{"data":"Seek","floor":24.0,"key":"SMITH"},{"data":"Fission","floor":27.0,"key":"SMITH"},{"data":"Discovery","floor":32.0,"key":"SMITH"},{"data":"Buffer","floor":40,"key":"SMITH"},{"data":"Hologram","floor":45,"key":"SMITH"},{"data":"Hologram","floor":49,"key":"SMITH"},{"data":"Coolheaded","floor":53,"key":"SMITH"}],"neow_cost":"NONE","seed_source_timestamp":9646018152022,"circlet_count":0,"master_deck":["AscendersBane","Defend_B","Defend_B","Zap","Dualcast","Streamline+1","Coolheaded+1","Apotheosis+1","Recycle+1","Fission+1","Seek+1","Hologram+1","Glacier","Discovery+1","Echo Form","White Noise","Chaos","Hologram+1","Buffer+1","Defragment+1","White Noise","Chill+1","Thunder Strike","Electrodynamics","Coolheaded+1","Coolheaded+1"],"special_seed":0,"relics":["Cracked Core","NeowsBlessing","Torii","Kunai","Empty Cage","Regal Pillow","Mummified Hand","Cables","Orrery","Lantern","Bird Faced Urn","Art of War","Frozen Eye","Calipers","War Paint"],"potions_floor_usage":[46,56,56],"damage_taken":[{"damage":0.0,"enemies":"2 Louse","floor":1.0,"turns":1.0},{"damage":0.0,"enemies":"Cultist","floor":4.0,"turns":1.0},{"damage":0.0,"enemies":"Gremlin Nob","floor":7.0,"turns":1.0},{"damage":1.0,"enemies":"Small Slimes","floor":10.0,"turns":2.0},{"damage":1.0,"enemies":"Gremlin Gang","floor":11.0,"turns":4.0},{"damage":26.0,"enemies":"Slime Boss","floor":16.0,"turns":11.0},{"damage":2.0,"enemies":"Spheric Guardian","floor":18.0,"turns":4.0},{"damage":13.0,"enemies":"Shell Parasite","floor":20.0,"turns":5.0},{"damage":1.0,"enemies":"Centurion and Healer","floor":21.0,"turns":5.0},{"damage":1.0,"enemies":"Book of Stabbing","floor":23.0,"turns":7.0},{"damage":1.0,"enemies":"Shelled Parasite and Fungi","floor":25.0,"turns":7.0},{"damage":1.0,"enemies":"Sentry and Sphere","floor":29.0,"turns":6.0},{"damage":0.0,"enemies":"Cultist and Chosen","floor":31.0,"turns":4.0},{"damage":0.0,"enemies":"Champ","floor":33.0,"turns":10.0},{"damage":10,"enemies":"3 Darklings","floor":35,"turns":2},{"damage":21,"enemies":"Orb Walker","floor":37,"turns":4},{"damage":9,"enemies":"2 Orb Walkers","floor":38,"turns":4},{"damage":0,"enemies":"Nemesis","floor":41,"turns":7},{"damage":0,"enemies":"Reptomancer","floor":46,"turns":3},{"damage":0,"enemies":"Transient","floor":48,"turns":6},{"damage":11,"enemies":"Donu and Deca","floor":50,"turns":9},{"damage":14,"enemies":"Awakened One","floor":51,"turns":9},{"damage":37,"enemies":"Shield and Spear","floor":55,"turns":12},{"damage":55,"enemies":"The Heart","floor":56,"turns":14}],"seed_played":"-2330135769830762581","potions_obtained":[{"floor":4.0,"key":"LiquidBronze"},{"floor":7.0,"key":"Explosive Potion"},{"floor":16.0,"key":"FocusPotion"},{"floor":23.0,"key":"FocusPotion"},{"floor":55,"key":"EssenceOfSteel"}],"is_trial":false,"path_per_floor":["M","$","?","M","$","R","E","R","T","M","M","R","?","?","R","B",null,"M","?","M","M","$","E","R","M","T","R","?","M","T","M","R","B",null,"M","?","M","?","?","R","E","?","T","$","R","E","$","M","R","B","B",null,"R","$","E","B",null],"character_chosen":"DEFECT","items_purchased":["Apotheosis","Glacier","Discovery","Frozen Eye","Coolheaded","Coolheaded"],"campfire_rested":1,"item_purchase_floors":[5,22,22,44,44,47],"current_hp_per_floor":[64,64,64,64,64,64,64,64,64,63,62,62,41,34,55,29,61,59,59,46,45,45,44,44,43,43,43,43,42,42,42,42,42,64,54,54,33,24,58,58,58,58,58,58,58,58,58,58,58,58,58,58,58,58,47,16],"gold":53,"neow_bonus":"THREE_ENEMY_KILL","is_prod":false,"is_daily":false,"chose_seed":false,"campfire_upgraded":9,"win_rate":0,"timestamp":1551508605,"path_taken":["M","$","?","M","$","R","E","R","T","M","?","R","?","?","R","BOSS","M","?","M","M","$","E","R","?","T","R","?","M","?","M","R","BOSS","M","?","?","?","?","R","E","?","T","$","R","E","$","M","R","BOSS","BOSS","R","$","E","BOSS"],"build_version":"2019-01-23","purchased_purges":3,"victory":true,"max_hp_per_floor":[71,71,71,71,71,71,71,71,71,71,71,71,71,71,71,71,71,71,71,71,71,71,71,71,71,71,71,71,71,71,71,71,71,71,71,71,71,71,58,58,58,58,58,58,58,58,58,58,58,58,58,58,58,58,58,58],"card_choices":[{"not_picked":["Hello World","Go for the Eyes"],"picked":"Streamline","floor":1.0},{"not_picked":["Turbo","Streamline"],"picked":"Coolheaded","floor":4.0},{"not_picked":["Leap","Heatsinks"],"picked":"Auto Shields","floor":7.0},{"not_picked":["Cold Snap","Genetic Algorithm"],"picked":"Recycle","floor":10.0},{"not_picked":["Redo","Reinforced Body"],"picked":"Fission","floor":11.0},{"not_picked":["Amplify","Thunder Strike"],"picked":"Seek","floor":16.0},{"not_picked":["Sweeping Beam","Leap","Steam"],"picked":"SKIP","floor":18.0},{"not_picked":["Leap","Gash"],"picked":"Hologram","floor":20.0},{"not_picked":["Tempest","Barrage","Stack"],"picked":"SKIP","floor":21.0},{"not_picked":["White Noise","Recycle"],"picked":"Echo Form","floor":23.0},{"not_picked":["Gash","Ball Lightning"],"picked":"White Noise","floor":25.0},{"not_picked":["Beam Cell","Aggregate"],"picked":"Chaos","floor":29.0},{"not_picked":["Ball Lightning","Gash+1"],"picked":"Hologram","floor":31.0},{"not_picked":["Amplify","Reboot"],"picked":"Buffer","floor":33.0},{"not_picked":["Hello World","Coolheaded"],"picked":"Defragment+1","floor":34},{"not_picked":["Beam Cell","Redo"],"picked":"White Noise","floor":34},{"not_picked":["Ball Lightning","Hologram"],"picked":"Chill","floor":34},{"not_picked":["Sunder","Cold Snap","Genetic Algorithm"],"picked":"SKIP","floor":35},{"not_picked":["Hologram","Stack"],"picked":"Thunder Strike","floor":37},{"not_picked":["Steam Power","Compile Driver"],"picked":"Electrodynamics","floor":41},{"not_picked":["Steam Power","Rebound+1","Leap"],"picked":"SKIP","floor":46},{"not_picked":["Steam","Conserve Battery","Barrage+1"],"picked":"SKIP","floor":48},{"not_picked":["FTL+1","Scrape","Darkness"],"picked":"SKIP","floor":55}],"player_experience":3290711,"relics_obtained":[{"floor":7.0,"key":"Torii"},{"floor":9.0,"key":"Kunai"},{"floor":23.0,"key":"Regal Pillow"},{"floor":26.0,"key":"Mummified Hand"},{"floor":30.0,"key":"Cables"},{"floor":38,"key":"Bird Faced Urn"},{"floor":41,"key":"Art of War"},{"floor":46,"key":"Calipers"},{"floor":55,"key":"War Paint"}],"event_choices":[{"damage_healed":0.0,"max_hp_gain":0.0,"max_hp_loss":0.0,"gold_gain":275.0,"event_name":"Golden Shrine","player_choice":"Desecrate","floor":3.0,"gold_loss":0.0,"damage_taken":0.0,"cards_obtained":["Regret"]},{"damage_healed":0.0,"max_hp_gain":0.0,"max_hp_loss":0.0,"gold_gain":0.0,"event_name":"Shining Light","player_choice":"Entered Light","floor":13.0,"gold_loss":0.0,"damage_taken":21.0,"cards_upgraded":["Streamline","Recycle"]},{"cards_removed":["Strike_B"],"damage_healed":0.0,"max_hp_gain":0.0,"max_hp_loss":0.0,"gold_gain":0.0,"event_name":"Golden Wing","player_choice":"Card Removal","floor":14.0,"gold_loss":0.0,"damage_taken":7.0},{"cards_removed":["Defend_B"],"damage_healed":0.0,"max_hp_gain":0.0,"max_hp_loss":0.0,"gold_gain":0.0,"event_name":"Purifier","player_choice":"Purged","floor":19.0,"gold_loss":0.0,"damage_taken":0.0},{"cards_removed":["Auto Shields"],"damage_healed":0,"gold_gain":0,"player_choice":"Gave Card","damage_taken":0,"relics_obtained":["Lantern"],"max_hp_gain":0,"max_hp_loss":0,"event_name":"WeMeetAgain","floor":36,"gold_loss":0},{"damage_healed":0,"gold_gain":0,"player_choice":"Fight","damage_taken":0,"max_hp_gain":0,"max_hp_loss":0,"event_name":"Mysterious Sphere","floor":38,"gold_loss":0},{"damage_healed":58,"gold_gain":0,"player_choice":"Heal","damage_taken":0,"max_hp_gain":0,"max_hp_loss":13,"event_name":"The Moai Head","floor":39,"gold_loss":0},{"damage_healed":0,"gold_gain":0,"player_choice":"Ignored","damage_taken":0,"max_hp_gain":0,"max_hp_loss":0,"event_name":"Tomb of Lord Red Mask","floor":42,"gold_loss":0}],"is_beta":false,"boss_relics":[{"not_picked":["Velvet Choker","Eternal Feather"],"picked":"Empty Cage"},{"not_picked":["Tiny House","Pandora\u0027s Box"],"picked":"Orrery"}],"items_purged_floors":[2,5,44],"is_endless":false,"potions_floor_spawned":[4,7,16,23,29,35,38,55],"ascension_level":20}