{"gold_per_floor":[118,43,43,53,53,53,83,83,83,96,96,115,145,165,165,165],"floor_reached":16,"playtime":614,"items_purged":["Defend_G"],"score":220,"play_id":"285c1d92-eb88-4082-b40e-6903824649f4","local_time":"20190411093925","is_ascension_mode":true,"campfire_choices":[{"data":"Underhanded Strike","floor":6,"key":"SMITH"},{"data":"Well Laid Plans","floor":8,"key":"SMITH"},{"data":"Calculated Gamble","floor":11,"key":"SMITH"},{"data":"Acrobatics","floor":15,"key":"SMITH"}],"neow_cost":"TEN_PERCENT_HP_LOSS","seed_source_timestamp":2057861185651,"circlet_count":0,"master_deck":["AscendersBane","Defend_G","Defend_G","Defend_G","Strike_G","Strike_G","Strike_G","Strike_G+1","Survivor","Neutralize+1","Backflip","Tools of the Trade","Die Die Die","Underhanded Strike+1","Well Laid Plans+1","Calculated Gamble+1","Acrobatics+1","Catalyst"],"special_seed":0,"relics":["Ring of the Snake","Strawberry","Torii","Centennial Puzzle"],"potions_floor_usage":[13,13],"damage_taken":[{"damage":0.0,"enemies":"Jaw Worm","floor":1.0,"turns":6.0},{"damage":1.0,"enemies":"Small Slimes","floor":4.0,"turns":3.0},{"damage":27,"enemies":"3 Sentries","floor":7,"turns":12},{"damage":0,"enemies":"Cultist","floor":10,"turns":4},{"damage":1,"enemies":"Red Slaver","floor":12,"turns":3},{"damage":1,"enemies":"Gremlin Nob","floor":13,"turns":3},{"damage":0,"enemies":"3 Louse","floor":14,"turns":2},{"damage":0,"enemies":"Hexaghost","floor":16,"turns":5}],"seed_played":"7297997180064682102","potions_obtained":[{"floor":7,"key":"Explosive Potion"},{"floor":12,"key":"SteroidPotion"},{"floor":14,"key":"Weak Potion"}],"is_trial":false,"path_per_floor":["M","$","?","M","?","R","E","R","T","M","R","M","E","M","R","B"],"character_chosen":"THE_SILENT","items_purchased":[],"campfire_rested":0,"item_purchase_floors":[],"current_hp_per_floor":[59,59,41,40,40,40,20,20,20,20,20,19,18,18,18,18],"gold":165,"neow_bonus":"REMOVE_TWO","is_prod":false,"is_daily":false,"chose_seed":false,"campfire_upgraded":4,"win_rate":0,"timestamp":1554946765,"path_taken":["M","$","?","M","?","R","E","R","T","M","R","M","E","?","R","BOSS"],"build_version":"2019-01-23","purchased_purges":1,"victory":false,"max_hp_per_floor":[60,60,60,60,60,60,67,67,67,67,67,67,67,67,67,67],"card_choices":[{"not_picked":["Outmaneuver","Bane"],"picked":"Backflip","floor":1.0},{"not_picked":["Bane","Poisoned Stab"],"picked":"Tools of the Trade","floor":4.0},{"not_picked":["Riddle With Holes","Phantasmal Killer"],"picked":"Well Laid Plans","floor":7},{"not_picked":["Cloak And Dagger","Eviscerate"],"picked":"Calculated Gamble","floor":10},{"not_picked":["Backflip","Cloak And Dagger","Sucker Punch"],"picked":"SKIP","floor":12},{"not_picked":["Dagger Spray","Dagger Throw"],"picked":"Acrobatics","floor":13},{"not_picked":["Cloak And Dagger","Acrobatics"],"picked":"Catalyst","floor":14}],"player_experience":4231228,"relics_obtained":[{"floor":7,"key":"Strawberry"},{"floor":9,"key":"Torii"},{"floor":13,"key":"Centennial Puzzle"}],"event_choices":[{"damage_healed":0.0,"max_hp_gain":0.0,"max_hp_loss":0.0,"gold_gain":0.0,"event_name":"Shining Light","player_choice":"Entered Light","floor":3.0,"gold_loss":0.0,"damage_taken":18.0,"cards_upgraded":["Neutralize","Strike_G"]},{"damage_healed":0,"gold_gain":0,"player_choice":"2 cards matched","damage_taken":0,"max_hp_gain":0,"max_hp_loss":0,"event_name":"Match and Keep!","floor":5,"gold_loss":0,"cards_obtained":["Die Die Die","Underhanded Strike"]}],"is_beta":false,"boss_relics":[],"items_purged_floors":[2],"is_endless":false,"potions_floor_spawned":[7,12,14],"killed_by":"Hexaghost","ascension_level":20}