{"path_per_floor":["M","?","?","$","M","R","E","M","T","M","?","R","M","M","R"],"character_chosen":"THE_SILENT","items_purchased":["Prepared"],"gold_per_floor":[114,114,114,90,104,104,131,149,176,190,190,190,210,228,228,228],"floor_reached":16,"campfire_rested":1,"playtime":441,"item_purchase_floors":[4],"current_hp_per_floor":[61,61,54,54,54,54,6,6,6,5,5,26,12,5,5,0],"items_purged":[],"gold":228,"score":143,"play_id":"74dd6823-50ba-4e33-ab4c-a3a608099dcf","local_time":"20180528155850","is_prod":false,"is_daily":false,"chose_seed":false,"is_ascension_mode":true,"campfire_upgraded":2,"win_rate":0,"timestamp":1527494330,"campfire_choices":[{"data":"Neutralize","floor":6,"key":"SMITH"},{"floor":12,"key":"REST"},{"data":"Slice","floor":15,"key":"SMITH"}],"path_taken":["M","?","?","?","M","R","E","M","T","M","?","R","?","M","R","BOSS"],"build_version":"2018-05-25","seed_source_timestamp":20182644032907,"purchased_purges":0,"victory":false,"master_deck":["Defend_G","Defend_G+1","Defend_G","Defend_G+1","Strike_G","Strike_G","Strike_G","Strike_G","Strike_G","Survivor","Neutralize+1","Calculated Gamble+1","Prepared","Backflip","Deflect","Terror","Dagger Spray","Slice+1"],"max_hp_per_floor":[70,70,70,70,70,70,70,70,70,70,70,70,70,70,70,70],"relics":["Ring of the Snake","War Paint","Potion Belt"],"card_choices":[{"not_picked":["Endless Agony","Malaise"],"picked":"Calculated Gamble","floor":1},{"not_picked":["Sucker Punch","Prepared"],"picked":"Backflip","floor":5},{"not_picked":["Bane","Dodge and Roll"],"picked":"Deflect","floor":7},{"not_picked":["Choke","Crippling Poison"],"picked":"Terror","floor":8},{"not_picked":["Sucker Punch","Night Terror"],"picked":"Dagger Spray","floor":10},{"not_picked":["Setup","Blur"],"picked":"Slice","floor":13},{"not_picked":["Flying Knee","Dodge and Roll","Deadly Poison"],"picked":"SKIP","floor":14}],"player_experience":507111,"potions_floor_usage":[16,16,16],"damage_taken":[{"damage":2,"enemies":"Jaw Worm","floor":1,"turns":6},{"damage":0,"enemies":"Cultist","floor":5,"turns":4},{"damage":48,"enemies":"Gremlin Nob","floor":7,"turns":6},{"damage":0,"enemies":"Small Slimes","floor":8,"turns":4},{"damage":1,"enemies":"Blue Slaver","floor":10,"turns":3},{"damage":14,"enemies":"Large Slime","floor":13,"turns":7},{"damage":7,"enemies":"Lots of Slimes","floor":14,"turns":4},{"damage":11,"enemies":"Slime Boss","floor":16,"turns":6}],"relics_obtained":[{"floor":7,"key":"War Paint"},{"floor":9,"key":"Potion Belt"}],"event_choices":[{"event_name":"Upgrade Shrine","player_choice":"Upgraded","floor":2,"damage_taken":0},{"event_name":"Golden Wing","player_choice":"Card Removal","floor":3,"damage_taken":0},{"event_name":"Liars Game","player_choice":"disagreed","floor":11,"damage_taken":0}],"boss_relics":[],"items_purged_floors":[],"potions_floor_spawned":[1,10,14],"seed_played":"-2740527780613387222","killed_by":"Slime Boss","ascension_level":8,"potions_obtained":[{"floor":1,"key":"LiquidBronze"},{"floor":10,"key":"LiquidBronze"},{"floor":14,"key":"SkillPotion"}],"is_trial":false}