{"gold_per_floor":[110,110,64,64,82,82,103,103,150,150,130,148,169,212,212,342,342,355,355,355,355,355,355,378,403,403,419,291,291,291,316,316,316],"floor_reached":33,"playtime":748,"items_purged":["Strike_G"],"score":345,"play_id":"d1441404-bcd6-430c-aac9-c09d783de050","local_time":"20181119215722","is_ascension_mode":false,"campfire_choices":[{"data":"Flechettes","floor":6,"key":"SMITH"},{"floor":10,"key":"RECALL"},{"data":"Defend_G","floor":15,"key":"SMITH"},{"floor":23,"key":"REST"},{"floor":29,"key":"REST"},{"floor":32,"key":"REST"}],"neow_cost":"NONE","seed_source_timestamp":11547576355366,"circlet_count":0,"master_deck":["Defend_G","Defend_G","Defend_G","Defend_G","Defend_G+1","Strike_G","Strike_G","Survivor+1","Neutralize+1","Flechettes+1","Deadly Poison+1","Well Laid Plans","Acrobatics","Bane","Strike_G","Tactician+1"],"special_seed":0,"relics":["Busted Crown","Golden Idol","Bag of Preparation","Lantern","Fusion Hammer","Enchiridion","Dream Catcher"],"potions_floor_usage":[33,33,33],"damage_taken":[{"damage":0,"enemies":"Small Slimes","floor":1,"turns":4},{"damage":0,"enemies":"Cultist","floor":5,"turns":3},{"damage":0,"enemies":"2 Louse","floor":7,"turns":2},{"damage":2,"enemies":"Red Slaver","floor":12,"turns":3},{"damage":2,"enemies":"Blue Slaver","floor":13,"turns":3},{"damage":32,"enemies":"3 Sentries","floor":14,"turns":8},{"damage":11,"enemies":"Hexaghost","floor":16,"turns":9},{"damage":31,"enemies":"Spheric Guardian","floor":18,"turns":6},{"damage":0,"enemies":"Chosen","floor":24,"turns":4},{"damage":0,"enemies":"Centurion and Healer","floor":25,"turns":6},{"damage":10,"enemies":"3 Cultists","floor":27,"turns":7},{"damage":2,"enemies":"Snake Plant","floor":31,"turns":3},{"damage":50,"enemies":"Collector","floor":33,"turns":6}],"seed_played":"-6561540382435816598","potions_obtained":[{"floor":1,"key":"Explosive Potion"},{"floor":11,"key":"Block Potion"},{"floor":13,"key":"Regen Potion"},{"floor":14,"key":"SteroidPotion"}],"is_trial":false,"path_per_floor":["M","?","$","?","M","R","M","?","T","R","?","M","M","E","R","B",null,"M","?","?","?","?","R","M","M","T","M","$","R","?","M","R","B"],"character_chosen":"THE_SILENT","items_purchased":["Deadly Poison","Bane"],"campfire_rested":3,"item_purchase_floors":[3,28],"current_hp_per_floor":[70,65,65,65,65,65,65,52,52,52,52,50,48,16,16,5,65,34,18,18,18,18,37,37,37,37,27,27,46,46,44,63,13],"gold":316,"neow_bonus":"BOSS_RELIC","is_prod":false,"is_daily":false,"chose_seed":false,"campfire_upgraded":2,"win_rate":0,"timestamp":1542635842,"path_taken":["M","?","$","?","?","R","M","?","T","R","?","?","M","E","R","BOSS","M","?","?","?","?","R","M","M","T","M","?","R","?","M","R","BOSS"],"build_version":"2018-11-15","purchased_purges":1,"victory":false,"max_hp_per_floor":[70,65,65,65,65,65,65,65,65,65,65,65,65,65,65,65,65,65,65,65,65,65,65,65,65,65,65,65,65,65,65,65,65],"card_choices":[{"not_picked":[],"picked":"Flechettes","floor":1},{"not_picked":["Sucker Punch"],"picked":"SKIP","floor":5},{"not_picked":["Cloak And Dagger"],"picked":"SKIP","floor":7},{"not_picked":["Flying Knee"],"picked":"SKIP","floor":12},{"not_picked":["Leg Sweep"],"picked":"SKIP","floor":13},{"not_picked":["Bane"],"picked":"SKIP","floor":14},{"not_picked":["Blade Dance+1"],"picked":"SKIP","floor":18},{"not_picked":["Cloak And Dagger"],"picked":"SKIP","floor":24},{"not_picked":[],"picked":"Acrobatics","floor":25},{"not_picked":["Infinite Blades"],"picked":"SKIP","floor":27},{"not_picked":[],"picked":"Tactician+1","floor":31}],"player_experience":1108075,"relics_obtained":[{"floor":9,"key":"Bag of Preparation"},{"floor":14,"key":"Lantern"},{"floor":19,"key":"Enchiridion"},{"floor":26,"key":"Dream Catcher"}],"event_choices":[{"damage_healed":0,"gold_gain":0,"player_choice":"Lose Max HP","damage_taken":0,"relics_obtained":["Golden Idol"],"max_hp_gain":0,"max_hp_loss":5,"event_name":"Golden Idol","floor":2,"gold_loss":0},{"damage_healed":0,"gold_gain":0,"player_choice":"Upgraded","damage_taken":0,"max_hp_gain":0,"max_hp_loss":0,"event_name":"Upgrade Shrine","floor":4,"gold_loss":0,"cards_upgraded":["Deadly Poison"]},{"damage_healed":0,"gold_gain":0,"player_choice":"Entered Light","damage_taken":13,"max_hp_gain":0,"max_hp_loss":0,"event_name":"Shining Light","floor":8,"gold_loss":0,"cards_upgraded":["Neutralize","Survivor"]},{"damage_healed":0,"gold_gain":0,"player_choice":"Bought 1 Potion","damage_taken":0,"max_hp_gain":0,"max_hp_loss":0,"event_name":"The Woman in Blue","floor":11,"gold_loss":0},{"damage_healed":0,"gold_gain":0,"player_choice":"Obtained Book","damage_taken":16,"max_hp_gain":0,"max_hp_loss":0,"event_name":"Cursed Tome","floor":19,"gold_loss":0},{"damage_healed":0,"gold_gain":0,"player_choice":"Ignored","damage_taken":0,"max_hp_gain":0,"max_hp_loss":0,"event_name":"Ghosts","floor":20,"gold_loss":0},{"damage_healed":0,"gold_gain":0,"player_choice":"Read","damage_taken":0,"max_hp_gain":0,"max_hp_loss":0,"event_name":"The Library","floor":21,"gold_loss":0,"cards_obtained":["Well Laid Plans"]},{"cards_removed":["Strike_G"],"damage_healed":0,"gold_gain":0,"player_choice":"Elegance","damage_taken":0,"max_hp_gain":0,"max_hp_loss":0,"event_name":"Back to Basics","floor":22,"gold_loss":0},{"cards_removed":["Strike_G"],"damage_healed":0,"gold_gain":0,"player_choice":"Took Card","damage_taken":0,"max_hp_gain":0,"max_hp_loss":0,"event_name":"NoteForYourself","floor":30,"gold_loss":0,"cards_obtained":["Strike_G"]}],"is_beta":true,"boss_relics":[{"not_picked":["Velvet Choker","Snecko Eye"],"picked":"Fusion Hammer"}],"items_purged_floors":[28],"is_endless":false,"potions_floor_spawned":[1,13,14,25,27],"killed_by":"Collector","ascension_level":0}