{"path_per_floor":["M","M","M","?","$","R","$","M","T","M","R","E","$","M","R","B",null,"M","?","?","?","$"],"character_chosen":"IRONCLAD","items_purchased":["Rampage","Madness","Dropkick"],"gold_per_floor":[110,127,137,137,66,66,66,76,101,116,116,144,43,55,55,156,156,174,174,174,174,92],"floor_reached":23,"campfire_rested":0,"playtime":2084,"current_hp_per_floor":[65,71,77,70,70,70,70,61,61,49,49,11,11,14,14,16,80,67,67,67,51,51],"items_purged":[],"gold":92,"score":189,"play_id":"7fbf4caf-ac9a-4126-ac37-0b63916cb709","local_time":"20180303135409","is_prod":false,"is_daily":false,"is_ascension_mode":false,"campfire_upgraded":3,"timestamp":1520081649,"path_taken":["M","M","M","?","$","R","?","M","T","M","R","E","$","M","R","BOSS","M","?","?","?","$","E"],"build_version":"2018-03-01-PROD1","purchased_purges":1,"victory":false,"master_deck":["Strike_R+1","Strike_R+1","Defend_R+1","Defend_R+1","Defend_R+1","Defend_R+1","Bash+1","Dual Wield","Ghostly Armor","Iron Wave","Rampage+1","Rampage+1","Pummel+1","Body Slam+1","Double Tap","Madness+1","Demon Form","Infernal Blade+1","Armaments+1","Armaments+1","Flex","Madness+1","Dropkick+1"],"max_hp_per_floor":[80,80,80,80,80,80,80,80,80,80,80,80,80,80,80,80,80,80,80,80,80,80],"relics":["Burning Blood","Molten Egg 2","Juzu Bracelet","Bronze Scales","Astrolabe","Enchiridion"],"card_choices":[{"not_picked":["Headbutt","Sever Soul"],"picked":"Dual Wield"},{"not_picked":["Anger","Twin Strike"],"picked":"Ghostly Armor"},{"not_picked":["Anger","Juggernaut"],"picked":"Iron Wave"},{"not_picked":["True Grit","Clash"],"picked":"Rampage"},{"not_picked":["Rupture","Heavy Blade"],"picked":"Pummel"},{"not_picked":["Flame Barrier","Sever Soul"],"picked":"Body Slam"},{"not_picked":["Pommel Strike","Shrug It Off"],"picked":"Double Tap"},{"not_picked":["Brutality","Offering"],"picked":"Demon Form"},{"not_picked":["Iron Wave","Warcry"],"picked":"Flex"}],"player_experience":58784,"potions_floor_usage":[14,16,16,16],"damage_taken":[{"damage":21,"enemies":"Jaw Worm","floor":1,"turns":5},{"damage":0,"enemies":"2 Louse","floor":2,"turns":2},{"damage":0,"enemies":"Cultist","floor":3,"turns":5},{"damage":15,"enemies":"Exordium Thugs","floor":8,"turns":6},{"damage":18,"enemies":"Large Slime","floor":10,"turns":6},{"damage":44,"enemies":"Gremlin Nob","floor":12,"turns":5},{"damage":3,"enemies":"Lots of Slimes","floor":14,"turns":3},{"damage":4,"enemies":"Hexaghost","floor":16,"turns":7},{"damage":19,"enemies":"2 Thieves","floor":18,"turns":5},{"damage":53,"enemies":"Gremlin Leader","floor":23,"turns":6}],"event_choices":[{"event_name":"Scrap Ooze","player_choice":"success","floor":4,"damage_taken":7},{"event_name":"Duplicator","player_choice":"One dupe","floor":19,"damage_taken":0},{"event_name":"Back to Basics","player_choice":"Simplicity","floor":20,"damage_taken":0},{"event_name":"Cursed Tome","player_choice":"Obtained Book","floor":21,"damage_taken":0}],"boss_relics":[{"not_picked":["Runic Cube","Sozu"],"picked":"Astrolabe"}],"potions_floor_spawned":[2,3,8,14],"seed_played":"3117819848286417503","killed_by":"Gremlin Leader","ascension_level":0,"is_trial":false}