{"gold_per_floor":[139,193,227,27,120,120,180,215,242,313,405,484,496,618,630,771,783,835,847,443,532,532,532,532,576,576,576,576,771,310,413,413,510,510,576,614,489,580,640,640,690,690,690,690,745,745,796,812,812,812,812,812,812,29,82,82],"floor_reached":57,"playtime":2830,"items_purged":["Strike_R","Strike_R","Strike_R","Strike_R"],"score":3419,"play_id":"87b4436f-e5bb-475a-8d3d-799176e210a4","local_time":"20190802152105","is_ascension_mode":true,"campfire_choices":[{"data":"Apotheosis","floor":6.0,"key":"SMITH"},{"floor":15.0,"key":"REST"},{"data":"Thinking Ahead","floor":23.0,"key":"SMITH"},{"floor":27.0,"key":"REST"},{"floor":32.0,"key":"RECALL"},{"data":"Second Wind","floor":40.0,"key":"SMITH"},{"data":"Power Through","floor":42.0,"key":"SMITH"},{"floor":44.0,"key":"DIG"},{"floor":49.0,"key":"DIG"},{"floor":53.0,"key":"DIG"}],"neow_cost":"TEN_PERCENT_HP_LOSS","seed_source_timestamp":418221268377116,"circlet_count":0,"master_deck":["AscendersBane","Defend_R","Defend_R+1","Defend_R","Defend_R","Bash","HandOfGreed","Thinking Ahead+1","Apotheosis+1","Shrug It Off+1","True Grit","Barricade","Body Slam","Burning Pact","Impervious","Power Through+1","Second Wind+1","Demon Form+1","Shockwave+1","Evolve+1","Chrysalis","Fiend Fire"],"special_seed":0,"relics":["Burning Blood","PreservedInsect","MawBank","Anchor","Snecko Eye","Ice Cream","Mango","Medical Kit","Tiny Chest","Blood Vial","Coffee Dripper","Bottled Lightning","Shovel","Frozen Egg 2","Boot","Bag of Preparation","Dead Branch","Shuriken","Kunai","War Paint","Centennial Puzzle","Strawberry"],"potions_floor_usage":[56,56],"damage_taken":[{"damage":2.0,"enemies":"Cultist","floor":1.0,"turns":4.0},{"damage":0.0,"enemies":"2 Louse","floor":2.0,"turns":4.0},{"damage":9.0,"enemies":"Jaw Worm","floor":3.0,"turns":4.0},{"damage":15.0,"enemies":"Gremlin Gang","floor":5.0,"turns":8.0},{"damage":40.0,"enemies":"Gremlin Nob","floor":7.0,"turns":4.0},{"damage":10.0,"enemies":"Looter","floor":8.0,"turns":5.0},{"damage":1.0,"enemies":"2 Fungi Beasts","floor":10.0,"turns":4.0},{"damage":0.0,"enemies":"3 Louse","floor":11.0,"turns":5.0},{"damage":14.0,"enemies":"Exordium Thugs","floor":12.0,"turns":5.0},{"damage":35.0,"enemies":"3 Sentries","floor":14.0,"turns":17.0},{"damage":33.0,"enemies":"Slime Boss","floor":16.0,"turns":19.0},{"damage":0.0,"enemies":"Spheric Guardian","floor":18.0,"turns":4.0},{"damage":15.0,"enemies":"3 Byrds","floor":21.0,"turns":8.0},{"damage":6.0,"enemies":"Snake Plant","floor":25.0,"turns":5.0},{"damage":7.0,"enemies":"Colosseum Slavers","floor":29.0,"turns":10.0},{"damage":0.0,"enemies":"Colosseum Nobs","floor":29.0,"turns":7.0},{"damage":10.0,"enemies":"Slavers","floor":31.0,"turns":6.0},{"damage":20.0,"enemies":"Collector","floor":33.0,"turns":14.0},{"damage":0.0,"enemies":"3 Shapes","floor":35.0,"turns":8.0},{"damage":4.0,"enemies":"Orb Walker","floor":36.0,"turns":5.0},{"damage":3.0,"enemies":"Jaw Worm Horde","floor":38.0,"turns":7.0},{"damage":0.0,"enemies":"Sphere and 2 Shapes","floor":39.0,"turns":7.0},{"damage":10.0,"enemies":"Giant Head","floor":41.0,"turns":10.0},{"damage":9.0,"enemies":"Reptomancer","floor":45.0,"turns":5.0},{"damage":0.0,"enemies":"Giant Head","floor":47.0,"turns":7.0},{"damage":10.0,"enemies":"Maw","floor":48.0,"turns":5.0},{"damage":6.0,"enemies":"Awakened One","floor":50.0,"turns":11.0},{"damage":9.0,"enemies":"Time Eater","floor":51.0,"turns":5.0},{"damage":12.0,"enemies":"Shield and Spear","floor":55.0,"turns":2.0},{"damage":6,"enemies":"The Heart","floor":56,"turns":7}],"seed_played":"-2822135511584587789","potions_obtained":[{"floor":2.0,"key":"GamblersBrew"},{"floor":3.0,"key":"Energy Potion"},{"floor":8.0,"key":"SkillPotion"},{"floor":14.0,"key":"Strength Potion"},{"floor":16.0,"key":"SpeedPotion"},{"floor":21.0,"key":"Weak Potion"},{"floor":29.0,"key":"FearPotion"},{"floor":36.0,"key":"PowerPotion"},{"floor":39.0,"key":"Strength Potion"},{"floor":41.0,"key":"Swift Potion"},{"floor":48.0,"key":"Poison Potion"}],"is_trial":false,"path_per_floor":["M","M","M","$","M","R","E","M","T","M","M","M","?","E","R","B",null,"M","?","$","M","?","R","?","M","T","R","?","?","$","E","R","B",null,"M","M","$","M","M","R","E","R","T","R","E","?","E","M","R","B","B",null,"R","$","E","B",null],"character_chosen":"IRONCLAD","items_purchased":["Apotheosis","Ice Cream","Medical Kit","Tiny Chest","War Paint","Centennial Puzzle","Chrysalis","AttackPotion","Block Potion"],"campfire_rested":2,"item_purchase_floors":[4,20,30,30,54,54,54,54,54],"current_hp_per_floor":[68,68,65,65,56,56,22,18,18,23,29,21,43,14,34,7,53,59,55,55,46,46,46,27,27,27,48,48,67,67,63,63,51,78,86,87,87,87,87,87,83,83,83,83,82,82,87,83,83,85,84,86,86,86,88,90],"gold":82,"neow_bonus":"RANDOM_COLORLESS_2","is_prod":false,"is_daily":false,"chose_seed":false,"campfire_upgraded":4,"win_rate":0,"timestamp":1564726865,"path_taken":["M","M","M","$","M","R","E","M","T","?","?","?","?","E","R","BOSS","M","?","$","?","?","R","?","M","T","R","?","?","$","E","R","BOSS","M","M","$","M","M","R","E","R","T","R","E","?","E","M","R","BOSS","BOSS","R","$","E","BOSS"],"build_version":"2019-07-17","purchased_purges":4,"victory":true,"max_hp_per_floor":[68,68,68,68,68,68,68,68,68,68,68,68,68,68,68,68,68,68,68,68,68,68,68,73,73,73,73,73,87,87,87,87,87,87,87,87,87,87,87,87,87,87,87,87,87,87,87,87,87,87,87,87,87,87,94,94],"card_choices":[{"not_picked":["Bloodletting","Cleave","Heavy Blade"],"picked":"SKIP","floor":1.0},{"not_picked":["Wild Strike","Disarm","Metallicize"],"picked":"SKIP","floor":2.0},{"not_picked":["Anger","Warcry","Sever Soul"],"picked":"SKIP","floor":3.0},{"not_picked":["Clothesline","Flex"],"picked":"Shrug It Off","floor":5.0},{"not_picked":["Clash","Disarm"],"picked":"True Grit","floor":7.0},{"not_picked":["Blood for Blood","Pommel Strike"],"picked":"Barricade","floor":8.0},{"not_picked":["True Grit","Heavy Blade","Pummel"],"picked":"SKIP","floor":10.0},{"not_picked":["Cleave","Armaments","Brutality"],"picked":"SKIP","floor":11.0},{"not_picked":["Clothesline","Uppercut"],"picked":"Body Slam","floor":12.0},{"not_picked":["Spot Weakness","Shrug It Off"],"picked":"Burning Pact","floor":14.0},{"not_picked":["Brutality","Fiend Fire"],"picked":"Impervious","floor":16.0},{"not_picked":["Shrug It Off","Warcry","Heavy Blade+1"],"picked":"SKIP","floor":18.0},{"not_picked":["Havoc","Clash","Pommel Strike"],"picked":"SKIP","floor":21.0},{"not_picked":["Hemokinesis","Offering","Wild Strike+1"],"picked":"SKIP","floor":25.0},{"not_picked":["Combust","Fire Breathing","Iron Wave+1"],"picked":"SKIP","floor":31.0},{"not_picked":["Burning Pact","Ghostly Armor","Body Slam+1"],"picked":"SKIP","floor":35.0},{"not_picked":["Burning Pact","Ghostly Armor","Body Slam+1"],"picked":"SKIP","floor":35.0},{"not_picked":["Cleave","Rupture","Reckless Charge"],"picked":"SKIP","floor":36.0},{"not_picked":["Corruption+1","Sentinel+1","Perfected Strike+1"],"picked":"SKIP","floor":38.0},{"not_picked":["Corruption+1","Sentinel+1","Perfected Strike+1"],"picked":"SKIP","floor":38.0},{"not_picked":["Perfected Strike","Heavy Blade"],"picked":"Second Wind","floor":39.0},{"not_picked":["Clash","Searing Blow","Iron Wave"],"picked":"SKIP","floor":41.0},{"not_picked":["Cleave","Clash+1"],"picked":"Demon Form+1","floor":45.0},{"not_picked":["Pommel Strike","Inflame+1"],"picked":"Shockwave+1","floor":47.0},{"not_picked":["Anger","Clash"],"picked":"Evolve+1","floor":48.0},{"not_picked":["Thunderclap","Body Slam+1"],"picked":"Fiend Fire","floor":55.0}],"player_experience":729497,"relics_obtained":[{"floor":7.0,"key":"PreservedInsect"},{"floor":9.0,"key":"MawBank"},{"floor":14.0,"key":"Anchor"},{"floor":29.0,"key":"Mango"},{"floor":31.0,"key":"Blood Vial"},{"floor":41.0,"key":"Bottled Lightning"},{"floor":43.0,"key":"Shovel"},{"floor":44.0,"key":"Frozen Egg 2"},{"floor":45.0,"key":"Boot"},{"floor":47.0,"key":"Dead Branch"},{"floor":49.0,"key":"Shuriken"},{"floor":53.0,"key":"Kunai"},{"floor":55.0,"key":"Strawberry"}],"event_choices":[{"damage_healed":22.0,"max_hp_gain":0.0,"max_hp_loss":0.0,"gold_gain":0.0,"event_name":"Big Fish","player_choice":"Banana","floor":13.0,"gold_loss":0.0,"damage_taken":0.0},{"damage_healed":0.0,"max_hp_gain":0.0,"max_hp_loss":0.0,"gold_gain":0.0,"event_name":"The Woman in Blue","player_choice":"Bought 0 Potions","floor":19.0,"gold_loss":0.0,"damage_taken":0.0},{"cards_removed":["Strike_R"],"damage_healed":0.0,"max_hp_gain":0.0,"max_hp_loss":0.0,"gold_gain":0.0,"event_name":"Back to Basics","player_choice":"Elegance","floor":22.0,"gold_loss":0.0,"damage_taken":0.0},{"damage_healed":0.0,"max_hp_gain":5.0,"max_hp_loss":0.0,"gold_gain":0.0,"event_name":"Forgotten Altar","player_choice":"Shed Blood","floor":24.0,"gold_loss":0.0,"damage_taken":24.0},{"damage_healed":0.0,"max_hp_gain":0.0,"max_hp_loss":0.0,"gold_gain":0.0,"event_name":"The Library","player_choice":"Read","floor":28.0,"gold_loss":0.0,"damage_taken":0.0,"cards_obtained":["Power Through"]},{"damage_healed":0.0,"max_hp_gain":0.0,"max_hp_loss":0.0,"gold_gain":0.0,"event_name":"Colosseum","player_choice":"Fight","floor":29.0,"gold_loss":0.0,"damage_taken":0.0},{"damage_healed":0.0,"max_hp_gain":0.0,"max_hp_loss":0.0,"gold_gain":0.0,"event_name":"Colosseum","player_choice":"Fought Nobs","floor":29.0,"gold_loss":0.0,"damage_taken":0.0},{"damage_healed":0.0,"max_hp_gain":0.0,"max_hp_loss":0.0,"gold_gain":0.0,"event_name":"WeMeetAgain","player_choice":"Gave Potion","floor":46.0,"gold_loss":0.0,"damage_taken":0.0,"relics_obtained":["Bag of Preparation"]}],"is_beta":false,"boss_relics":[{"not_picked":["Black Blood","Orrery"],"picked":"Snecko Eye"},{"not_picked":["Runic Cube","Cursed Key"],"picked":"Coffee Dripper"}],"items_purged_floors":[20,30,37,54],"is_endless":false,"potions_floor_spawned":[2,3,8,14,16,21,29,29,36,39,41,48,55],"ascension_level":20}