{"gold_per_floor":[117,117,117,136,152,152,170,186,267,292,292,307,8,8,8,98,98,123,142,42,42,42,42,75,88,137,137,162,196,219,234,234,324,324,339,363,363,382,395,188,258,258,258,258,108,158,194,208,208,208],"floor_reached":51,"playtime":2146,"items_purged":["Strike_B","Strike_B","Strike_B","Defend_B"],"score":1734,"play_id":"315793c5-e67e-4f63-aa7b-127dff8df600","local_time":"20181012145328","is_ascension_mode":true,"campfire_choices":[{"data":"Zap","floor":6.0,"key":"SMITH"},{"data":"Double Energy","floor":11.0,"key":"SMITH"},{"data":"Dualcast","floor":15.0,"key":"SMITH"},{"floor":23,"key":"REST"},{"floor":27,"key":"REST"},{"floor":32,"key":"REST"},{"floor":42,"key":"REST"},{"floor":44,"key":"REST"},{"floor":49,"key":"REST"}],"neow_cost":"TEN_PERCENT_HP_LOSS","seed_source_timestamp":138377120002195,"circlet_count":0,"master_deck":["Strike_B","Defend_B","Defend_B","Zap+1","Dualcast+1","AscendersBane","Beam Cell","Gash","Double Energy+1","Steam","Echo Form","Gash","Ghostly","Ghostly","Ghostly","Ghostly","Ghostly","Gash+1","Gash","Gash","Turbo","Buffer","Turbo+1","Gash","Go for the Eyes"],"special_seed":0,"relics":["FrozenCore","Unceasing Top","Golden Idol","Dodecahedron","Medical Kit","Fusion Hammer","Nunchaku","Vajra","Bag of Marbles","SsserpentHead","Kunai","Singing Bowl"],"potions_floor_usage":[18,33,33,41,50,50],"damage_taken":[{"damage":4.0,"enemies":"Small Slimes","floor":1.0,"turns":3.0},{"damage":8.0,"enemies":"2 Louse","floor":4.0,"turns":3.0},{"damage":0.0,"enemies":"Jaw Worm","floor":5.0,"turns":3.0},{"damage":9.0,"enemies":"3 Louse","floor":7.0,"turns":4.0},{"damage":19.0,"enemies":"Exordium Thugs","floor":8.0,"turns":6.0},{"damage":2.0,"enemies":"2 Fungi Beasts","floor":10.0,"turns":3.0},{"damage":7.0,"enemies":"Large Slime","floor":12.0,"turns":4.0},{"damage":7.0,"enemies":"Hexaghost","floor":16.0,"turns":9.0},{"damage":1,"enemies":"3 Byrds","floor":18,"turns":5},{"damage":27,"enemies":"Shell Parasite","floor":19,"turns":3},{"damage":0,"enemies":"Book of Stabbing","floor":24,"turns":5},{"damage":0,"enemies":"Centurion and Healer","floor":25,"turns":4},{"damage":0,"enemies":"Sentry and Sphere","floor":28,"turns":3},{"damage":0,"enemies":"Gremlin Leader","floor":29,"turns":3},{"damage":2,"enemies":"Cultist and Chosen","floor":30,"turns":6},{"damage":15,"enemies":"Chosen and Byrds","floor":31,"turns":8},{"damage":1,"enemies":"Champ","floor":33,"turns":5},{"damage":8,"enemies":"Orb Walker","floor":35,"turns":4},{"damage":0,"enemies":"3 Shapes","floor":36,"turns":3},{"damage":0,"enemies":"Reptomancer","floor":38,"turns":4},{"damage":0,"enemies":"Transient","floor":39,"turns":4},{"damage":11,"enemies":"3 Darklings","floor":41,"turns":3},{"damage":0,"enemies":"Giant Head","floor":47,"turns":3},{"damage":0,"enemies":"Reptomancer","floor":48,"turns":3},{"damage":0,"enemies":"Donu and Deca","floor":50,"turns":2}],"seed_played":"-7288562014150942061","potions_obtained":[{"floor":1.0,"key":"LiquidBronze"},{"floor":8.0,"key":"Fire Potion"},{"floor":19,"key":"Fire Potion"},{"floor":28,"key":"Dexterity Potion"},{"floor":31,"key":"EntropicBrew"},{"floor":41,"key":"Poison Potion"}],"is_trial":false,"path_per_floor":["M","?","?","M","M","R","M","M","T","M","R","M","$","?","R","B",null,"M","M","$","?","?","R","E","M","T","R","M","E","M","M","R","B",null,"M","M","?","M","M","$","M","R","T","R","$","?","E","M","R","B"],"character_chosen":"DEFECT","items_purchased":["Medical Kit","Gash","Go for the Eyes"],"campfire_rested":6,"item_purchase_floors":[13,40,40],"current_hp_per_floor":[60,58,58,50,50,50,41,22,22,20,20,13,13,18,18,11,50,49,22,22,22,22,31,31,31,31,31,31,31,29,14,23,22,29,21,21,21,21,21,21,10,19,19,28,28,28,30,32,35,35],"gold":208,"neow_bonus":"ONE_RARE_RELIC","is_prod":false,"is_daily":false,"chose_seed":true,"campfire_upgraded":3,"win_rate":0,"timestamp":1539327208,"path_taken":["M","?","?","M","M","R","M","M","T","?","R","M","$","?","R","BOSS","M","M","$","?","?","R","E","M","T","R","M","E","M","M","R","BOSS","M","M","?","M","M","$","?","R","T","R","$","?","E","M","R","BOSS"],"build_version":"2018-10-11","purchased_purges":4,"victory":true,"max_hp_per_floor":[64,58,58,58,58,58,58,58,58,58,58,58,58,63,63,63,63,63,63,63,31,31,31,31,31,31,31,31,31,31,31,31,31,31,31,31,31,31,31,31,31,31,31,31,31,31,33,35,35,35],"card_choices":[{"not_picked":["Skim","Stack","Redo"],"picked":"SKIP","floor":1.0},{"not_picked":["Hologram","Conserve Battery"],"picked":"Beam Cell","floor":4.0},{"not_picked":["Ball Lightning","Glacier"],"picked":"Gash","floor":5.0},{"not_picked":["Tempest","Defragment"],"picked":"Double Energy","floor":7.0},{"not_picked":["Melter","Fission"],"picked":"Steam","floor":8.0},{"not_picked":["Melter","Cold Snap","Leap"],"picked":"SKIP","floor":10.0},{"not_picked":["Tempest","Recycle","Stack"],"picked":"SKIP","floor":12.0},{"not_picked":["Hyperbeam","Amplify"],"picked":"Echo Form","floor":16.0},{"not_picked":["Static Discharge","Hologram","Undo"],"picked":"SKIP","floor":18},{"not_picked":["Static Discharge","Hologram"],"picked":"Gash","floor":19},{"not_picked":["Streamline","Compile Driver"],"picked":"Gash+1","floor":24},{"not_picked":["Ball Lightning","Reinforced Body"],"picked":"Gash","floor":25},{"not_picked":["Consume","Rebound"],"picked":"Gash","floor":28},{"not_picked":["Skim","Coolheaded","Force Field"],"picked":"SKIP","floor":29},{"not_picked":["Rebound+1","Gash"],"picked":"Turbo","floor":30},{"not_picked":["Glacier+1","Redo","Cold Snap"],"picked":"SKIP","floor":31},{"not_picked":["Reboot","Multi-Cast"],"picked":"Buffer","floor":33},{"not_picked":["Consume","Force Field","Sweeping Beam"],"picked":"SKIP","floor":35},{"not_picked":["Ball Lightning+1","Coolheaded"],"picked":"Turbo+1","floor":36},{"not_picked":["Compile Driver","Streamline","Steam"],"picked":"SKIP","floor":38},{"not_picked":["Hologram","Stack","Fusion"],"picked":"SKIP","floor":39},{"not_picked":["Compile Driver","Conserve Battery+1","Steam"],"picked":"SKIP","floor":41},{"not_picked":["Streamline+1","Compile Driver","Steam"],"picked":"Singing Bowl","floor":47},{"not_picked":["White Noise","Auto Shields","Creative AI"],"picked":"Singing Bowl","floor":48}],"player_experience":305946,"relics_obtained":[{"floor":9.0,"key":"Dodecahedron"},{"floor":24,"key":"Nunchaku"},{"floor":26,"key":"Vajra"},{"floor":29,"key":"Bag of Marbles"},{"floor":43,"key":"Kunai"},{"floor":47,"key":"Singing Bowl"}],"event_choices":[{"event_name":"Golden Idol","player_choice":"Lose Max HP","floor":2.0,"damage_taken":0.0},{"event_name":"The Cleric","player_choice":"Leave","floor":3.0,"damage_taken":0.0},{"event_name":"Big Fish","player_choice":"Donut","floor":14.0,"damage_taken":0.0},{"event_name":"Ghosts","player_choice":"Became a Ghost","floor":21,"damage_taken":0},{"event_name":"Beggar","player_choice":"Ignored","floor":22,"damage_taken":0},{"event_name":"FaceTrader","player_choice":"Trade","floor":37,"damage_taken":0},{"event_name":"Falling","player_choice":"Removed Skill","floor":46,"damage_taken":0}],"is_beta":false,"boss_relics":[{"not_picked":["Cursed Key","Astrolabe"],"picked":"Fusion Hammer"},{"not_picked":["Busted Crown","Coffee Dripper"],"picked":"FrozenCore"}],"items_purged_floors":[13,20,40,45],"is_endless":false,"potions_floor_spawned":[1,8,12,19,28,29,31,41,47,48],"ascension_level":19}