{"gold_per_floor":[113,127,52,70,70,70,97,112,139,139,171,183,195,107,107,184,184,200,75,0,50,64,64,64],"floor_reached":24,"playtime":556,"items_purged":["Strike_R","Strike_R","Clothesline"],"score":404,"play_id":"169b9291-b68c-4a7c-aa83-b486e7de155f","local_time":"20190320114856","is_ascension_mode":true,"campfire_choices":[{"data":"Searing Blow","floor":6.0,"key":"SMITH"},{"data":"Searing Blow+1","floor":10.0,"key":"SMITH"},{"data":"Searing Blow+2","floor":12.0,"key":"SMITH"},{"data":"Searing Blow+3","floor":15.0,"key":"SMITH"},{"data":"Searing Blow+4","floor":23,"key":"SMITH"}],"neow_cost":"NONE","seed_source_timestamp":1484148443788,"circlet_count":0,"master_deck":["AscendersBane","Bash","Inflame","Searing Blow+5","Second Wind","Evolve","Limit Break","Reaper","Heavy Blade","Metallicize","Iron Wave","Exhume","Rage","Entrench"],"special_seed":0,"relics":["Burning Blood","NeowsBlessing","Juzu Bracelet","Bag of Marbles","MawBank","Pandora\u0027s Box"],"potions_floor_usage":[],"damage_taken":[{"damage":0.0,"enemies":"Cultist","floor":1.0,"turns":1.0},{"damage":0.0,"enemies":"Jaw Worm","floor":2.0,"turns":1.0},{"damage":0.0,"enemies":"Small Slimes","floor":4.0,"turns":1.0},{"damage":32.0,"enemies":"Gremlin Nob","floor":7.0,"turns":4.0},{"damage":16.0,"enemies":"Exordium Wildlife","floor":8.0,"turns":6.0},{"damage":5.0,"enemies":"Lagavulin","floor":11.0,"turns":6.0},{"damage":33.0,"enemies":"Slime Boss","floor":16.0,"turns":8.0},{"damage":33.0,"enemies":"Shell Parasite","floor":18.0,"turns":4.0},{"damage":21,"enemies":"Chosen","floor":22,"turns":5},{"damage":65,"enemies":"Gremlin Leader","floor":24,"turns":4}],"seed_played":"-8371391657969757145","potions_obtained":[{"floor":2.0,"key":"Block Potion"},{"floor":7.0,"key":"PowerPotion"},{"floor":8.0,"key":"SpeedPotion"},{"floor":16.0,"key":"Ancient Potion"}],"is_trial":false,"path_per_floor":["M","M","$","M","$","R","E","M","T","R","E","R","$","$","R","B",null,"M","$","?","?","M","R","E"],"character_chosen":"IRONCLAD","items_purchased":[],"campfire_rested":0,"item_purchase_floors":[],"current_hp_per_floor":[74,75,75,75,75,75,49,39,39,39,40,40,40,40,40,13,60,33,33,33,33,22,22,0],"gold":64,"neow_bonus":"THREE_ENEMY_KILL","is_prod":false,"is_daily":false,"chose_seed":false,"campfire_upgraded":5,"win_rate":0,"timestamp":1553053736,"path_taken":["M","M","$","?","$","R","E","M","T","R","E","R","?","$","R","BOSS","M","$","?","?","M","R","E"],"build_version":"2019-01-23","purchased_purges":3,"victory":false,"max_hp_per_floor":[75,75,75,75,75,75,75,75,75,75,75,75,75,75,75,75,75,75,75,75,75,75,75,75],"card_choices":[{"not_picked":["Flex","Wild Strike"],"picked":"Inflame","floor":1.0},{"not_picked":["Body Slam","Pommel Strike"],"picked":"Searing Blow","floor":2.0},{"not_picked":["Seeing Red","Flex","Shrug It Off"],"picked":"SKIP","floor":4.0},{"not_picked":["Intimidate","Seeing Red"],"picked":"Second Wind","floor":7.0},{"not_picked":["Clash","Twin Strike"],"picked":"Evolve","floor":8.0},{"not_picked":["Ghostly Armor","Cleave"],"picked":"Limit Break","floor":11.0},{"not_picked":["Impervious","Berserk"],"picked":"Reaper","floor":16.0},{"not_picked":["Clash","Flex","Headbutt"],"picked":"SKIP","floor":18.0},{"not_picked":["Hemokinesis","Anger","Spot Weakness+1"],"picked":"SKIP","floor":22}],"player_experience":3743192,"relics_obtained":[{"floor":7.0,"key":"Juzu Bracelet"},{"floor":9.0,"key":"Bag of Marbles"},{"floor":11.0,"key":"MawBank"}],"event_choices":[{"damage_healed":0.0,"max_hp_gain":0.0,"max_hp_loss":0.0,"gold_gain":0.0,"event_name":"Masked Bandits","player_choice":"Paid Fearfully","floor":20.0,"gold_loss":75.0,"damage_taken":0.0},{"damage_healed":0.0,"max_hp_gain":0.0,"max_hp_loss":0.0,"gold_gain":50.0,"event_name":"Nest","player_choice":"Stole From Cult","floor":21.0,"gold_loss":0.0,"damage_taken":0.0}],"is_beta":false,"boss_relics":[{"not_picked":["Lizard Tail","Orrery"],"picked":"Pandora\u0027s Box"}],"items_purged_floors":[3,14,19],"is_endless":false,"potions_floor_spawned":[2,7,8,16],"killed_by":"Gremlin Leader","ascension_level":20}