{"gold_per_floor":[110,124,124,124,66,102,102,102,176,216,232,232,245,290,302,409,421,447,374,46,66,116,152,152,191,263,263,263],"floor_reached":28,"playtime":1306,"items_purged":[],"score":524,"play_id":"de56cf58-6efe-4290-b1fa-46f0d55b35de","local_time":"20190712214552","is_ascension_mode":true,"campfire_choices":[{"floor":8.0,"key":"REST"},{"data":"Corruption","floor":12,"key":"SMITH"},{"data":"Bludgeon","floor":15,"key":"SMITH"},{"floor":24,"key":"REST"}],"neow_cost":"TEN_PERCENT_HP_LOSS","seed_source_timestamp":259118538462351,"circlet_count":0,"master_deck":["AscendersBane","Strike_R","Strike_R","Strike_R","Defend_R","Defend_R","Defend_R","Defend_R","Bash+1","Clash","Twin Strike","Corruption+1","Metallicize","Pommel Strike+1","Headbutt","Bludgeon+1","Reaper","Iron Wave","Disarm"],"special_seed":0,"relics":["Burning Blood","Bloody Idol","Bag of Preparation","Dodecahedron","Torii","MawBank","Snecko Eye","Boot","Calipers","Self Forming Clay","Bottled Tornado","Frozen Egg 2"],"potions_floor_usage":[16,23],"damage_taken":[{"damage":10.0,"enemies":"Small Slimes","floor":1.0,"turns":4.0},{"damage":7.0,"enemies":"Jaw Worm","floor":2.0,"turns":3.0},{"damage":19.0,"enemies":"Lagavulin","floor":6.0,"turns":5.0},{"damage":5.0,"enemies":"Gremlin Nob","floor":10.0,"turns":3.0},{"damage":1,"enemies":"Cultist","floor":11,"turns":3},{"damage":9,"enemies":"Exordium Thugs","floor":13,"turns":5},{"damage":32,"enemies":"Slime Boss","floor":16,"turns":9},{"damage":11,"enemies":"3 Byrds","floor":18,"turns":4},{"damage":21,"enemies":"2 Thieves","floor":21,"turns":4},{"damage":47,"enemies":"Slavers","floor":23,"turns":7},{"damage":18,"enemies":"Book of Stabbing","floor":25,"turns":3},{"damage":23,"enemies":"Sentry and Sphere","floor":28,"turns":5}],"seed_played":"3903780020063773948","potions_obtained":[{"floor":1.0,"key":"Explosive Potion"},{"floor":6.0,"key":"Energy Potion"},{"floor":11,"key":"Explosive Potion"},{"floor":18,"key":"SkillPotion"},{"floor":25,"key":"LiquidBronze"}],"is_trial":false,"path_per_floor":["M","M","?","?","$","E","?","R","T","E","M","R","M","T","R","B",null,"M","?","$","M","?","E","R","E","T","?","M"],"character_chosen":"IRONCLAD","items_purchased":["Pommel Strike","Calipers"],"campfire_rested":2,"item_purchase_floors":[5,20],"current_hp_per_floor":[64,63,40,40,40,27,27,47,47,48,53,53,50,50,50,24,57,58,58,58,48,48,12,32,20,20,20,0],"gold":263,"neow_bonus":"TRANSFORM_TWO_CARDS","is_prod":false,"is_daily":false,"chose_seed":false,"campfire_upgraded":2,"win_rate":0,"timestamp":1562960752,"path_taken":["M","M","?","?","$","E","?","R","T","E","M","R","?","?","R","BOSS","M","?","$","M","?","E","R","E","T","?","M"],"build_version":"2019-07-05","purchased_purges":0,"victory":false,"max_hp_per_floor":[68,68,68,68,68,68,68,68,68,68,68,68,68,68,68,68,68,68,68,68,68,68,68,68,68,68,68,68],"card_choices":[{"not_picked":["Armaments","Blood for Blood"],"picked":"Corruption","floor":1.0},{"not_picked":["Iron Wave","Thunderclap"],"picked":"Metallicize","floor":2.0},{"not_picked":["Infernal Blade","Seeing Red"],"picked":"Headbutt","floor":6.0},{"not_picked":["Rage","Rupture"],"picked":"Bludgeon","floor":10.0},{"not_picked":["Havoc","Sword Boomerang","Pummel"],"picked":"SKIP","floor":11},{"not_picked":["Clash","Bloodletting","Havoc"],"picked":"SKIP","floor":13},{"not_picked":["Clash","Bloodletting","Havoc"],"picked":"SKIP","floor":13},{"not_picked":["Feed","Juggernaut"],"picked":"Reaper","floor":16},{"not_picked":["Flex","True Grit","Perfected Strike"],"picked":"SKIP","floor":18},{"not_picked":["Corruption","Flex"],"picked":"Iron Wave","floor":21},{"not_picked":["Blood for Blood","Twin Strike"],"picked":"Disarm","floor":23},{"not_picked":["Brutality","Sword Boomerang","Clothesline"],"picked":"SKIP","floor":25}],"player_experience":692515,"relics_obtained":[{"floor":6.0,"key":"Bag of Preparation"},{"floor":9.0,"key":"Dodecahedron"},{"floor":10.0,"key":"Torii"},{"floor":14,"key":"MawBank"},{"floor":23,"key":"Self Forming Clay"},{"floor":25,"key":"Bottled Tornado"},{"floor":26,"key":"Frozen Egg 2"}],"event_choices":[{"damage_healed":0.0,"max_hp_gain":0.0,"max_hp_loss":0.0,"gold_gain":0.0,"event_name":"Golden Idol","player_choice":"Take Damage","floor":3.0,"gold_loss":0.0,"damage_taken":23.0,"relics_obtained":["Golden Idol"]},{"damage_healed":0.0,"max_hp_gain":0.0,"max_hp_loss":0.0,"gold_gain":0.0,"event_name":"Living Wall","player_choice":"Grow","floor":4.0,"gold_loss":0.0,"damage_taken":0.0,"cards_upgraded":["Bash"]},{"damage_healed":0.0,"max_hp_gain":0.0,"max_hp_loss":0.0,"gold_gain":0.0,"event_name":"Upgrade Shrine","player_choice":"Upgraded","floor":7.0,"gold_loss":0.0,"damage_taken":0.0,"cards_upgraded":["Pommel Strike"]},{"damage_healed":0,"gold_gain":0,"player_choice":"Obtained Relic","damage_taken":0,"relics_obtained":["Boot"],"max_hp_gain":0,"max_hp_loss":0,"event_name":"Addict","floor":19,"gold_loss":85},{"damage_healed":0,"gold_gain":50,"player_choice":"Stole From Cult","damage_taken":0,"max_hp_gain":0,"max_hp_loss":0,"event_name":"Nest","floor":22,"gold_loss":0},{"damage_healed":0,"gold_gain":0,"player_choice":"Gave Idol","damage_taken":0,"relics_obtained":["Bloody Idol"],"max_hp_gain":0,"max_hp_loss":0,"event_name":"Forgotten Altar","floor":27,"relics_lost":["Golden Idol"],"gold_loss":0}],"is_beta":false,"boss_relics":[{"not_picked":["White Beast Statue","Black Star"],"picked":"Snecko Eye"}],"items_purged_floors":[],"is_endless":false,"potions_floor_spawned":[1,6,11,18,25],"killed_by":"Sentry and Sphere","ascension_level":20}