{"gold_per_floor":[115,59,59,59,82,116,116,134,134,134,150,168,203,221,221,221],"floor_reached":16,"playtime":410,"items_purged":[],"score":254,"play_id":"fd2d9bbd-4ff8-45e7-9866-7674beee0bb6","local_time":"20190122195509","is_ascension_mode":true,"campfire_choices":[{"data":"Bouncing Flask","floor":7.0,"key":"SMITH"},{"data":"Calculated Gamble","floor":15,"key":"SMITH"}],"neow_cost":"NONE","seed_source_timestamp":16456432516758,"circlet_count":0,"master_deck":["AscendersBane","Defend_G","Defend_G","Defend_G","Defend_G","Defend_G","Strike_G","Strike_G","Strike_G","Strike_G+1","Survivor","Neutralize+1","Acrobatics","Bouncing Flask+1","Blur","Calculated Gamble+1","Tactician"],"special_seed":0,"relics":["Ring of the Snake","NeowsBlessing","Golden Idol","Dodecahedron","Singing Bowl","Odd Mushroom"],"potions_floor_usage":[16,16],"damage_taken":[{"damage":0.0,"enemies":"Small Slimes","floor":1.0,"turns":1.0},{"damage":0.0,"enemies":"2 Louse","floor":5.0,"turns":1.0},{"damage":0.0,"enemies":"Gremlin Nob","floor":6.0,"turns":1.0},{"damage":1.0,"enemies":"Cultist","floor":8.0,"turns":4.0},{"damage":7,"enemies":"3 Louse","floor":11,"turns":5},{"damage":1,"enemies":"Exordium Wildlife","floor":12,"turns":3},{"damage":22,"enemies":"The Mushroom Lair","floor":13,"turns":6},{"damage":0,"enemies":"Blue Slaver","floor":14,"turns":8},{"damage":14,"enemies":"Slime Boss","floor":16,"turns":5}],"seed_played":"187135260757492888","potions_obtained":[{"floor":5.0,"key":"Poison Potion"},{"floor":12,"key":"GamblersBrew"},{"floor":14,"key":"Fire Potion"}],"is_trial":false,"path_per_floor":["?","?","?","M","?"],"character_chosen":"THE_SILENT","items_purchased":["Acrobatics"],"campfire_rested":0,"item_purchase_floors":[2],"current_hp_per_floor":[59,59,39,39,39,39,39,38,38,38,31,32,10,12,12,0],"gold":221,"neow_bonus":"THREE_ENEMY_KILL","is_prod":false,"is_daily":false,"chose_seed":false,"campfire_upgraded":2,"win_rate":0,"timestamp":1548158109,"path_taken":["M","$","?","?","M","E","R","M","T","?","M","?","?","M","R","BOSS"],"build_version":"2019-01-20","purchased_purges":0,"victory":false,"max_hp_per_floor":[66,66,66,60,60,60,60,60,60,60,60,62,62,64,64,64],"card_choices":[{"not_picked":["Slice","Prepared","Outmaneuver"],"picked":"SKIP","floor":1.0},{"not_picked":["Underhanded Strike","PiercingWail","Deflect"],"picked":"SKIP","floor":5.0},{"not_picked":["Choke","Skewer"],"picked":"Bouncing Flask","floor":6.0},{"not_picked":["Noxious Fumes","Quick Slash","Caltrops"],"picked":"SKIP","floor":8.0},{"not_picked":["Accuracy","Outmaneuver"],"picked":"Calculated Gamble","floor":11},{"not_picked":["Backflip","Masterful Stab","Deadly Poison"],"picked":"Singing Bowl","floor":12},{"not_picked":["Storm of Steel","PiercingWail"],"picked":"Tactician","floor":13},{"not_picked":["Slice","Calculated Gamble","Flying Knee"],"picked":"Singing Bowl","floor":14}],"player_experience":1315868,"relics_obtained":[{"floor":6.0,"key":"Dodecahedron"},{"floor":9.0,"key":"Singing Bowl"},{"floor":13,"key":"Odd Mushroom"}],"event_choices":[{"damage_healed":0.0,"max_hp_gain":0.0,"max_hp_loss":0.0,"gold_gain":0.0,"event_name":"Shining Light","player_choice":"Entered Light","floor":3.0,"gold_loss":0.0,"damage_taken":20.0,"cards_upgraded":["Strike_G","Neutralize"]},{"damage_healed":0.0,"max_hp_gain":0.0,"max_hp_loss":6.0,"gold_gain":0.0,"event_name":"Golden Idol","player_choice":"Lose Max HP","floor":4.0,"gold_loss":0.0,"damage_taken":0.0,"relics_obtained":["Golden Idol"]},{"damage_healed":0,"gold_gain":0,"cards_transformed":["Strike_G"],"player_choice":"Transformed","damage_taken":0,"max_hp_gain":0,"max_hp_loss":0,"event_name":"Transmorgrifier","floor":10,"gold_loss":0,"cards_obtained":["Blur"]},{"damage_healed":0,"gold_gain":0,"player_choice":"Fought Mushrooms","damage_taken":0,"max_hp_gain":0,"max_hp_loss":0,"event_name":"Mushrooms","floor":13,"gold_loss":0}],"is_beta":true,"boss_relics":[],"items_purged_floors":[],"is_endless":false,"potions_floor_spawned":[5,12,14],"killed_by":"Slime Boss","ascension_level":20}