{"gold_per_floor":[118,43,54,19,37,64,78,78,78,78,78,78,91,117,117,194,194,209,226,59,59,59,59,72,72,72,90,120,120,220,270,270,347,347,364,98,98,55,55,55,55,70,94,126,138,158,168,168],"floor_reached":48,"playtime":1963,"items_purged":["Strike_B","Strike_B+1"],"score":1176,"play_id":"5ff9c800-430a-49ad-a23c-1e4d605c6faf","local_time":"20190426201642","is_ascension_mode":true,"campfire_choices":[{"data":"Defragment","floor":8.0,"key":"SMITH"},{"data":"Biased Cognition","floor":10.0,"key":"SMITH"},{"data":"Zap","floor":15.0,"key":"SMITH"},{"data":"Hologram","floor":23.0,"key":"SMITH"},{"floor":25.0,"key":"REST"},{"floor":29.0,"key":"REST"},{"data":"Defend_B","floor":32.0,"key":"PURGE"},{"data":"Defend_B","floor":40.0,"key":"PURGE"}],"neow_cost":"CURSE","seed_source_timestamp":0,"circlet_count":0,"master_deck":["AscendersBane","Defend_B","Defend_B","Zap+1","Dualcast","Clumsy","Biased Cognition+1","Turbo","Cold Snap","Defragment+1","Undo","Chill","Echo Form","Hologram+1","Pain","Coolheaded","Capacitor","Reboot","Redo+1","Glacier","Purity","Go for the Eyes"],"special_seed":0,"relics":["Cracked Core","Whetstone","Cables","Bottled Lightning","Busted Crown","Lantern","WarpedTongs","Mummified Hand","Blue Candle","Peace Pipe","Symbiotic Virus","Runic Pyramid","Anchor","Bag of Preparation"],"potions_floor_usage":[],"damage_taken":[{"damage":6.0,"enemies":"2 Louse","floor":1.0,"turns":2.0},{"damage":4.0,"enemies":"Jaw Worm","floor":3.0,"turns":4.0},{"damage":0.0,"enemies":"Cultist","floor":5.0,"turns":2.0},{"damage":29.0,"enemies":"3 Sentries","floor":6.0,"turns":8.0},{"damage":2.0,"enemies":"Looter","floor":7.0,"turns":4.0},{"damage":0.0,"enemies":"Large Slime","floor":13.0,"turns":4.0},{"damage":3.0,"enemies":"Lagavulin","floor":14.0,"turns":5.0},{"damage":33.0,"enemies":"Slime Boss","floor":16.0,"turns":10.0},{"damage":1.0,"enemies":"Spheric Guardian","floor":18.0,"turns":4.0},{"damage":7.0,"enemies":"3 Byrds","floor":19.0,"turns":5.0},{"damage":14.0,"enemies":"Centurion and Healer","floor":24.0,"turns":8.0},{"damage":5.0,"enemies":"Snake Plant","floor":27.0,"turns":4.0},{"damage":21.0,"enemies":"Slavers","floor":28.0,"turns":8.0},{"damage":0.0,"enemies":"Colosseum Slavers","floor":30.0,"turns":4.0},{"damage":24.0,"enemies":"Colosseum Nobs","floor":30.0,"turns":6.0},{"damage":3.0,"enemies":"Automaton","floor":33.0,"turns":8.0},{"damage":1.0,"enemies":"Orb Walker","floor":35.0,"turns":3.0},{"damage":1.0,"enemies":"3 Shapes","floor":42.0,"turns":3.0},{"damage":1.0,"enemies":"Nemesis","floor":44.0,"turns":7.0},{"damage":2.0,"enemies":"Jaw Worm Horde","floor":45.0,"turns":7.0},{"damage":1.0,"enemies":"Writhing Mass","floor":46.0,"turns":5.0},{"damage":1.0,"enemies":"3 Darklings","floor":47.0,"turns":6.0},{"damage":0,"enemies":"Reptomancer","floor":48,"turns":1}],"seed_played":"4789317042161299184","potions_obtained":[{"floor":5.0,"key":"GamblersBrew"},{"floor":6.0,"key":"Dexterity Potion"},{"floor":14.0,"key":"GamblersBrew"},{"floor":16.0,"key":"Ancient Potion"},{"floor":27.0,"key":"Ancient Potion"},{"floor":28.0,"key":"Block Potion"},{"floor":30.0,"key":"Block Potion"}],"is_trial":false,"path_per_floor":["M","$","M","?","M","E","M","R","T","R","$","?","M","E","R","B",null,"M","M","$","?","?","R","M","R","T","M","E","R","?","?","R","B",null,"M","$","?","$","?","R","?","M","T","E","M","M","M","E"],"character_chosen":"DEFECT","items_purchased":["Lantern","Anchor","Glacier"],"campfire_rested":2,"item_purchase_floors":[20,36,38],"current_hp_per_floor":[58,58,54,71,71,42,40,40,40,40,40,40,40,37,37,4,54,53,46,46,46,46,46,32,53,53,48,27,48,24,24,24,21,59,58,58,58,58,48,48,71,70,70,69,67,66,65,65],"gold":168,"neow_bonus":"THREE_RARE_CARDS","is_prod":false,"is_daily":false,"chose_seed":false,"campfire_upgraded":4,"win_rate":0,"timestamp":1556281002,"path_taken":["M","$","M","?","M","E","M","R","T","R","$","?","M","E","R","BOSS","M","M","$","?","?","R","?","R","T","M","E","R","?","?","R","BOSS","M","$","?","$","?","R","?","M","T","E","M","M","M","E"],"build_version":"2019-01-23","purchased_purges":2,"victory":false,"max_hp_per_floor":[71,71,71,71,71,71,71,71,71,71,71,71,71,71,71,71,71,71,71,71,71,71,71,71,71,71,71,71,71,71,71,71,71,71,71,71,71,71,71,71,71,71,71,71,71,71,71,71],"card_choices":[{"not_picked":["Seek","Electrodynamics"],"picked":"Biased Cognition","floor":0.0},{"not_picked":["Leap","Sweeping Beam"],"picked":"Turbo","floor":1.0},{"not_picked":["Conserve Battery","Hello World"],"picked":"Cold Snap","floor":3.0},{"not_picked":["Compile Driver","Auto Shields"],"picked":"Defragment","floor":5.0},{"not_picked":["Consume","Redo"],"picked":"Undo","floor":6.0},{"not_picked":["Aggregate","Steam","Gash"],"picked":"SKIP","floor":7.0},{"not_picked":["Hologram","Storm"],"picked":"Chill","floor":13.0},{"not_picked":["Hello World","Reprogram","Steam"],"picked":"SKIP","floor":14.0},{"not_picked":["Hyperbeam","All For One"],"picked":"Echo Form","floor":16.0},{"not_picked":["Beam Cell"],"picked":"SKIP","floor":18.0},{"not_picked":["Undo"],"picked":"SKIP","floor":19.0},{"not_picked":["Conserve Battery"],"picked":"SKIP","floor":24.0},{"not_picked":[],"picked":"Coolheaded","floor":27.0},{"not_picked":[],"picked":"Capacitor","floor":28.0},{"not_picked":[],"picked":"Reboot","floor":33.0},{"not_picked":[],"picked":"Redo+1","floor":35.0},{"not_picked":[],"picked":"Purity","floor":39.0},{"not_picked":["Leap+1"],"picked":"SKIP","floor":42.0},{"not_picked":["Beam Cell+1"],"picked":"SKIP","floor":44.0},{"not_picked":[],"picked":"Go for the Eyes","floor":45.0},{"not_picked":["Leap+1"],"picked":"SKIP","floor":46.0},{"not_picked":["Leap+1"],"picked":"SKIP","floor":47.0}],"player_experience":4533826,"relics_obtained":[{"floor":6.0,"key":"Whetstone"},{"floor":9.0,"key":"Cables"},{"floor":14.0,"key":"Bottled Lightning"},{"floor":26.0,"key":"Mummified Hand"},{"floor":28.0,"key":"Blue Candle"},{"floor":30.0,"key":"Peace Pipe"},{"floor":30.0,"key":"Symbiotic Virus"},{"floor":44.0,"key":"Bag of Preparation"}],"event_choices":[{"damage_healed":17.0,"max_hp_gain":0.0,"max_hp_loss":0.0,"gold_gain":0.0,"event_name":"The Cleric","player_choice":"Healed","floor":4.0,"gold_loss":35.0,"damage_taken":0.0},{"damage_healed":0.0,"max_hp_gain":0.0,"max_hp_loss":0.0,"gold_gain":0.0,"event_name":"Liars Game","player_choice":"Ignored","floor":12.0,"gold_loss":0.0,"damage_taken":0.0},{"damage_healed":0.0,"max_hp_gain":0.0,"max_hp_loss":0.0,"gold_gain":0.0,"cards_transformed":["Strike_B","Strike_B"],"event_name":"Drug Dealer","player_choice":"Became Test Subject","floor":21.0,"gold_loss":0.0,"damage_taken":0.0,"cards_obtained":["Lockon","Hologram"]},{"damage_healed":0.0,"max_hp_gain":0.0,"max_hp_loss":0.0,"gold_gain":0.0,"event_name":"Accursed Blacksmith","player_choice":"Rummage","floor":22.0,"gold_loss":0.0,"damage_taken":0.0,"relics_obtained":["WarpedTongs"],"cards_obtained":["Pain"]},{"damage_healed":0.0,"max_hp_gain":0.0,"max_hp_loss":0.0,"gold_gain":0.0,"event_name":"Colosseum","player_choice":"Fight","floor":30.0,"gold_loss":0.0,"damage_taken":0.0},{"damage_healed":0.0,"max_hp_gain":0.0,"max_hp_loss":0.0,"gold_gain":0.0,"event_name":"Colosseum","player_choice":"Fought Nobs","floor":30.0,"gold_loss":0.0,"damage_taken":0.0},{"damage_healed":0.0,"max_hp_gain":0.0,"max_hp_loss":0.0,"gold_gain":100.0,"event_name":"The Joust","player_choice":"Bet on Murderer","floor":31.0,"gold_loss":50.0,"damage_taken":0.0},{"damage_healed":0.0,"max_hp_gain":0.0,"max_hp_loss":0.0,"gold_gain":0.0,"event_name":"Tomb of Lord Red Mask","player_choice":"Ignored","floor":37.0,"gold_loss":0.0,"damage_taken":0.0},{"damage_healed":0.0,"max_hp_gain":0.0,"max_hp_loss":0.0,"gold_gain":0.0,"event_name":"SensoryStone","player_choice":"Memory 3","floor":39.0,"gold_loss":0.0,"damage_taken":10.0},{"cards_removed":["Lockon"],"damage_healed":23.0,"max_hp_gain":0.0,"max_hp_loss":0.0,"gold_gain":0.0,"event_name":"Bonfire Elementals","player_choice":"Offered Uncommon","floor":41.0,"gold_loss":0.0,"damage_taken":0.0}],"is_beta":false,"boss_relics":[{"not_picked":["Lizard Tail","Ectoplasm"],"picked":"Busted Crown"},{"not_picked":["FrozenCore","Sozu"],"picked":"Runic Pyramid"}],"items_purged_floors":[2,36],"is_endless":false,"potions_floor_spawned":[5,6,14,16,27,28,30,30,42,46],"killed_by":"Reptomancer","ascension_level":20}