{"gold_per_floor":[118,134,151,226,246,246,272,272,272,272],"floor_reached":10,"playtime":326,"items_purged":[],"score":136,"play_id":"da8bd6a9-9f6e-4a11-9430-9d5ccc2742d9","local_time":"20190408000124","is_ascension_mode":true,"campfire_choices":[{"data":"Deadly Poison","floor":6,"key":"SMITH"},{"data":"Deadly Poison","floor":8,"key":"SMITH"}],"neow_cost":"NONE","seed_source_timestamp":40810008939007,"circlet_count":0,"master_deck":["AscendersBane","Defend_G","Defend_G","Defend_G","Defend_G","Defend_G","Strike_G","Strike_G","Strike_G","Strike_G","Strike_G","Survivor","Neutralize","Deadly Poison+1","Concentrate","Malaise","Deadly Poison+1"],"special_seed":0,"relics":["Eternal Feather","Juzu Bracelet","Sundial"],"potions_floor_usage":[7],"damage_taken":[{"damage":2.0,"enemies":"Small Slimes","floor":1.0,"turns":4.0},{"damage":2.0,"enemies":"Jaw Worm","floor":2.0,"turns":5.0},{"damage":8.0,"enemies":"Cultist","floor":3.0,"turns":6.0},{"damage":13,"enemies":"Exordium Thugs","floor":5,"turns":5},{"damage":19,"enemies":"Gremlin Nob","floor":7,"turns":5},{"damage":23,"enemies":"Large Slime","floor":10,"turns":5}],"seed_played":"7490997618069042431","potions_obtained":[{"floor":2.0,"key":"GhostInAJar"}],"is_trial":false,"path_per_floor":["M","M","M","?","M","R","E","R","T","M"],"character_chosen":"THE_SILENT","items_purchased":[],"campfire_rested":0,"item_purchase_floors":[],"current_hp_per_floor":[57,55,47,36,23,32,13,22,22,0],"gold":272,"neow_bonus":"BOSS_RELIC","is_prod":false,"is_daily":false,"chose_seed":false,"campfire_upgraded":2,"win_rate":0,"timestamp":1554652884,"path_taken":["M","M","M","?","M","R","E","R","T","M"],"build_version":"2019-01-23","purchased_purges":0,"victory":false,"max_hp_per_floor":[66,66,66,66,66,66,66,66,66,66],"card_choices":[{"not_picked":["Bane","Backstab"],"picked":"Deadly Poison","floor":1.0},{"not_picked":["Bane","Eviscerate"],"picked":"Concentrate","floor":2.0},{"not_picked":["Acrobatics","Heel Hook"],"picked":"Malaise","floor":3.0},{"not_picked":["Deflect","Quick Slash","Dodge and Roll"],"picked":"SKIP","floor":5},{"not_picked":["Flying Knee","Choke"],"picked":"Deadly Poison","floor":7}],"player_experience":4141954,"relics_obtained":[{"floor":7,"key":"Juzu Bracelet"},{"floor":9,"key":"Sundial"}],"event_choices":[{"damage_healed":0.0,"max_hp_gain":0.0,"max_hp_loss":0.0,"gold_gain":75.0,"event_name":"World of Goop","player_choice":"Gather Gold","floor":4.0,"gold_loss":0.0,"damage_taken":11.0}],"is_beta":false,"boss_relics":[],"items_purged_floors":[],"is_endless":false,"potions_floor_spawned":[2],"killed_by":"Large Slime","ascension_level":20}