{"gold_per_floor":[109,109,34,134,153,328,352,252,252,264,298,315,315,333,333,333],"floor_reached":16,"playtime":231,"items_purged":["Strike_R","Doubt"],"score":100,"play_id":"9e555cd6-e746-456b-b430-ca7dc6234bac","local_time":"20181008231227","is_ascension_mode":false,"campfire_choices":[{"data":"Heavy Blade","floor":13,"key":"SMITH"},{"data":"Headbutt","floor":15,"key":"SMITH"}],"neow_cost":"NONE","seed_source_timestamp":552451055449001,"circlet_count":0,"master_deck":["Strike_R","Strike_R","Strike_R","Defend_R","Defend_R","Defend_R","Defend_R","Bash","Offering","Headbutt+1","Heavy Blade+1","Thunderclap","Clash"],"special_seed":0,"relics":["Philosopher\u0027s Stone"],"potions_floor_usage":[],"damage_taken":[{"damage":0.0,"enemies":"Small Slimes","floor":1.0,"turns":2.0},{"damage":7.0,"enemies":"2 Louse","floor":5.0,"turns":3.0},{"damage":6.0,"enemies":"Jaw Worm","floor":10.0,"turns":3.0},{"damage":26.0,"enemies":"Lagavulin","floor":11.0,"turns":4.0},{"damage":7,"enemies":"Exordium Thugs","floor":12,"turns":4},{"damage":7,"enemies":"Looter","floor":14,"turns":2},{"damage":0,"enemies":"Hexaghost","floor":16,"turns":1}],"seed_played":"2800963096834277822","potions_obtained":[{"floor":11,"key":"Strength Potion"},{"floor":14,"key":"EssenceOfSteel"}],"is_trial":false,"path_per_floor":["M","?","$","?","M","?","T","$","T","M","E","M","R","M","R"],"character_chosen":"IRONCLAD","items_purchased":[],"campfire_rested":0,"item_purchase_floors":[],"current_hp_per_floor":[80,80,80,80,73,73,73,73,73,67,41,34,34,27,27,27],"gold":333,"neow_bonus":"BOSS_RELIC","is_prod":false,"is_daily":false,"chose_seed":false,"campfire_upgraded":2,"win_rate":0,"timestamp":1539011547,"path_taken":["M","?","$","?","M","?","?","$","T","?","E","M","R","M","R","BOSS"],"build_version":"2018-10-04v2","purchased_purges":2,"victory":false,"max_hp_per_floor":[80,80,80,80,80,80,80,80,80,80,80,80,80,80,80,80],"card_choices":[{"not_picked":["Warcry","Pummel","Clothesline"],"picked":"SKIP","floor":1.0},{"not_picked":["Twin Strike","Reckless Charge"],"picked":"Headbutt","floor":5.0},{"not_picked":["Flame Barrier","Power Through"],"picked":"Heavy Blade","floor":10.0},{"not_picked":["Rupture","Impervious","Sever Soul"],"picked":"SKIP","floor":11},{"not_picked":["Iron Wave","Rupture"],"picked":"Thunderclap","floor":12},{"not_picked":["Headbutt","Iron Wave"],"picked":"Clash","floor":14}],"player_experience":245979,"relics_obtained":[],"event_choices":[{"event_name":"Living Wall","player_choice":"Change","floor":2.0,"damage_taken":0.0},{"event_name":"Golden Shrine","player_choice":"Pray","floor":4.0,"damage_taken":0.0},{"event_name":"Liars Game","player_choice":"agreed","floor":6.0,"damage_taken":0.0}],"is_beta":false,"boss_relics":[],"items_purged_floors":[3,8],"is_endless":false,"potions_floor_spawned":[11,14],"killed_by":"Hexaghost","ascension_level":0}