{"gold_per_floor":[111,129,129,145,165,165,176,176,176,176,191,211,237,251,251,353,353],"floor_reached":17,"playtime":438,"items_purged":[],"score":161,"play_id":"3c8a3162-1a13-41b3-8620-12db2de792f2","local_time":"20181008232304","is_ascension_mode":false,"campfire_choices":[{"data":"Armaments","floor":6,"key":"SMITH"},{"data":"Headbutt","floor":10,"key":"SMITH"},{"data":"Flex","floor":15,"key":"SMITH"}],"neow_cost":"NONE","seed_source_timestamp":552870532530146,"circlet_count":0,"master_deck":["Strike_R","Strike_R","Strike_R","Strike_R","Strike_R","Defend_R","Defend_R","Defend_R","Defend_R","Bash+1","Headbutt+1","Shrug It Off","Armaments+1","True Grit","Battle Trance","Flex+1","Heavy Blade","Demon Form"],"special_seed":0,"relics":["Mark of Pain","Bag of Preparation"],"potions_floor_usage":[16],"damage_taken":[{"damage":5,"enemies":"Jaw Worm","floor":1,"turns":4},{"damage":5,"enemies":"2 Louse","floor":2,"turns":3},{"damage":0,"enemies":"Cultist","floor":4,"turns":2},{"damage":3,"enemies":"Large Slime","floor":5,"turns":6},{"damage":12,"enemies":"Exordium Thugs","floor":7,"turns":5},{"damage":0,"enemies":"Red Slaver","floor":11,"turns":3},{"damage":0,"enemies":"2 Fungi Beasts","floor":12,"turns":4},{"damage":14,"enemies":"Gremlin Nob","floor":13,"turns":4},{"damage":0,"enemies":"Looter","floor":14,"turns":2},{"damage":20,"enemies":"Hexaghost","floor":16,"turns":7}],"seed_played":"-3698806440869083951","potions_obtained":[{"floor":2,"key":"EssenceOfSteel"},{"floor":4,"key":"Strength Potion"},{"floor":14,"key":"Explosive Potion"}],"is_trial":false,"path_per_floor":["M","M","?","M","M","R","M","?","T","R","M","M","E","M","R","B"],"character_chosen":"IRONCLAD","items_purchased":[],"campfire_rested":0,"item_purchase_floors":[],"current_hp_per_floor":[75,70,75,75,72,72,60,60,60,60,60,60,46,46,46,26,26],"gold":353,"neow_bonus":"BOSS_RELIC","is_prod":false,"is_daily":false,"chose_seed":false,"campfire_upgraded":3,"win_rate":0,"timestamp":1539012184,"path_taken":["M","M","?","M","M","R","M","?","T","R","M","?","E","?","R","BOSS"],"build_version":"2018-10-04v2","purchased_purges":0,"victory":false,"max_hp_per_floor":[80,80,85,85,85,85,85,85,85,85,85,85,85,85,85,85,85],"card_choices":[{"not_picked":["Anger","Pommel Strike"],"picked":"Headbutt","floor":1},{"not_picked":["Blood for Blood","Warcry"],"picked":"Shrug It Off","floor":2},{"not_picked":["Heavy Blade","Intimidate"],"picked":"Armaments","floor":4},{"not_picked":["Pommel Strike","Ghostly Armor","Anger"],"picked":"SKIP","floor":5},{"not_picked":["Anger","Rage","Reckless Charge"],"picked":"SKIP","floor":7},{"not_picked":["Entrench","Thunderclap"],"picked":"True Grit","floor":11},{"not_picked":["Fiend Fire","Intimidate"],"picked":"Battle Trance","floor":12},{"not_picked":["Blood for Blood","Cleave"],"picked":"Flex","floor":13},{"not_picked":["Seeing Red","Iron Wave"],"picked":"Heavy Blade","floor":14},{"not_picked":["Bludgeon","Barricade"],"picked":"Demon Form","floor":16}],"player_experience":246230,"relics_obtained":[{"floor":13,"key":"Bag of Preparation"}],"event_choices":[{"event_name":"Big Fish","player_choice":"Donut","floor":3,"damage_taken":0},{"event_name":"Accursed Blacksmith","player_choice":"Forge","floor":8,"damage_taken":0}],"is_beta":false,"boss_relics":[],"items_purged_floors":[],"is_endless":false,"potions_floor_spawned":[2,4,14],"ascension_level":0}