{"gold_per_floor":[115,115,40,55,55,55,65,65,90,90,15,15,28,48,48,125,125,135,153,153,170,170,170,189,189,189,202,214,129,129,149,149,224,224,242,142,160,35,46,46,0,17,17,117,117,142,156,156],"floor_reached":48,"playtime":1914,"items_purged":["Strike_B","Decay","Doom and Gloom+1"],"score":908,"play_id":"32feab4a-e0f3-4cd3-9179-851cec0069f2","local_time":"20190518235659","is_ascension_mode":true,"campfire_choices":[{"data":"Dualcast","floor":6.0,"key":"SMITH"},{"data":"Sunder","floor":8.0,"key":"SMITH"},{"data":"Zap","floor":10.0,"key":"SMITH"},{"data":"Tempest","floor":12.0,"key":"SMITH"},{"data":"Defragment","floor":15.0,"key":"SMITH"},{"data":"Coolheaded","floor":23.0,"key":"SMITH"},{"data":"Recycle","floor":25.0,"key":"SMITH"},{"data":"Coolheaded","floor":30.0,"key":"SMITH"},{"floor":32.0,"key":"REST"},{"data":"Coolheaded","floor":40.0,"key":"SMITH"},{"data":"Turbo","floor":45.0,"key":"SMITH"}],"neow_cost":"NONE","seed_source_timestamp":128573942618736,"circlet_count":0,"master_deck":["AscendersBane","Zap+1","Dualcast+1","Tempest+1","Ball Lightning","Sunder+1","Defragment+1","Rainbow","Multi-Cast","Darkness","Chaos","Coolheaded+1","Echo Form","Recycle+1","Glacier","Coolheaded+1","Hologram","Biased Cognition","Heatsinks+1","Force Field+1","Capacitor","Self Repair","Coolheaded+1","Turbo+1","Loop","Reinforced Body"],"special_seed":0,"relics":["Cracked Core","Pen Nib","Anchor","Pandora\u0027s Box","Art of War","Cables","Astrolabe","Red Mask","Nunchaku","Molten Egg 2"],"potions_floor_usage":[],"damage_taken":[{"damage":1.0,"enemies":"Small Slimes","floor":1.0,"turns":3.0},{"damage":1.0,"enemies":"2 Louse","floor":4.0,"turns":4.0},{"damage":7.0,"enemies":"Jaw Worm","floor":7.0,"turns":2.0},{"damage":0.0,"enemies":"3 Louse","floor":13.0,"turns":2.0},{"damage":0.0,"enemies":"Lots of Slimes","floor":14.0,"turns":3.0},{"damage":31.0,"enemies":"The Guardian","floor":16.0,"turns":9.0},{"damage":0.0,"enemies":"2 Thieves","floor":18.0,"turns":1.0},{"damage":22.0,"enemies":"Shell Parasite","floor":19.0,"turns":4.0},{"damage":25.0,"enemies":"Snake Plant","floor":21.0,"turns":3.0},{"damage":0.0,"enemies":"Snecko","floor":24.0,"turns":2.0},{"damage":4.0,"enemies":"Centurion and Healer","floor":27.0,"turns":3.0},{"damage":0.0,"enemies":"Shelled Parasite and Fungi","floor":28.0,"turns":3.0},{"damage":0.0,"enemies":"Snecko","floor":31.0,"turns":2.0},{"damage":17.0,"enemies":"Collector","floor":33.0,"turns":16.0},{"damage":16.0,"enemies":"3 Darklings","floor":35.0,"turns":4.0},{"damage":0.0,"enemies":"3 Shapes","floor":37.0,"turns":4.0},{"damage":16.0,"enemies":"Transient","floor":39.0,"turns":6.0},{"damage":12.0,"enemies":"Sphere and 2 Shapes","floor":42.0,"turns":4.0},{"damage":8.0,"enemies":"Mind Bloom Boss Battle","floor":44.0,"turns":8.0},{"damage":11.0,"enemies":"Nemesis","floor":46.0,"turns":9.0},{"damage":0.0,"enemies":"Maw","floor":47.0,"turns":5.0},{"damage":66,"enemies":"Reptomancer","floor":48,"turns":3}],"seed_played":"1927964019927853105","potions_obtained":[{"floor":4.0,"key":"Fire Potion"},{"floor":18.0,"key":"PowerPotion"},{"floor":24.0,"key":"Weak Potion"},{"floor":31.0,"key":"AttackPotion"},{"floor":37.0,"key":"Swift Potion"},{"floor":42.0,"key":"Strength Potion"}],"is_trial":false,"path_per_floor":["M","?","?","M","$","R","M","R","T","R","$","R","M","M","R","B",null,"M","M","?","M","?","R","M","R","T","M","M","?","R","M","R","B",null,"M","$","M","$","M","R","?","M","T","?","R","E","M","E"],"character_chosen":"DEFECT","items_purchased":[],"campfire_rested":1,"item_purchase_floors":[],"current_hp_per_floor":[70,52,52,51,51,51,44,44,44,44,44,44,44,44,44,13,62,62,40,40,15,15,15,15,15,15,11,11,11,11,11,34,17,63,47,47,47,47,45,45,45,40,40,46,46,49,63,0],"gold":156,"neow_bonus":"TEN_PERCENT_HP_BONUS","is_prod":false,"is_daily":false,"chose_seed":false,"campfire_upgraded":10,"win_rate":0,"timestamp":1558195019,"path_taken":["M","?","?","M","?","R","M","R","T","R","$","R","M","M","R","BOSS","M","M","?","?","?","R","M","R","T","M","M","?","R","M","R","BOSS","M","$","M","$","M","R","?","M","T","?","R","E","M","E"],"build_version":"2019-01-23","purchased_purges":3,"victory":false,"max_hp_per_floor":[78,78,78,78,78,78,78,78,78,78,78,78,78,78,78,78,78,78,78,78,78,78,78,78,78,78,78,78,78,78,78,78,78,78,78,78,78,78,78,78,78,78,78,78,78,78,78,78],"card_choices":[{"not_picked":["Go for the Eyes","Steam"],"picked":"Tempest","floor":1.0},{"not_picked":["Rebound","Steam"],"picked":"Ball Lightning","floor":4.0},{"not_picked":["Rebound","Gash"],"picked":"Sunder","floor":7.0},{"not_picked":["Force Field","Sunder","Static Discharge"],"picked":"SKIP","floor":13.0},{"not_picked":["Compile Driver","Conserve Battery"],"picked":"Defragment","floor":14.0},{"not_picked":["Machine Learning","Echo Form"],"picked":"Rainbow","floor":16.0},{"not_picked":["Chaos","Lockon"],"picked":"Coolheaded","floor":18.0},{"not_picked":["Compile Driver","Steam+1","FTL"],"picked":"SKIP","floor":19.0},{"not_picked":["Hologram","Coolheaded"],"picked":"Recycle","floor":21.0},{"not_picked":["Conserve Battery+1","Static Discharge","Stack+1"],"picked":"SKIP","floor":24.0},{"not_picked":["Conserve Battery","Rebound"],"picked":"Glacier","floor":27.0},{"not_picked":["Beam Cell","Ball Lightning"],"picked":"Coolheaded","floor":28.0},{"not_picked":["Ball Lightning","Sweeping Beam"],"picked":"Hologram","floor":31.0},{"not_picked":["All For One","Amplify"],"picked":"Biased Cognition","floor":33.0},{"not_picked":["Scrape","Ball Lightning"],"picked":"Capacitor","floor":35.0},{"not_picked":["Conserve Battery+1","Barrage"],"picked":"Self Repair","floor":37.0},{"not_picked":["Steam Power+1","Hello World"],"picked":"Coolheaded","floor":39.0},{"not_picked":["Rebound","Conserve Battery+1"],"picked":"Turbo","floor":42.0},{"not_picked":["Streamline","Steam+1"],"picked":"Loop","floor":44.0},{"not_picked":["Sweeping Beam","Steam+1","Multi-Cast"],"picked":"SKIP","floor":46.0},{"not_picked":["Hologram","Beam Cell+1"],"picked":"Reinforced Body","floor":47.0}],"player_experience":4806247,"relics_obtained":[{"floor":9.0,"key":"Anchor"},{"floor":26.0,"key":"Art of War"},{"floor":44.0,"key":"Nunchaku"},{"floor":46.0,"key":"Molten Egg 2"}],"event_choices":[{"damage_healed":0.0,"max_hp_gain":0.0,"max_hp_loss":0.0,"gold_gain":0.0,"event_name":"Scrap Ooze","player_choice":"Success","floor":2.0,"gold_loss":0.0,"damage_taken":18.0,"relics_obtained":["Pen Nib"]},{"cards_removed":["Strike_B"],"damage_healed":0.0,"max_hp_gain":0.0,"max_hp_loss":0.0,"gold_gain":0.0,"event_name":"The Cleric","player_choice":"Card Removal","floor":3.0,"gold_loss":75.0,"damage_taken":0.0},{"damage_healed":0.0,"max_hp_gain":0.0,"max_hp_loss":0.0,"gold_gain":0.0,"event_name":"Match and Keep!","player_choice":"1 cards matched","floor":20.0,"gold_loss":0.0,"damage_taken":0.0,"cards_obtained":["Echo Form"]},{"damage_healed":0.0,"max_hp_gain":0.0,"max_hp_loss":0.0,"gold_gain":0.0,"event_name":"Forgotten Altar","player_choice":"Smashed Altar","floor":22.0,"gold_loss":0.0,"damage_taken":0.0,"cards_obtained":["Decay"]},{"damage_healed":0.0,"max_hp_gain":0.0,"max_hp_loss":0.0,"gold_gain":0.0,"event_name":"Addict","player_choice":"Obtained Relic","floor":29.0,"gold_loss":85.0,"damage_taken":0.0,"relics_obtained":["Cables"]},{"damage_healed":0.0,"max_hp_gain":0.0,"max_hp_loss":0.0,"gold_gain":0.0,"event_name":"Tomb of Lord Red Mask","player_choice":"Paid","floor":41.0,"gold_loss":46.0,"damage_taken":0.0,"relics_obtained":["Red Mask"]},{"damage_healed":0.0,"max_hp_gain":0.0,"max_hp_loss":0.0,"gold_gain":0.0,"event_name":"MindBloom","player_choice":"Fight","floor":44.0,"gold_loss":0.0,"damage_taken":0.0}],"is_beta":false,"boss_relics":[{"not_picked":["Snecko Eye","Busted Crown"],"picked":"Pandora\u0027s Box"},{"not_picked":["Cursed Key","Eternal Feather"],"picked":"Astrolabe"}],"items_purged_floors":[11,36,38],"is_endless":false,"potions_floor_spawned":[4,18,19,24,31,37,42],"killed_by":"Reptomancer","ascension_level":20}