{"gold_per_floor":[115,115,23,34,47,47,72,72,96,96,96,107,8,8,8,85,85,105,105,30,44,44,44,71,71,95,123,23,40,40,75,75,149,149,168,67,67,79,95,95,95,95,95,115,132,132,161,181,181,181,181,181,181,2,28,28],"floor_reached":57,"playtime":4006,"items_purged":["Strike_B+1","Shame","Defend_B+1"],"score":3272,"play_id":"46184379-9a3f-4cc1-96b6-4d722ad8ca77","local_time":"20190414083204","is_ascension_mode":true,"campfire_choices":[{"data":"Discovery","floor":6.0,"key":"SMITH"},{"data":"Darkness","floor":8.0,"key":"SMITH"},{"data":"Turbo","floor":10.0,"key":"SMITH"},{"data":"Defragment","floor":15.0,"key":"SMITH"},{"data":"Biased Cognition","floor":23.0,"key":"SMITH"},{"data":"Impatience","floor":30.0,"key":"SMITH"},{"data":"Dualcast","floor":32.0,"key":"SMITH"},{"data":"Impatience","floor":40.0,"key":"SMITH"},{"data":"Impatience","floor":46.0,"key":"SMITH"},{"floor":49.0,"key":"RECALL"},{"data":"Magnetism","floor":53,"key":"SMITH"}],"neow_cost":"CURSE","seed_source_timestamp":70654775234476,"circlet_count":0,"master_deck":["AscendersBane","Defend_B+1","Defend_B+1","Zap+1","Dualcast+1","Impatience+1","Enlightenment+1","Clumsy","Undo+1","Discovery+1","Turbo+1","Darkness+1","Chill+1","Defragment+1","Cold Snap+1","Biased Cognition+1","Self Repair+1","Seek+1","Echo Form+1","White Noise+1","Reboot+1","Impatience+1","Heatsinks+1","Fission+1","Turbo+1","Recycle+1","Impatience+1","Magnetism+1","PanicButton"],"special_seed":0,"relics":["Cracked Core","Ancient Tea Set","Whetstone","Singing Bowl","Runic Pyramid","Art of War","Turnip","Gambling Chip","Pen Nib","Bronze Scales","Kunai","Inserter","Mark of the Bloom","DataDisk","Mercury Hourglass"],"potions_floor_usage":[56,56],"damage_taken":[{"damage":10.0,"enemies":"2 Louse","floor":1.0,"turns":2.0},{"damage":4.0,"enemies":"Small Slimes","floor":4.0,"turns":5.0},{"damage":0.0,"enemies":"Cultist","floor":5.0,"turns":4.0},{"damage":7.0,"enemies":"Lagavulin","floor":7.0,"turns":6.0},{"damage":3.0,"enemies":"3 Louse","floor":12.0,"turns":6.0},{"damage":13.0,"enemies":"The Guardian","floor":16.0,"turns":12.0},{"damage":9.0,"enemies":"Chosen","floor":18.0,"turns":5.0},{"damage":16.0,"enemies":"2 Thieves","floor":21.0,"turns":4.0},{"damage":37.0,"enemies":"Slavers","floor":24.0,"turns":6.0},{"damage":0.0,"enemies":"Gremlin Leader","floor":27.0,"turns":6.0},{"damage":0.0,"enemies":"Snecko","floor":29.0,"turns":5.0},{"damage":20.0,"enemies":"Slavers","floor":31.0,"turns":4.0},{"damage":0.0,"enemies":"Champ","floor":33.0,"turns":7.0},{"damage":0.0,"enemies":"3 Shapes","floor":35.0,"turns":6.0},{"damage":0.0,"enemies":"Orb Walker","floor":38.0,"turns":5.0},{"damage":0.0,"enemies":"Maw","floor":39.0,"turns":7.0},{"damage":0.0,"enemies":"3 Darklings","floor":44.0,"turns":2.0},{"damage":0.0,"enemies":"Spire Growth","floor":45.0,"turns":3.0},{"damage":0.0,"enemies":"Giant Head","floor":47.0,"turns":4.0},{"damage":0.0,"enemies":"Transient","floor":48.0,"turns":6.0},{"damage":0.0,"enemies":"Awakened One","floor":50.0,"turns":7.0},{"damage":0,"enemies":"Donu and Deca","floor":51,"turns":3},{"damage":0,"enemies":"Shield and Spear","floor":55,"turns":2},{"damage":52,"enemies":"The Heart","floor":56,"turns":7}],"seed_played":"2421340725927845694","potions_obtained":[{"floor":5.0,"key":"PowerPotion"},{"floor":7.0,"key":"Dexterity Potion"},{"floor":16.0,"key":"Strength Potion"},{"floor":24.0,"key":"AttackPotion"},{"floor":39.0,"key":"SteroidPotion"},{"floor":44.0,"key":"SkillPotion"},{"floor":47.0,"key":"Block Potion"}],"is_trial":false,"path_per_floor":["M","?","$","M","M","R","E","R","T","R","?","M","$","?","R","B",null,"M","T","?","M","?","R","E","?","T","E","$","M","R","E","R","B",null,"M","$","?","M","M","R","?","?","T","M","M","R","E","M","R","B","B",null,"R","$","E","B",null],"character_chosen":"DEFECT","items_purchased":["Discovery","Cold Snap","Impatience","AttackPotion"],"campfire_rested":0,"item_purchase_floors":[3,13,36,54],"current_hp_per_floor":[54,47,47,43,43,43,36,36,36,36,36,33,33,33,33,20,58,51,51,51,44,44,44,16,16,16,25,25,32,32,21,21,28,68,83,83,83,83,83,83,83,73,73,73,73,73,73,73,73,73,73,73,73,73,73,21],"gold":28,"neow_bonus":"RANDOM_COLORLESS_2","is_prod":false,"is_daily":false,"chose_seed":false,"campfire_upgraded":10,"win_rate":0,"timestamp":1555201924,"path_taken":["M","?","$","M","M","R","E","R","T","R","?","M","$","?","R","BOSS","M","?","?","?","?","R","E","?","T","E","?","?","R","E","R","BOSS","M","$","?","?","?","R","?","?","T","M","?","R","E","M","R","BOSS","BOSS","R","$","E","BOSS"],"build_version":"2019-01-23","purchased_purges":3,"victory":true,"max_hp_per_floor":[71,71,71,71,71,71,71,71,71,71,71,71,71,71,71,71,71,73,73,73,75,75,75,77,77,77,79,79,79,79,81,81,81,81,83,83,83,83,83,83,83,83,83,85,87,87,89,91,91,91,91,91,91,91,93,93],"card_choices":[{"not_picked":["Steam Power","Rebound"],"picked":"Undo","floor":1.0},{"not_picked":["Go for the Eyes","Redo"],"picked":"Turbo","floor":4.0},{"not_picked":["Rebound","Force Field"],"picked":"Darkness","floor":5.0},{"not_picked":["Rip and Tear","Streamline","Thunder Strike"],"picked":"SKIP","floor":7.0},{"not_picked":["Fusion","Blizzard"],"picked":"Defragment","floor":12.0},{"not_picked":["Echo Form","Creative AI"],"picked":"Biased Cognition","floor":16.0},{"not_picked":["Cold Snap+1","Tempest","Compile Driver"],"picked":"Singing Bowl","floor":18.0},{"not_picked":["Leap+1","Sunder","Sweeping Beam"],"picked":"Singing Bowl","floor":21.0},{"not_picked":["Ball Lightning","Steam","Conserve Battery"],"picked":"Singing Bowl","floor":24.0},{"not_picked":["Streamline","Thunder Strike","Chill"],"picked":"Singing Bowl","floor":27.0},{"not_picked":["Loop","Leap"],"picked":"White Noise","floor":29.0},{"not_picked":["Gash","Stack+1","Compile Driver"],"picked":"Singing Bowl","floor":31.0},{"not_picked":["Multi-Cast","Machine Learning"],"picked":"Reboot","floor":33.0},{"not_picked":["Barrage","Sweeping Beam","Storm+1"],"picked":"Singing Bowl","floor":35.0},{"not_picked":["Ball Lightning","Hologram"],"picked":"Turbo+1","floor":38.0},{"not_picked":["Heatsinks","Streamline"],"picked":"Recycle","floor":39.0},{"not_picked":["PanicButton","Flash of Steel"],"picked":"Impatience","floor":42.0},{"not_picked":["Bandage Up","Enlightenment"],"picked":"Magnetism","floor":42.0},{"not_picked":["Forethought","Sadistic Nature"],"picked":"PanicButton","floor":42.0},{"not_picked":["Compile Driver","Reprogram","Cold Snap"],"picked":"Singing Bowl","floor":44.0},{"not_picked":["Aggregate","Streamline","Ball Lightning"],"picked":"Singing Bowl","floor":45.0},{"not_picked":["Auto Shields","Sweeping Beam","Ball Lightning"],"picked":"Singing Bowl","floor":47.0},{"not_picked":["Recycle","Ball Lightning","Compile Driver"],"picked":"Singing Bowl","floor":48.0},{"not_picked":["Ball Lightning","Conserve Battery","Doom and Gloom"],"picked":"Singing Bowl","floor":55}],"player_experience":4274774,"relics_obtained":[{"floor":7.0,"key":"Ancient Tea Set"},{"floor":9.0,"key":"Whetstone"},{"floor":19.0,"key":"Art of War"},{"floor":24.0,"key":"Gambling Chip"},{"floor":26.0,"key":"Pen Nib"},{"floor":27.0,"key":"Bronze Scales"},{"floor":31.0,"key":"Kunai"},{"floor":47.0,"key":"DataDisk"},{"floor":55,"key":"Mercury Hourglass"}],"event_choices":[{"cards_removed":["Strike_B"],"damage_healed":0.0,"max_hp_gain":0.0,"max_hp_loss":0.0,"gold_gain":0.0,"event_name":"Golden Wing","player_choice":"Card Removal","floor":2.0,"gold_loss":0.0,"damage_taken":7.0},{"damage_healed":0.0,"max_hp_gain":0.0,"max_hp_loss":0.0,"gold_gain":0.0,"cards_transformed":["Strike_B"],"event_name":"Living Wall","player_choice":"Change","floor":11.0,"gold_loss":0.0,"damage_taken":0.0,"cards_obtained":["Chill"]},{"damage_healed":0.0,"max_hp_gain":0.0,"max_hp_loss":0.0,"gold_gain":0.0,"event_name":"WeMeetAgain","player_choice":"Gave Potion","floor":14.0,"gold_loss":0.0,"damage_taken":0.0,"relics_obtained":["Singing Bowl"]},{"damage_healed":0.0,"max_hp_gain":0.0,"max_hp_loss":0.0,"gold_gain":0.0,"cards_transformed":["Defend_B","Strike_B"],"event_name":"Designer","player_choice":"Transformed Cards","floor":20.0,"gold_loss":75.0,"damage_taken":0.0,"cards_obtained":["Self Repair","Seek"]},{"damage_healed":0.0,"max_hp_gain":0.0,"max_hp_loss":0.0,"gold_gain":0.0,"event_name":"Addict","player_choice":"Stole Relic","floor":22.0,"gold_loss":0.0,"damage_taken":0.0,"relics_obtained":["Turnip"],"cards_obtained":["Shame"]},{"damage_healed":0.0,"max_hp_gain":0.0,"max_hp_loss":0.0,"gold_gain":0.0,"event_name":"The Library","player_choice":"Read","floor":25.0,"gold_loss":0.0,"damage_taken":0.0,"cards_obtained":["Echo Form"]},{"damage_healed":0.0,"max_hp_gain":0.0,"max_hp_loss":0.0,"gold_gain":0.0,"event_name":"Match and Keep!","player_choice":"2 cards matched","floor":37.0,"gold_loss":0.0,"damage_taken":0.0,"cards_obtained":["Heatsinks","Fission"]},{"damage_healed":0.0,"max_hp_gain":0.0,"max_hp_loss":0.0,"gold_gain":0.0,"event_name":"MindBloom","player_choice":"Upgrade","floor":41.0,"gold_loss":0.0,"damage_taken":0.0,"cards_upgraded":["Defend_B","Defend_B","Defend_B","Zap","Enlightenment","Undo","Chill","Cold Snap","Self Repair","Seek","Echo Form","White Noise","Reboot","Heatsinks","Fission","Recycle"],"relics_obtained":["Mark of the Bloom"]},{"damage_healed":0.0,"max_hp_gain":0.0,"max_hp_loss":0.0,"gold_gain":0.0,"event_name":"SensoryStone","player_choice":"Memory 3","floor":42.0,"gold_loss":0.0,"damage_taken":10.0}],"is_beta":false,"boss_relics":[{"not_picked":["Philosopher\u0027s Stone","Snecko Eye"],"picked":"Runic Pyramid"},{"not_picked":["Nuclear Battery","White Beast Statue"],"picked":"Inserter"}],"items_purged_floors":[13,28,54],"is_endless":false,"potions_floor_spawned":[5,7,12,16,21,24,39,44,47],"ascension_level":20}