{"gold_per_floor":[117,136,136,156,81,81,96,127,127,52,52,71,71,71,71,144,144,159,172,172,222,232,232,282,302,302,302,313,213,213,213,213,289,289,307,307],"floor_reached":36,"playtime":1435,"items_purged":["Strike_G","Defend_G"],"score":774,"play_id":"7d63f774-f500-4f35-80ac-21a0933e396e","local_time":"20190226090840","is_ascension_mode":true,"campfire_choices":[{"data":"Neutralize","floor":6.0,"key":"SMITH"},{"data":"Footwork","floor":13.0,"key":"SMITH"},{"data":"Burst","floor":15.0,"key":"SMITH"},{"data":"Setup","floor":23.0,"key":"SMITH"},{"data":"Tactician","floor":27.0,"key":"SMITH"},{"data":"Dash","floor":30.0,"key":"SMITH"},{"data":"Survivor","floor":32.0,"key":"SMITH"}],"neow_cost":"NONE","seed_source_timestamp":1017137185045,"circlet_count":0,"master_deck":["AscendersBane","Defend_G","Defend_G","Survivor+1","Neutralize+1","Night Terror+1","Heel Hook+1","Leg Sweep+1","Dash+1","Footwork+1","Burst+1","Heel Hook","Night Terror","Setup+1","Tactician+1","Clumsy","Night Terror"],"special_seed":0,"relics":["Astrolabe","Vajra","Ornamental Fan","Pantograph","Cursed Key","Enchiridion","Snecko Eye"],"potions_floor_usage":[],"damage_taken":[{"damage":1.0,"enemies":"2 Louse","floor":1.0,"turns":4.0},{"damage":0.0,"enemies":"Cultist","floor":2.0,"turns":5.0},{"damage":0.0,"enemies":"Small Slimes","floor":4.0,"turns":4.0},{"damage":2.0,"enemies":"2 Fungi Beasts","floor":7.0,"turns":5.0},{"damage":24.0,"enemies":"Gremlin Nob","floor":8.0,"turns":8.0},{"damage":12.0,"enemies":"Exordium Thugs","floor":12.0,"turns":3.0},{"damage":34.0,"enemies":"Hexaghost","floor":16.0,"turns":15.0},{"damage":0.0,"enemies":"Shell Parasite","floor":18.0,"turns":6.0},{"damage":3.0,"enemies":"2 Thieves","floor":19.0,"turns":5.0},{"damage":11.0,"enemies":"3 Cultists","floor":22.0,"turns":8.0},{"damage":0.0,"enemies":"Snake Plant","floor":25.0,"turns":6.0},{"damage":0.0,"enemies":"Centurion and Healer","floor":28.0,"turns":6.0},{"damage":20.0,"enemies":"Collector","floor":33.0,"turns":7.0},{"damage":3,"enemies":"Orb Walker","floor":35,"turns":3},{"damage":0,"enemies":"3 Shapes","floor":36,"turns":1}],"seed_played":"-7686177879760850043","potions_obtained":[{"floor":1.0,"key":"Weak Potion"},{"floor":2.0,"key":"GamblersBrew"},{"floor":16.0,"key":"Weak Potion"},{"floor":25.0,"key":"Swift Potion"},{"floor":28.0,"key":"PowerPotion"}],"is_trial":false,"path_per_floor":["M","M","?","M","?","R","M","E","T","$","?","M","R","?","R","B",null,"M","M","?","?","M","R","?","M","T","R","M","$","R","?","R","B",null,"M","M"],"character_chosen":"THE_SILENT","items_purchased":[],"campfire_rested":0,"item_purchase_floors":[],"current_hp_per_floor":[58,58,58,58,58,58,56,32,32,32,25,13,13,13,13,4,51,51,48,27,27,16,16,16,16,16,16,16,16,16,16,16,21,55,52,52],"gold":307,"neow_bonus":"BOSS_RELIC","is_prod":false,"is_daily":false,"chose_seed":false,"campfire_upgraded":7,"win_rate":0,"timestamp":1551143320,"path_taken":["M","M","?","?","?","R","M","E","T","$","?","M","R","?","R","BOSS","M","M","?","?","M","R","?","?","T","R","M","$","R","?","R","BOSS","M","M"],"build_version":"2019-01-23","purchased_purges":2,"victory":false,"max_hp_per_floor":[66,66,66,66,66,66,66,66,66,66,66,66,66,66,66,66,66,66,66,66,66,66,66,66,66,66,66,66,66,66,66,66,66,66,66,66],"card_choices":[{"not_picked":["All Out Attack","Slice","Backflip"],"picked":"SKIP","floor":1.0},{"not_picked":["Riddle With Holes","PiercingWail"],"picked":"Dash","floor":2.0},{"not_picked":["Dash","Blade Dance"],"picked":"Footwork","floor":4.0},{"not_picked":["Outmaneuver","Acrobatics","Dagger Spray"],"picked":"SKIP","floor":7.0},{"not_picked":["Terror","Dagger Spray"],"picked":"Burst","floor":8.0},{"not_picked":["Infinite Blades","Dash"],"picked":"Heel Hook","floor":12.0},{"not_picked":["Corpse Explosion","Bullet Time"],"picked":"Night Terror","floor":16.0},{"not_picked":["Setup","Underhanded Strike","Dodge and Roll"],"picked":"SKIP","floor":18.0},{"not_picked":["Underhanded Strike","Dodge and Roll"],"picked":"Setup","floor":18.0},{"not_picked":["Infinite Blades","Cloak And Dagger+1","Slice"],"picked":"SKIP","floor":19.0},{"not_picked":["Cloak And Dagger","PiercingWail","Underhanded Strike"],"picked":"SKIP","floor":22.0},{"not_picked":["Deadly Poison","Underhanded Strike"],"picked":"Tactician","floor":25.0},{"not_picked":["Expertise","Backstab","Poisoned Stab"],"picked":"SKIP","floor":28.0},{"not_picked":["Venomology","Corpse Explosion"],"picked":"Night Terror","floor":33.0},{"not_picked":["Dagger Spray","Slice","Outmaneuver"],"picked":"SKIP","floor":35}],"player_experience":3149564,"relics_obtained":[{"floor":8.0,"key":"Vajra"},{"floor":9.0,"key":"Ornamental Fan"},{"floor":20.0,"key":"Enchiridion"}],"event_choices":[{"cards_removed":["Defend_G"],"damage_healed":0.0,"max_hp_gain":0.0,"max_hp_loss":0.0,"gold_gain":0.0,"event_name":"Bonfire Elementals","player_choice":"Offered Basic","floor":3.0,"gold_loss":0.0,"damage_taken":0.0},{"cards_removed":["Defend_G"],"damage_healed":0.0,"max_hp_gain":0.0,"max_hp_loss":0.0,"gold_gain":0.0,"event_name":"The Cleric","player_choice":"Card Removal","floor":5.0,"gold_loss":75.0,"damage_taken":0.0},{"cards_removed":["Strike_G"],"damage_healed":0.0,"max_hp_gain":0.0,"max_hp_loss":0.0,"gold_gain":0.0,"event_name":"Golden Wing","player_choice":"Card Removal","floor":11.0,"gold_loss":0.0,"damage_taken":7.0},{"damage_healed":0.0,"max_hp_gain":0.0,"max_hp_loss":0.0,"gold_gain":0.0,"event_name":"WeMeetAgain","player_choice":"Gave Potion","floor":14.0,"gold_loss":0.0,"damage_taken":0.0,"relics_obtained":["Pantograph"]},{"damage_healed":0.0,"max_hp_gain":0.0,"max_hp_loss":0.0,"gold_gain":0.0,"event_name":"Cursed Tome","player_choice":"Obtained Book","floor":20.0,"gold_loss":0.0,"damage_taken":21.0},{"damage_healed":0.0,"max_hp_gain":0.0,"max_hp_loss":0.0,"gold_gain":50.0,"event_name":"Nest","player_choice":"Stole From Cult","floor":21.0,"gold_loss":0.0,"damage_taken":0.0},{"damage_healed":0.0,"max_hp_gain":0.0,"max_hp_loss":0.0,"gold_gain":100.0,"event_name":"The Joust","player_choice":"Bet on Murderer","floor":24.0,"gold_loss":50.0,"damage_taken":0.0},{"damage_healed":0.0,"max_hp_gain":0.0,"max_hp_loss":0.0,"gold_gain":0.0,"event_name":"Vampires","player_choice":"Ignored","floor":31.0,"gold_loss":0.0,"damage_taken":0.0}],"is_beta":false,"boss_relics":[{"not_picked":["Fusion Hammer","Velvet Choker"],"picked":"Cursed Key"},{"not_picked":["Eternal Feather","Pandora\u0027s Box"],"picked":"Snecko Eye"}],"items_purged_floors":[10,29],"is_endless":false,"potions_floor_spawned":[1,2,16,25,28],"killed_by":"3 Shapes","ascension_level":20}