{"gold_per_floor":[109,121,46,46,46,46,75,75,75,95,110,166,40,50,50,125,125,84,134,59,79,96,96,96,96],"floor_reached":25,"playtime":810,"items_purged":["Normality","Defend_R"],"score":390,"play_id":"9334935d-367f-455f-b490-ac173c1f30ee","local_time":"20180923161700","is_ascension_mode":true,"campfire_choices":[{"data":"Perfected Strike","floor":6.0,"key":"SMITH"},{"data":"True Grit","floor":15,"key":"SMITH"},{"data":"Juggernaut","floor":23,"key":"SMITH"},{"data":"Intimidate","floor":24,"key":"SMITH"}],"neow_cost":"CURSE","seed_source_timestamp":185912613814234,"circlet_count":0,"master_deck":["Strike_R","Strike_R","Strike_R","Strike_R","Defend_R","Defend_R","Bash","AscendersBane","Intimidate+1","Perfected Strike+1","Power Through","Disarm","Metallicize","True Grit+1","Body Slam+1","Juggernaut+1","Evolve"],"special_seed":0,"relics":["Burning Blood","WingedGreaves","Vajra","Molten Egg 2","Tiny Chest","Runic Dome"],"potions_floor_usage":[12,12,16,22,25],"damage_taken":[{"damage":11.0,"enemies":"Jaw Worm","floor":1.0,"turns":4.0},{"damage":9.0,"enemies":"2 Louse","floor":2.0,"turns":2.0},{"damage":19.0,"enemies":"Gremlin Nob","floor":7.0,"turns":4.0},{"damage":4,"enemies":"Small Slimes","floor":10,"turns":3},{"damage":4,"enemies":"Red Slaver","floor":11,"turns":3},{"damage":11,"enemies":"3 Sentries","floor":12,"turns":6},{"damage":6,"enemies":"3 Louse","floor":14,"turns":3},{"damage":50,"enemies":"Hexaghost","floor":16,"turns":15},{"damage":21,"enemies":"2 Thieves","floor":18,"turns":5},{"damage":15,"enemies":"3 Byrds","floor":21,"turns":5},{"damage":13,"enemies":"Snecko","floor":22,"turns":4},{"damage":41,"enemies":"Gremlin Leader","floor":25,"turns":6}],"seed_played":"5429032877635585","potions_obtained":[{"floor":1.0,"key":"SkillPotion"},{"floor":2.0,"key":"SmokeBomb"},{"floor":7.0,"key":"Energy Potion"},{"floor":12,"key":"PowerPotion"},{"floor":21,"key":"SkillPotion"},{"floor":22,"key":"Strength Potion"}],"is_trial":false,"path_per_floor":["M","M","$","?","?","R","E","?","T","M","M","E","$","M","R","B",null,"M","?","?","M","M","R","R"],"character_chosen":"IRONCLAD","items_purchased":["True Grit"],"campfire_rested":0,"item_purchase_floors":[13],"current_hp_per_floor":[63,60,60,60,65,65,52,52,52,54,56,51,51,51,51,7,62,47,47,47,38,31,31,31,0],"gold":96,"neow_bonus":"ONE_RARE_RELIC","is_prod":false,"is_daily":false,"chose_seed":false,"campfire_upgraded":4,"win_rate":0,"timestamp":1537690620,"path_taken":["M","M","$","?","?","R","E","?","T","M","?","E","?","M","R","BOSS","M","?","?","M","M","R","R","E"],"build_version":"2018-09-20","purchased_purges":2,"victory":false,"max_hp_per_floor":[75,75,75,75,80,80,80,80,80,80,80,80,80,80,80,80,80,80,80,80,80,80,80,80,80],"card_choices":[{"not_picked":["Searing Blow","Clash"],"picked":"Intimidate","floor":1.0},{"not_picked":["Intimidate","Warcry"],"picked":"Perfected Strike","floor":2.0},{"not_picked":["Warcry","Wild Strike","Body Slam"],"picked":"SKIP","floor":7.0},{"not_picked":["Flex","Metallicize"],"picked":"Power Through","floor":10},{"not_picked":["Fire Breathing","Combust"],"picked":"Disarm","floor":11},{"not_picked":["Impervious","Havoc"],"picked":"Metallicize","floor":12},{"not_picked":["Feel No Pain","Hemokinesis+1"],"picked":"Body Slam+1","floor":14},{"not_picked":["Fiend Fire+1","Berserk"],"picked":"Juggernaut","floor":16},{"not_picked":["Pommel Strike+1","Disarm"],"picked":"Evolve","floor":18},{"not_picked":["Rampage+1","True Grit","Wild Strike+1"],"picked":"SKIP","floor":21},{"not_picked":["Warcry","Sentinel","Uppercut+1"],"picked":"SKIP","floor":22}],"player_experience":106387,"relics_obtained":[{"floor":7.0,"key":"Vajra"},{"floor":9,"key":"Molten Egg 2"},{"floor":12,"key":"Tiny Chest"}],"event_choices":[{"event_name":"Liars Game","player_choice":"disagreed","floor":4.0,"damage_taken":0.0},{"event_name":"Big Fish","player_choice":"Donut","floor":5.0,"damage_taken":0.0},{"event_name":"Living Wall","player_choice":"Forget","floor":8,"damage_taken":0},{"event_name":"Nest","player_choice":"Stole From Cult","floor":19,"damage_taken":0},{"event_name":"Beggar","player_choice":"Gave Gold","floor":20,"damage_taken":0}],"is_beta":false,"boss_relics":[{"not_picked":["Black Blood","Black Star"],"picked":"Runic Dome"}],"items_purged_floors":[3,13],"is_endless":false,"potions_floor_spawned":[1,2,7,12,21,22],"killed_by":"Gremlin Leader","ascension_level":17}