{"gold_per_floor":[110,128,128,140,17,27,58,58,81,113,25,25,25,43,43,43],"floor_reached":16,"playtime":393,"items_purged":["Strike_R","Strike_R"],"score":179,"play_id":"f40b7f01-8db4-4fd5-ad61-421a6717ea9e","local_time":"20190220200648","is_ascension_mode":true,"campfire_choices":[{"data":"True Grit","floor":12.0,"key":"SMITH"},{"data":"Rampage","floor":15.0,"key":"SMITH"}],"neow_cost":"NONE","seed_source_timestamp":259836932560849,"circlet_count":0,"master_deck":["AscendersBane","Strike_R","Strike_R","Strike_R","Defend_R","Defend_R","Defend_R","Defend_R","Bash","Burning Pact","Second Wind","Rampage+1","True Grit+1"],"special_seed":0,"relics":["Burning Blood","NeowsBlessing","CultistMask","Ancient Tea Set","MawBank","Golden Idol"],"potions_floor_usage":[16,16],"damage_taken":[{"damage":0.0,"enemies":"Small Slimes","floor":1.0,"turns":1.0},{"damage":0.0,"enemies":"Cultist","floor":2.0,"turns":1.0},{"damage":0.0,"enemies":"Jaw Worm","floor":4.0,"turns":1.0},{"damage":16.0,"enemies":"Large Slime","floor":6.0,"turns":9.0},{"damage":38.0,"enemies":"Gremlin Nob","floor":7.0,"turns":5.0},{"damage":2.0,"enemies":"Looter","floor":10.0,"turns":4.0},{"damage":32.0,"enemies":"Exordium Thugs","floor":14.0,"turns":6.0},{"damage":12,"enemies":"The Guardian","floor":16,"turns":9}],"seed_played":"-7013775133638763457","potions_obtained":[{"floor":2.0,"key":"SpeedPotion"},{"floor":4.0,"key":"Weak Potion"},{"floor":7.0,"key":"Explosive Potion"},{"floor":14.0,"key":"Fire Potion"}],"is_trial":false,"path_per_floor":["M","M","?","M","$","M","E","?","T","M","$","R","?","M","R","B"],"character_chosen":"IRONCLAD","items_purchased":["True Grit"],"campfire_rested":0,"item_purchase_floors":[5],"current_hp_per_floor":[74,75,75,75,75,65,33,33,33,37,37,37,37,11,11,0],"gold":43,"neow_bonus":"THREE_ENEMY_KILL","is_prod":false,"is_daily":false,"chose_seed":false,"campfire_upgraded":2,"win_rate":0,"timestamp":1550664408,"path_taken":["M","M","?","M","$","?","E","?","T","M","$","R","?","M","R","BOSS"],"build_version":"2019-01-23","purchased_purges":2,"victory":false,"max_hp_per_floor":[75,75,75,75,75,75,75,75,75,75,75,75,68,68,68,68],"card_choices":[{"not_picked":["Perfected Strike","Heavy Blade"],"picked":"Burning Pact","floor":1.0},{"not_picked":["Combust","Infernal Blade"],"picked":"Second Wind","floor":2.0},{"not_picked":["Hemokinesis","Anger"],"picked":"Rampage","floor":4.0},{"not_picked":["Reaper","Fire Breathing","Perfected Strike"],"picked":"SKIP","floor":6.0},{"not_picked":["Headbutt","Clothesline","Hemokinesis"],"picked":"SKIP","floor":7.0},{"not_picked":["Warcry","Inflame","True Grit"],"picked":"SKIP","floor":10.0},{"not_picked":["Sword Boomerang","Rage","Rupture"],"picked":"SKIP","floor":14.0}],"player_experience":870628,"relics_obtained":[{"floor":7.0,"key":"Ancient Tea Set"},{"floor":9.0,"key":"MawBank"}],"event_choices":[{"damage_healed":0.0,"max_hp_gain":0.0,"max_hp_loss":0.0,"gold_gain":0.0,"event_name":"FaceTrader","player_choice":"Trade","floor":3.0,"gold_loss":0.0,"damage_taken":0.0,"relics_obtained":["CultistMask"]},{"damage_healed":0.0,"max_hp_gain":0.0,"max_hp_loss":0.0,"gold_gain":0.0,"event_name":"Liars Game","player_choice":"Ignored","floor":8.0,"gold_loss":0.0,"damage_taken":0.0},{"damage_healed":0.0,"max_hp_gain":0.0,"max_hp_loss":7.0,"gold_gain":0.0,"event_name":"Golden Idol","player_choice":"Lose Max HP","floor":13.0,"gold_loss":0.0,"damage_taken":0.0,"relics_obtained":["Golden Idol"]}],"is_beta":false,"boss_relics":[],"items_purged_floors":[5,11],"is_endless":false,"potions_floor_spawned":[2,4,6,7,14],"killed_by":"The Guardian","ascension_level":15}