{"gold_per_floor":[111,111,36,311,328,358,358,205,229,49,49,49,82,26,26,97,97,113,113,113,113,113,113,113,143,143,156,59,59,79,93,93,167,167,180,191,208,9,9],"floor_reached":39,"playtime":1547,"items_purged":["Regret","Strike_G","Strike_G+1"],"score":1006,"play_id":"1e0ebcb9-4f56-4572-825e-5c875b100aa9","local_time":"20181228203310","is_ascension_mode":true,"campfire_choices":[{"data":"Neutralize","floor":7,"key":"SMITH"},{"data":"Cloak And Dagger","floor":11,"key":"SMITH"},{"data":"Backflip","floor":15,"key":"SMITH"},{"floor":23,"key":"REST"},{"floor":29,"key":"DIG"},{"data":"Catalyst","floor":32,"key":"SMITH"}],"neow_cost":"NONE","seed_source_timestamp":6373681619881,"circlet_count":0,"master_deck":["AscendersBane","Defend_G+1","Defend_G+1","Defend_G+1","Defend_G+1","Survivor","Neutralize+1","Backflip+1","Cloak And Dagger+1","Infinite Blades+1","Noxious Fumes+1","Footwork+1","Envenom+1","Accuracy+1","Eviscerate","Envenom+1","Tools of the Trade+1","Purity","Blade Dance+1","Catalyst+1","After Image+1","Accuracy+1","Accuracy+1"],"relics":["Ring of the Snake","NeowsBlessing","Frozen Egg 2","Blood Vial","Tingsha","Runic Pyramid","The Specimen","Shovel","Boot","Philosopher\u0027s Stone"],"potions_floor_usage":[16,37],"damage_taken":[{"damage":0,"enemies":"Jaw Worm","floor":1,"turns":1},{"damage":0,"enemies":"2 Louse","floor":5,"turns":1},{"damage":0,"enemies":"Lagavulin","floor":6,"turns":1},{"damage":26,"enemies":"Gremlin Nob","floor":13,"turns":5},{"damage":17,"enemies":"Slime Boss","floor":16,"turns":12},{"damage":1,"enemies":"3 Byrds","floor":18,"turns":5},{"damage":21,"enemies":"Gremlin Leader","floor":25,"turns":7},{"damage":0,"enemies":"Shell Parasite","floor":27,"turns":7},{"damage":2,"enemies":"3 Cultists","floor":30,"turns":5},{"damage":4,"enemies":"Snecko","floor":31,"turns":4},{"damage":0,"enemies":"Champ","floor":33,"turns":9},{"damage":40,"enemies":"3 Darklings","floor":35,"turns":5},{"damage":0,"enemies":"3 Shapes","floor":36,"turns":6},{"damage":11,"enemies":"Sphere and 2 Shapes","floor":37,"turns":5},{"damage":24,"enemies":"Jaw Worm Horde","floor":39,"turns":2}],"seed_played":"-1170750079085299248","potions_obtained":[{"floor":13,"key":"SpeedPotion"},{"floor":16,"key":"EssenceOfSteel"}],"is_trial":false,"path_per_floor":["M","?","?","?","M","E","R","$","T","$","R","$","E","$","R","B",null,"M","?","?","?","$","R","?","E","T","M","$","R","M","M","R","B",null,"M","M","M","$","M"],"character_chosen":"THE_SILENT","items_purchased":["Noxious Fumes+1","Footwork+1","Fire Potion","Purity","Accuracy+1"],"campfire_rested":1,"item_purchase_floors":[8,10,14,28,38],"current_hp_per_floor":[59,52,52,52,52,52,52,52,52,52,52,52,28,28,28,13,53,54,36,36,36,36,57,57,38,38,40,40,40,40,38,38,40,63,25,27,18,18,0],"gold":9,"neow_bonus":"THREE_ENEMY_KILL","is_prod":false,"is_daily":false,"chose_seed":false,"campfire_upgraded":4,"win_rate":0,"timestamp":1546000390,"path_taken":["M","?","?","?","?","E","R","?","T","$","R","$","E","$","R","BOSS","M","?","?","?","$","R","?","E","T","?","$","R","M","M","R","BOSS","M","M","M","$","M"],"build_version":"2018-12-20","purchased_purges":3,"victory":false,"max_hp_per_floor":[66,66,66,66,66,66,66,66,66,66,66,66,66,66,66,66,66,66,71,71,71,71,71,71,71,71,71,71,71,71,71,71,71,71,71,71,71,71,71],"card_choices":[{"not_picked":["Bane","Poisoned Stab"],"picked":"Backflip","floor":1},{"not_picked":["Blade Dance","Finisher"],"picked":"Cloak And Dagger","floor":5},{"not_picked":["Sucker Punch","Poisoned Stab"],"picked":"Infinite Blades","floor":6},{"not_picked":["Dodge and Roll","Sucker Punch","Storm of Steel"],"picked":"SKIP","floor":13},{"not_picked":["Die Die Die","Storm of Steel"],"picked":"Envenom+1","floor":16},{"not_picked":["Backstab","Deflect"],"picked":"Accuracy+1","floor":18},{"not_picked":["Setup+1","Acrobatics"],"picked":"Tools of the Trade+1","floor":25},{"not_picked":["Dash","Choke","Crippling Poison"],"picked":"SKIP","floor":27},{"not_picked":["Flying Knee","Acrobatics"],"picked":"Blade Dance+1","floor":30},{"not_picked":["Prepared","Flying Knee"],"picked":"Catalyst","floor":31},{"not_picked":["Grand Finale","Unload"],"picked":"After Image+1","floor":33},{"not_picked":["Poisoned Stab","Sucker Punch","Slice+1"],"picked":"SKIP","floor":35},{"not_picked":["Prepared","Slice","Deflect"],"picked":"SKIP","floor":36},{"not_picked":["Poisoned Stab+1","Predator"],"picked":"Accuracy+1","floor":37}],"player_experience":1549465,"relics_obtained":[{"floor":6,"key":"Frozen Egg 2"},{"floor":9,"key":"Blood Vial"},{"floor":13,"key":"Tingsha"},{"floor":25,"key":"The Specimen"},{"floor":26,"key":"Shovel"},{"floor":29,"key":"Boot"}],"event_choices":[{"cards_removed":["Strike_G"],"damage_healed":0,"gold_gain":0,"player_choice":"Card Removal","damage_taken":7,"max_hp_gain":0,"max_hp_loss":0,"event_name":"Golden Wing","floor":2,"gold_loss":0},{"cards_removed":["Defend_G"],"damage_healed":0,"gold_gain":0,"player_choice":"Card Removal","damage_taken":0,"max_hp_gain":0,"max_hp_loss":0,"event_name":"The Cleric","floor":3,"gold_loss":75},{"damage_healed":0,"gold_gain":275,"player_choice":"Desecrate","damage_taken":0,"max_hp_gain":0,"max_hp_loss":0,"event_name":"Golden Shrine","floor":4,"gold_loss":0,"cards_obtained":["Regret"]},{"damage_healed":0,"gold_gain":0,"player_choice":"Shed Blood","damage_taken":23,"max_hp_gain":5,"max_hp_loss":0,"event_name":"Forgotten Altar","floor":19,"gold_loss":0},{"damage_healed":0,"gold_gain":0,"player_choice":"Simplicity","damage_taken":0,"max_hp_gain":0,"max_hp_loss":0,"event_name":"Back to Basics","floor":20,"gold_loss":0,"cards_upgraded":["Defend_G","Defend_G","Defend_G","Defend_G","Strike_G","Strike_G","Strike_G"]},{"damage_healed":0,"gold_gain":0,"cards_transformed":["Strike_G","Strike_G"],"player_choice":"Became Test Subject","damage_taken":0,"max_hp_gain":0,"max_hp_loss":0,"event_name":"Drug Dealer","floor":21,"gold_loss":0,"cards_obtained":["Eviscerate","Envenom"]},{"damage_healed":0,"gold_gain":0,"player_choice":"Ignored","damage_taken":0,"max_hp_gain":0,"max_hp_loss":0,"event_name":"Vampires","floor":24,"gold_loss":0}],"is_beta":false,"boss_relics":[{"not_picked":["Eternal Feather","Black Star"],"picked":"Runic Pyramid"},{"not_picked":["WristBlade","Velvet Choker"],"picked":"Philosopher\u0027s Stone"}],"items_purged_floors":[8,10,38],"is_endless":false,"potions_floor_spawned":[13,16,27,30],"killed_by":"Jaw Worm Horde","ascension_level":20}