{"gold_per_floor":[11,11,30,46,65,65,65,23,48,48,59,59,59,89,89,166,166,177,177,138,26,37,37],"floor_reached":23,"playtime":1119,"items_purged":["Strike_G"],"score":378,"play_id":"83b0d2fd-666f-4be4-a348-b98199ae425a","local_time":"20190106120837","is_ascension_mode":true,"campfire_choices":[{"data":"Deadly Poison","floor":6.0,"key":"SMITH"},{"data":"Footwork","floor":10.0,"key":"SMITH"},{"data":"Survivor","floor":12.0,"key":"SMITH"},{"data":"Venomology","floor":15.0,"key":"SMITH"}],"neow_cost":"NO_GOLD","seed_source_timestamp":1803301743823,"circlet_count":0,"master_deck":["AscendersBane","Defend_G","Defend_G","Defend_G","Defend_G","Strike_G","Survivor+1","Neutralize+1","Heel Hook","Deadly Poison+1","Footwork+1","Venomology+1","After Image","Well Laid Plans","Well Laid Plans","Night Terror"],"special_seed":0,"relics":["Ring of the Snake","Strawberry","Black Star"],"potions_floor_usage":[18,18,22,22,23],"damage_taken":[{"damage":0.0,"enemies":"2 Louse","floor":1.0,"turns":3.0},{"damage":0.0,"enemies":"Cultist","floor":3.0,"turns":4.0},{"damage":1.0,"enemies":"Jaw Worm","floor":4.0,"turns":4.0},{"damage":6.0,"enemies":"Exordium Thugs","floor":5.0,"turns":5.0},{"damage":8.0,"enemies":"3 Louse","floor":11.0,"turns":5.0},{"damage":9.0,"enemies":"Lagavulin","floor":14.0,"turns":8.0},{"damage":34.0,"enemies":"Hexaghost","floor":16.0,"turns":12.0},{"damage":4,"enemies":"3 Byrds","floor":18,"turns":10},{"damage":10,"enemies":"2 Thieves","floor":22,"turns":5},{"damage":37,"enemies":"3 Cultists","floor":23,"turns":5}],"seed_played":"-8557091334341546822","potions_obtained":[{"floor":4.0,"key":"GhostInAJar"},{"floor":5.0,"key":"SmokeBomb"},{"floor":14.0,"key":"Weak Potion"},{"floor":22,"key":"Strength Potion"}],"is_trial":false,"path_per_floor":["M","?","M","M","M","R","$","$","T","R","M","R","?","E","R","B",null,"M","?","$","$","M","M"],"character_chosen":"THE_SILENT","items_purchased":["Footwork","Well Laid Plans","Well Laid Plans"],"campfire_rested":0,"item_purchase_floors":[8,20,21],"current_hp_per_floor":[59,59,59,58,52,52,52,52,52,52,44,44,37,35,35,1,55,51,51,51,51,41,4],"gold":37,"neow_bonus":"REMOVE_TWO","is_prod":false,"is_daily":false,"chose_seed":false,"campfire_upgraded":4,"win_rate":0,"timestamp":1546747717,"path_taken":["M","?","M","M","M","R","$","?","T","R","M","R","?","E","R","BOSS","M","?","?","$","M","M"],"build_version":"2019-01-03v4","purchased_purges":1,"victory":false,"max_hp_per_floor":[66,66,66,66,66,66,66,66,66,66,66,66,66,73,73,73,73,73,73,73,73,73,73],"card_choices":[{"not_picked":["Outmaneuver","Endless Agony"],"picked":"Heel Hook","floor":1.0},{"not_picked":["Flying Knee","Underhanded Strike","Riddle With Holes"],"picked":"SKIP","floor":3.0},{"not_picked":["Sucker Punch","PiercingWail"],"picked":"Deadly Poison","floor":4.0},{"not_picked":["Dagger Throw","Cloak And Dagger","Bane"],"picked":"SKIP","floor":5.0},{"not_picked":["Outmaneuver","Backflip","Sucker Punch"],"picked":"SKIP","floor":11.0},{"not_picked":["Bane","Sucker Punch"],"picked":"Venomology","floor":14.0},{"not_picked":["Night Terror","Grand Finale"],"picked":"After Image","floor":16.0},{"not_picked":["Skewer","Underhanded Strike","Deflect"],"picked":"SKIP","floor":18},{"not_picked":["Flying Knee","Dagger Throw"],"picked":"Night Terror","floor":22}],"player_experience":1768516,"relics_obtained":[{"floor":14.0,"key":"Strawberry"}],"event_choices":[{"damage_healed":0.0,"max_hp_gain":0.0,"max_hp_loss":0.0,"gold_gain":0.0,"event_name":"Accursed Blacksmith","player_choice":"Forge","floor":2.0,"gold_loss":0.0,"damage_taken":0.0,"cards_upgraded":["Neutralize"]},{"cards_removed":["Strike_G"],"damage_healed":0.0,"max_hp_gain":0.0,"max_hp_loss":0.0,"gold_gain":0.0,"event_name":"Golden Wing","player_choice":"Card Removal","floor":13.0,"gold_loss":0.0,"damage_taken":7.0},{"cards_removed":["Strike_G"],"damage_healed":0,"gold_gain":0,"player_choice":"Offered Basic","damage_taken":0,"max_hp_gain":0,"max_hp_loss":0,"event_name":"Bonfire Elementals","floor":19,"gold_loss":0}],"is_beta":false,"boss_relics":[{"not_picked":["Calling Bell","Lizard Tail"],"picked":"Black Star"}],"items_purged_floors":[21],"is_endless":false,"potions_floor_spawned":[4,5,14,22],"killed_by":"3 Cultists","ascension_level":20}