{"gold_per_floor":[111,111,111,36,50,50,83,8,28,45,65,86,86,86,86,163,163,176,176,192,5,5,33,33,70,113,175,186,200,200,215,215,291,291,311,33,54,69,86,86,99,99,99,136,154,154,188,205,205,205,205,205,205,80,108,108],"floor_reached":57,"playtime":4162,"items_purged":["Choke","Poisoned Stab"],"score":3383,"play_id":"e61d2902-b79a-4248-83f3-ec0988b64416","local_time":"20190129212243","is_ascension_mode":true,"campfire_choices":[{"data":"Noxious Fumes","floor":6.0,"key":"SMITH"},{"data":"Well Laid Plans","floor":13.0,"key":"SMITH"},{"data":"Neutralize","floor":15.0,"key":"SMITH"},{"data":"Acrobatics","floor":24.0,"key":"SMITH"},{"data":"Acrobatics","floor":30.0,"key":"SMITH"},{"data":"Purity","floor":32.0,"key":"SMITH"},{"floor":40.0,"key":"REST"},{"floor":49.0,"key":"RECALL"},{"data":"Calculated Gamble","floor":53.0,"key":"SMITH"}],"neow_cost":"NONE","seed_source_timestamp":32052335695178,"circlet_count":0,"master_deck":["AscendersBane","Survivor","Neutralize+1","Malaise+1","Backstab","Noxious Fumes+1","Escape Plan","Malaise","Backflip","Backflip","Grand Finale+1","Purity+1","Acrobatics+1","Grand Finale","Acrobatics+1","Night Terror","Backflip","Concentrate","Eviscerate","Night Terror","Expertise","Heel Hook","Poisoned Stab","Calculated Gamble+1","Grand Finale","Wraith Form v2+1","Prepared+1","Terror"],"special_seed":0,"relics":["Ring of the Snake","AscMod:CursedBank","AscMod:StarOfAscension","Golden Idol","Omamori","Anchor","Runic Pyramid","PreservedInsect","Tiny Chest","Pandora\u0027s Box","Question Card","Bottled Tornado","Blood Vial","Paper Crane"],"potions_floor_usage":[56],"damage_taken":[{"damage":2.0,"enemies":"Jaw Worm","floor":1.0,"turns":6.0},{"damage":0.0,"enemies":"2 Louse","floor":5.0,"turns":2.0},{"damage":20.0,"enemies":"3 Sentries","floor":7.0,"turns":9.0},{"damage":0.0,"enemies":"Cultist","floor":10.0,"turns":4.0},{"damage":0.0,"enemies":"Exordium Wildlife","floor":11.0,"turns":4.0},{"damage":0.0,"enemies":"Lots of Slimes","floor":12.0,"turns":5.0},{"damage":28.0,"enemies":"Slime Boss","floor":16.0,"turns":14.0},{"damage":0.0,"enemies":"theJungle:MUSHROOMGANG","floor":18.0,"turns":3.0},{"damage":3.0,"enemies":"Shell Parasite","floor":20.0,"turns":5.0},{"damage":0.0,"enemies":"theJungle:MamaSnecko","floor":23.0,"turns":4.0},{"damage":0.0,"enemies":"theJungle:2_Phrogs","floor":25.0,"turns":3.0},{"damage":0.0,"enemies":"theJungle:MamaSnecko","floor":27.0,"turns":3.0},{"damage":8.0,"enemies":"theJungle:2_Flameangoes","floor":28.0,"turns":3.0},{"damage":13.0,"enemies":"theJungle:JungleHuntersEncounter","floor":29.0,"turns":3.0},{"damage":5.0,"enemies":"theJungle:Snecko_Cultist_And_Trap","floor":31.0,"turns":3.0},{"damage":0.0,"enemies":"theJungle:FunGuy","floor":33.0,"turns":5.0},{"damage":0.0,"enemies":"3 Darklings","floor":35.0,"turns":2.0},{"damage":9.0,"enemies":"3 Shapes","floor":37.0,"turns":2.0},{"damage":0.0,"enemies":"Transient","floor":38.0,"turns":6.0},{"damage":5.0,"enemies":"4 Shapes","floor":39.0,"turns":3.0},{"damage":6.0,"enemies":"3 Darklings","floor":41.0,"turns":2.0},{"damage":0.0,"enemies":"Giant Head","floor":44.0,"turns":3.0},{"damage":1.0,"enemies":"Maw","floor":45.0,"turns":5.0},{"damage":2.0,"enemies":"Nemesis","floor":47.0,"turns":5.0},{"damage":2.0,"enemies":"Sphere and 2 Shapes","floor":48.0,"turns":3.0},{"damage":2.0,"enemies":"Donu and Deca","floor":50.0,"turns":4.0},{"damage":25.0,"enemies":"Time Eater","floor":51.0,"turns":12.0},{"damage":0.0,"enemies":"Shield and Spear","floor":55.0,"turns":3.0},{"damage":45,"enemies":"The Heart","floor":56,"turns":7}],"seed_played":"7677578515033880183","potions_obtained":[{"floor":1.0,"key":"GamblersBrew"},{"floor":11.0,"key":"Strength Potion"},{"floor":12.0,"key":"GhostInAJar"},{"floor":18.0,"key":"Fruit Juice"},{"floor":23.0,"key":"PowerPotion"},{"floor":47.0,"key":"SmokeBomb"}],"is_trial":false,"path_per_floor":["M","?","?","$","M","R","E","$","T","M","M","M","R","?","R","B",null,"M","?","M","$","?","E","R","E","T","E","M","M","R","M","R","B",null,"M","$","M","M","M","R","M","?","T","E","M","?","E","M","R","B","B",null,"R","$","E","B",null],"character_chosen":"THE_SILENT","items_purchased":["Noxious Fumes","Malaise","Purity","GhostInAJar","Grand Finale"],"campfire_rested":1,"item_purchase_floors":[4,8,21,21,36],"current_hp_per_floor":[57,57,39,39,39,39,19,19,19,19,19,19,19,35,35,7,39,39,39,40,40,40,40,40,40,40,40,32,19,19,14,14,14,44,44,44,35,35,30,45,39,39,39,39,38,38,36,36,36,36,13,44,44,44,46,3],"gold":108,"neow_bonus":"TRANSFORM_CARD","is_prod":false,"is_daily":false,"chose_seed":false,"campfire_upgraded":7,"win_rate":0,"timestamp":1548768163,"path_taken":["M","?","?","$","M","R","E","$","T","M","M","M","R","?","R","BOSS","M","?","?","$","?","E","R","E","T","E","M","M","R","M","R","BOSS","M","$","?","M","M","R","M","?","T","E","M","?","E","?","R","BOSS","BOSS","R","$","E","BOSS"],"build_version":"2019-01-23","purchased_purges":2,"victory":true,"max_hp_per_floor":[66,60,60,60,60,60,60,60,60,60,60,60,60,60,60,60,60,60,60,65,65,65,65,65,65,65,65,65,65,65,65,65,65,65,65,65,65,65,65,65,65,65,65,65,65,65,65,65,65,65,65,65,65,65,65,65],"card_choices":[{"not_picked":["Backflip","Underhanded Strike"],"picked":"Backstab","floor":1.0},{"not_picked":["Blade Dance","Cloak And Dagger"],"picked":"Escape Plan","floor":5.0},{"not_picked":["Prepared","Masterful Stab"],"picked":"Well Laid Plans","floor":7.0},{"not_picked":["Underhanded Strike","Sucker Punch","Blade Dance"],"picked":"SKIP","floor":10.0},{"not_picked":["Deadly Poison","Unload"],"picked":"Backflip","floor":11.0},{"not_picked":["Cloak And Dagger","Dodge and Roll"],"picked":"Backflip","floor":12.0},{"not_picked":["Venomology","Doppelganger"],"picked":"Grand Finale","floor":16.0},{"not_picked":["Leg Sweep","Dagger Throw","Endless Agony"],"picked":"SKIP","floor":18.0},{"not_picked":["Dagger Spray","Eviscerate+1","Poisoned Stab"],"picked":"SKIP","floor":20.0},{"not_picked":["Bane+1","Cloak And Dagger"],"picked":"Acrobatics","floor":23.0},{"not_picked":["Well Laid Plans+1","Quick Slash","Setup"],"picked":"SKIP","floor":25.0},{"not_picked":["Underhanded Strike","Crippling Poison+1","Well Laid Plans"],"picked":"SKIP","floor":27.0},{"not_picked":["Cloak And Dagger","Quick Slash","Endless Agony"],"picked":"SKIP","floor":28.0},{"not_picked":["Masterful Stab","PiercingWail","Backflip"],"picked":"SKIP","floor":29.0},{"not_picked":["Backflip","Deadly Poison","Phantasmal Killer"],"picked":"SKIP","floor":31.0},{"not_picked":["Tools of the Trade","Doppelganger"],"picked":"Night Terror","floor":33.0},{"not_picked":["Outmaneuver","Finisher"],"picked":"Calculated Gamble","floor":35.0},{"not_picked":["Outmaneuver","Riddle With Holes","Sucker Punch"],"picked":"SKIP","floor":37.0},{"not_picked":["Underhanded Strike","Blur","Dagger Spray"],"picked":"SKIP","floor":38.0},{"not_picked":["Dagger Spray","Crippling Poison","Masterful Stab"],"picked":"SKIP","floor":39.0},{"not_picked":["Leg Sweep","Prepared","Bouncing Flask"],"picked":"SKIP","floor":41.0},{"not_picked":["Skewer","Heel Hook","Poisoned Stab"],"picked":"Wraith Form v2","floor":44.0},{"not_picked":["Prepared","Dagger Throw","Dagger Spray","Masterful Stab"],"picked":"SKIP","floor":45.0},{"not_picked":["Leg Sweep","Well Laid Plans","Calculated Gamble"],"picked":"Prepared+1","floor":47.0},{"not_picked":["Dash","Cloak And Dagger+1","Sucker Punch+1","Unload"],"picked":"SKIP","floor":48.0},{"not_picked":["Sucker Punch","Caltrops","PiercingWail+1"],"picked":"Terror","floor":55.0}],"player_experience":2384135,"relics_obtained":[{"floor":7.0,"key":"Omamori"},{"floor":9.0,"key":"Anchor"},{"floor":23.0,"key":"PreservedInsect"},{"floor":27.0,"key":"Tiny Chest"},{"floor":43.0,"key":"Question Card"},{"floor":44.0,"key":"Bottled Tornado"},{"floor":47.0,"key":"Blood Vial"},{"floor":55.0,"key":"Paper Crane"}],"event_choices":[{"damage_healed":0.0,"max_hp_gain":0.0,"max_hp_loss":6.0,"gold_gain":0.0,"event_name":"Golden Idol","player_choice":"Lose Max HP","floor":2.0,"gold_loss":0.0,"damage_taken":0.0,"relics_obtained":["Golden Idol"]},{"damage_healed":0.0,"max_hp_gain":0.0,"max_hp_loss":0.0,"gold_gain":0.0,"event_name":"Shining Light","player_choice":"Entered Light","floor":3.0,"gold_loss":0.0,"damage_taken":18.0,"cards_upgraded":["Malaise","Strike_G"]},{"damage_healed":20.0,"max_hp_gain":0.0,"max_hp_loss":0.0,"gold_gain":0.0,"event_name":"Big Fish","player_choice":"Banana","floor":14.0,"gold_loss":0.0,"damage_taken":0.0},{"damage_healed":0.0,"max_hp_gain":0.0,"max_hp_loss":0.0,"gold_gain":0.0,"event_name":"Upgrade Shrine","player_choice":"Upgraded","floor":19.0,"gold_loss":0.0,"damage_taken":0.0,"cards_upgraded":["Grand Finale"]},{"damage_healed":0.0,"max_hp_gain":0.0,"max_hp_loss":0.0,"gold_gain":0.0,"event_name":"Match and Keep!","player_choice":"2 cards matched","floor":22.0,"gold_loss":0.0,"damage_taken":0.0,"cards_obtained":["Acrobatics","Grand Finale"]},{"cards_removed":["Well Laid Plans"],"damage_healed":0.0,"max_hp_gain":0.0,"max_hp_loss":0.0,"gold_gain":0.0,"event_name":"Falling","player_choice":"Removed Power","floor":42.0,"gold_loss":0.0,"damage_taken":0.0},{"damage_healed":0.0,"max_hp_gain":0.0,"max_hp_loss":0.0,"gold_gain":0.0,"event_name":"Upgrade Shrine","player_choice":"Upgraded","floor":46.0,"gold_loss":0.0,"damage_taken":0.0,"cards_upgraded":["Wraith Form v2"]}],"is_beta":false,"boss_relics":[{"not_picked":["Philosopher\u0027s Stone","Black Star"],"picked":"Runic Pyramid"},{"not_picked":["HoveringKite","Calling Bell"],"picked":"Pandora\u0027s Box"}],"items_purged_floors":[36,54],"is_endless":false,"potions_floor_spawned":[1,11,12,18,23,27,31,37,39,44,47],"ascension_level":24}