{"gold_per_floor":[107,234,134,176,88,88,96,96,119,149,149,172,172,201,201,201],"floor_reached":16,"playtime":392,"items_purged":["Doubt"],"score":313,"play_id":"3a0afc77-9195-4941-aad1-a7acffcabbc5","local_time":"20190129221820","is_ascension_mode":true,"campfire_choices":[{"data":"Flechettes","floor":6,"key":"SMITH"},{"data":"Acrobatics","floor":13,"key":"SMITH"},{"data":"Tactician","floor":15,"key":"SMITH"}],"neow_cost":"NONE","seed_source_timestamp":42505064268370,"circlet_count":0,"master_deck":["AscendersBane","Defend_G","Defend_G","Defend_G","Defend_G","Defend_G","Strike_G","Strike_G","Strike_G","Strike_G","Strike_G","Survivor","Neutralize","Flechettes+1","Tactician+1","Noxious Fumes","Noxious Fumes","Acrobatics+1","Acrobatics"],"special_seed":0,"relics":["Ring of the Snake","AscMod:CursedFlame","AscMod:MegaStarOfAscension","AscMod:CursedBank","NeowsBlessing","Blood Vial","Happy Flower","Ornamental Fan","Du-Vu Doll"],"potions_floor_usage":[12,14,16],"damage_taken":[{"damage":0.0,"enemies":"Small Slimes","floor":1.0,"turns":1.0},{"damage":0,"enemies":"Cultist","floor":7,"turns":1},{"damage":0,"enemies":"3 Sentries","floor":10,"turns":1},{"damage":39,"enemies":"Lagavulin","floor":12,"turns":7},{"damage":4,"enemies":"Gremlin Nob","floor":14,"turns":5},{"damage":38,"enemies":"Slime Boss","floor":16,"turns":3}],"seed_played":"4458672242665361712","potions_obtained":[{"floor":1.0,"key":"AttackPotion"},{"floor":10,"key":"PowerPotion"},{"floor":14,"key":"FearPotion"}],"is_trial":false,"path_per_floor":["M","?","$","?","$","R","M","$","T","E","?","E","R","E","R","B"],"character_chosen":"THE_SILENT","items_purchased":["Tactician"],"campfire_rested":0,"item_purchase_floors":[5],"current_hp_per_floor":[59,59,59,53,53,53,53,53,53,55,59,22,22,20,20,0],"gold":201,"neow_bonus":"THREE_ENEMY_KILL","is_prod":false,"is_daily":false,"chose_seed":false,"campfire_upgraded":3,"win_rate":0,"timestamp":1548771500,"path_taken":["M","?","$","?","$","R","?","$","T","E","?","E","R","E","R","BOSS"],"build_version":"2019-01-23","purchased_purges":1,"victory":false,"max_hp_per_floor":[66,66,66,66,66,66,66,66,66,66,71,71,71,71,71,71],"card_choices":[{"not_picked":["Skewer","Quick Slash"],"picked":"Flechettes","floor":1.0},{"not_picked":["Dash","Backflip"],"picked":"Noxious Fumes","floor":7},{"not_picked":["Underhanded Strike","Storm of Steel"],"picked":"Noxious Fumes","floor":10},{"not_picked":["Masterful Stab","Tools of the Trade"],"picked":"Acrobatics","floor":12},{"not_picked":["Deadly Poison","Dash"],"picked":"Acrobatics","floor":14}],"player_experience":2390806,"relics_obtained":[{"floor":9,"key":"Blood Vial"},{"floor":10,"key":"Happy Flower"},{"floor":12,"key":"Ornamental Fan"},{"floor":14,"key":"Du-Vu Doll"}],"event_choices":[{"damage_healed":0.0,"max_hp_gain":0.0,"max_hp_loss":0.0,"gold_gain":150.0,"event_name":"Liars Game","player_choice":"AGREE","floor":2.0,"gold_loss":0.0,"damage_taken":0.0,"cards_obtained":["Doubt"]},{"damage_healed":0,"gold_gain":50,"player_choice":"Touch","damage_taken":6,"max_hp_gain":0,"max_hp_loss":0,"event_name":"FaceTrader","floor":4,"gold_loss":0},{"damage_healed":0,"gold_gain":0,"player_choice":"Donut","damage_taken":0,"max_hp_gain":5,"max_hp_loss":0,"event_name":"Big Fish","floor":11,"gold_loss":0}],"is_beta":false,"boss_relics":[],"items_purged_floors":[3],"is_endless":false,"potions_floor_spawned":[1,10,14],"killed_by":"Slime Boss","ascension_level":25}