{"gold_per_floor":[368,257,271,291,311,311,330,364,445,86,99,99,99,99],"floor_reached":14,"playtime":403,"items_purged":["Strike_G","Strike_G"],"score":184,"play_id":"1d82dd9c-f95e-4757-ae5f-8904db9437b1","local_time":"20190717002304","is_ascension_mode":true,"campfire_choices":[{"data":"Catalyst","floor":6.0,"key":"SMITH"},{"data":"Noxious Fumes","floor":12.0,"key":"SMITH"}],"neow_cost":"TEN_PERCENT_HP_LOSS","seed_source_timestamp":166267787966700,"circlet_count":0,"master_deck":["AscendersBane","Strike_G","Strike_G","Strike_G","Defend_G+1","Defend_G","Defend_G","Defend_G+1","Defend_G","Survivor","Neutralize","Footwork","Catalyst+1","Predator","Backflip","Noxious Fumes+1"],"special_seed":0,"relics":["Ring of the Snake","Ancient Tea Set","Toxic Egg 2","War Paint"],"potions_floor_usage":[14],"damage_taken":[{"damage":1.0,"enemies":"Jaw Worm","floor":1.0,"turns":4.0},{"damage":2.0,"enemies":"Cultist","floor":3.0,"turns":5.0},{"damage":0.0,"enemies":"2 Louse","floor":4.0,"turns":4.0},{"damage":24.0,"enemies":"Gremlin Gang","floor":5.0,"turns":9.0},{"damage":18.0,"enemies":"Lots of Slimes","floor":7.0,"turns":8.0},{"damage":8.0,"enemies":"Gremlin Nob","floor":8.0,"turns":3.0},{"damage":5.0,"enemies":"2 Fungi Beasts","floor":11.0,"turns":4.0},{"damage":0,"enemies":"Large Slime","floor":14,"turns":4}],"seed_played":"-5581933401579401069","potions_obtained":[{"floor":1.0,"key":"Strength Potion"},{"floor":5.0,"key":"Poison Potion"}],"is_trial":false,"path_per_floor":["M","$","M","M","M","R","M","E","T","$","M","R","?","M"],"character_chosen":"THE_SILENT","items_purchased":["Footwork","Noxious Fumes","War Paint"],"campfire_rested":0,"item_purchase_floors":[2,10,10],"current_hp_per_floor":[58,58,56,56,32,32,14,6,6,6,1,1,1,1],"gold":99,"neow_bonus":"TWO_FIFTY_GOLD","is_prod":false,"is_daily":false,"chose_seed":false,"campfire_upgraded":2,"win_rate":0,"timestamp":1563294184,"path_taken":["M","$","M","M","M","R","M","E","T","$","M","R","?","?"],"build_version":"2019-07-05","purchased_purges":2,"victory":false,"max_hp_per_floor":[60,60,60,60,60,60,60,60,60,60,60,60,60,60],"card_choices":[{"not_picked":["Expertise","Backflip","Endless Agony"],"picked":"SKIP","floor":1.0},{"not_picked":["Finisher","Dagger Throw"],"picked":"Catalyst","floor":3.0},{"not_picked":["Outmaneuver","Riddle With Holes","Quick Slash"],"picked":"SKIP","floor":4.0},{"not_picked":["Deflect","Dash","Blade Dance"],"picked":"SKIP","floor":5.0},{"not_picked":["Finisher","Sucker Punch"],"picked":"Predator","floor":7.0},{"not_picked":["Distraction","Infinite Blades"],"picked":"Backflip","floor":8.0},{"not_picked":["Caltrops","Dagger Spray","All Out Attack"],"picked":"SKIP","floor":11.0}],"player_experience":657581,"relics_obtained":[{"floor":8.0,"key":"Ancient Tea Set"},{"floor":9.0,"key":"Toxic Egg 2"}],"event_choices":[{"damage_healed":0.0,"max_hp_gain":0.0,"max_hp_loss":0.0,"gold_gain":0.0,"event_name":"FaceTrader","player_choice":"Leave","floor":13.0,"gold_loss":0.0,"damage_taken":0.0}],"is_beta":false,"boss_relics":[],"items_purged_floors":[2,10],"is_endless":false,"potions_floor_spawned":[1,5,7],"killed_by":"Large Slime","ascension_level":20}