{"gold_per_floor":[115,115,115,127,138,138,166,179,179,210,210,225,235,252,252,328,328,345,345,189,189,203,203],"floor_reached":23,"playtime":1042,"items_purged":["Strike_R"],"score":506,"play_id":"e0b31a21-7d61-4717-8800-e7877aa20651","local_time":"20190601221439","is_ascension_mode":true,"campfire_choices":[{"data":"Bash","floor":6.0,"key":"SMITH"},{"data":"True Grit","floor":11.0,"key":"SMITH"},{"data":"True Grit","floor":15.0,"key":"SMITH"}],"neow_cost":"TEN_PERCENT_HP_LOSS","seed_source_timestamp":19098515299107,"circlet_count":0,"master_deck":["AscendersBane","Strike_R","Defend_R","Defend_R","Defend_R","Defend_R","Bash+1","Battle Trance","Wild Strike","Feel No Pain","Wild Strike","True Grit+1","True Grit+1","Barricade","Offering","Limit Break","Sword Boomerang","Rampage"],"special_seed":0,"relics":["Burning Blood","Pocketwatch","Darkstone Periapt","Matryoshka","Busted Crown","Nloth\u0027s Gift"],"potions_floor_usage":[16,16],"damage_taken":[{"damage":7.0,"enemies":"Jaw Worm","floor":1.0,"turns":3.0},{"damage":3.0,"enemies":"Small Slimes","floor":4.0,"turns":3.0},{"damage":10.0,"enemies":"2 Louse","floor":5.0,"turns":2.0},{"damage":24.0,"enemies":"Gremlin Nob","floor":7.0,"turns":4.0},{"damage":15.0,"enemies":"Lots of Slimes","floor":8.0,"turns":5.0},{"damage":21.0,"enemies":"3 Sentries","floor":10.0,"turns":11.0},{"damage":0.0,"enemies":"3 Louse","floor":12.0,"turns":5.0},{"damage":0.0,"enemies":"2 Fungi Beasts","floor":13.0,"turns":4.0},{"damage":8.0,"enemies":"Large Slime","floor":14.0,"turns":6.0},{"damage":0,"enemies":"Hexaghost","floor":16,"turns":24},{"damage":0,"enemies":"Chosen","floor":18,"turns":8},{"damage":9,"enemies":"Shell Parasite","floor":22,"turns":7},{"damage":43,"enemies":"Gremlin Leader","floor":23,"turns":5}],"seed_played":"4383982469062344793","potions_obtained":[{"floor":4.0,"key":"Block Potion"},{"floor":8.0,"key":"BloodPotion"},{"floor":12.0,"key":"LiquidBronze"},{"floor":14.0,"key":"Block Potion"},{"floor":18,"key":"Strength Potion"}],"is_trial":false,"path_per_floor":["M","?","?","M","M","R","E","M","T","E","R","M","M","M","R","B",null,"M","?","$","?","M","E"],"character_chosen":"IRONCLAD","items_purchased":["Rampage"],"campfire_rested":0,"item_purchase_floors":[20],"current_hp_per_floor":[67,67,67,68,64,64,46,37,37,28,28,34,40,38,38,44,62,68,68,68,68,65,22],"gold":203,"neow_bonus":"ONE_RARE_RELIC","is_prod":false,"is_daily":false,"chose_seed":false,"campfire_upgraded":3,"win_rate":0,"timestamp":1559398479,"path_taken":["M","?","?","M","M","R","E","M","T","E","R","M","M","?","R","BOSS","M","?","$","?","?","E"],"build_version":"2019-01-23","purchased_purges":1,"victory":false,"max_hp_per_floor":[68,68,68,68,68,68,68,68,68,68,68,68,68,68,68,68,68,68,68,68,68,68,68],"card_choices":[{"not_picked":["Pommel Strike","Havoc"],"picked":"Battle Trance","floor":1.0},{"not_picked":["Ghostly Armor","Sentinel"],"picked":"Feel No Pain","floor":4.0},{"not_picked":["Havoc","Flex"],"picked":"Wild Strike","floor":5.0},{"not_picked":["Infernal Blade","Cleave","Clash"],"picked":"SKIP","floor":7.0},{"not_picked":["Anger","Seeing Red"],"picked":"True Grit","floor":8.0},{"not_picked":["Clothesline","Thunderclap"],"picked":"True Grit","floor":10.0},{"not_picked":["Headbutt","Dropkick","Bloodletting"],"picked":"SKIP","floor":12.0},{"not_picked":["Clash","Perfected Strike"],"picked":"Barricade","floor":13.0},{"not_picked":["Bloodletting","Rage","Blood for Blood"],"picked":"SKIP","floor":14.0},{"not_picked":["Juggernaut","Double Tap"],"picked":"Offering","floor":16},{"not_picked":["Perfected Strike"],"picked":"SKIP","floor":18},{"not_picked":["Carnage"],"picked":"SKIP","floor":22}],"player_experience":4976378,"relics_obtained":[{"floor":7.0,"key":"Darkstone Periapt"},{"floor":9.0,"key":"Matryoshka"},{"floor":10.0,"key":"Kunai"}],"event_choices":[{"damage_healed":0.0,"max_hp_gain":0.0,"max_hp_loss":0.0,"gold_gain":0.0,"event_name":"Liars Game","player_choice":"Ignored","floor":2.0,"gold_loss":0.0,"damage_taken":0.0},{"damage_healed":0.0,"max_hp_gain":0.0,"max_hp_loss":0.0,"gold_gain":0.0,"cards_transformed":["Strike_R"],"event_name":"Living Wall","player_choice":"Change","floor":3.0,"gold_loss":0.0,"damage_taken":0.0,"cards_obtained":["Wild Strike"]},{"damage_healed":0,"gold_gain":0,"cards_transformed":["Strike_R","Strike_R"],"player_choice":"Became Test Subject","damage_taken":0,"max_hp_gain":0,"max_hp_loss":0,"event_name":"Drug Dealer","floor":19,"gold_loss":0,"cards_obtained":["Limit Break","Sword Boomerang"]},{"damage_healed":0,"gold_gain":0,"player_choice":"Traded Relic","damage_taken":0,"relics_obtained":["Nloth\u0027s Gift"],"max_hp_gain":0,"max_hp_loss":0,"event_name":"N\u0027loth","floor":21,"relics_lost":["Kunai"],"gold_loss":0}],"is_beta":false,"boss_relics":[{"not_picked":["White Beast Statue","Runic Cube"],"picked":"Busted Crown"}],"items_purged_floors":[20],"is_endless":false,"potions_floor_spawned":[4,8,12,14,18],"killed_by":"Gremlin Leader","ascension_level":20}