{"gold_per_floor":[113,44,44,54,54,54,70,87,140,158,158,158,158,190,190,295,295,313,313,329,329,10,10,29,29,29,29,42,42,56,85,85,184,184,199,99,109,109,124,141,141,141,164,176,117,117,131,6,6,6],"floor_reached":51,"playtime":2726,"items_purged":["Zap","Defend_B","Defend_B"],"score":640,"play_id":"d529603e-9995-45a6-8bf1-c082b58f4971","local_time":"20190618115450","is_ascension_mode":false,"campfire_choices":[{"data":"Darkness","floor":6.0,"key":"SMITH"},{"data":"Defragment","floor":11.0,"key":"SMITH"},{"data":"Transmutation","floor":13.0,"key":"SMITH"},{"data":"Dualcast","floor":15.0,"key":"SMITH"},{"data":"Multi-Cast","floor":23.0,"key":"SMITH"},{"data":"Reinforced Body","floor":29.0,"key":"SMITH"},{"data":"Turbo","floor":32.0,"key":"SMITH"},{"data":"Multi-Cast","floor":41.0,"key":"SMITH"},{"data":"Machine Learning","floor":46,"key":"SMITH"},{"data":"Meteor Strike","floor":49,"key":"SMITH"}],"neow_cost":"TEN_PERCENT_HP_LOSS","seed_source_timestamp":4338012795882,"circlet_count":0,"master_deck":["Defend_B","Dualcast+1","Transmutation+1","Defragment+1","Darkness+1","Self Repair","Reinforced Body+1","Chill","Machine Learning+1","Multi-Cast+1","Mayhem+1","Redo+1","Conserve Battery+1","Chaos+1","White Noise","Undo","Turbo+1","Multi-Cast+1","Sunder+1","Hologram+1","Loop+1","Glacier","Meteor Strike+1"],"special_seed":0,"relics":["Cracked Core","Blood Vial","Pen Nib","Bag of Preparation","Astrolabe","Cables","Frozen Eye","Pear","Ornamental Fan","Snecko Eye","MawBank"],"potions_floor_usage":[],"damage_taken":[{"damage":6.0,"enemies":"Cultist","floor":1.0,"turns":3.0},{"damage":17.0,"enemies":"Jaw Worm","floor":4.0,"turns":4.0},{"damage":1.0,"enemies":"2 Louse","floor":7.0,"turns":2.0},{"damage":18.0,"enemies":"Red Slaver","floor":8.0,"turns":5.0},{"damage":13.0,"enemies":"3 Louse","floor":10.0,"turns":4.0},{"damage":19.0,"enemies":"3 Sentries","floor":14.0,"turns":6.0},{"damage":2.0,"enemies":"Hexaghost","floor":16.0,"turns":8.0},{"damage":6.0,"enemies":"2 Thieves","floor":18.0,"turns":3.0},{"damage":5.0,"enemies":"Spheric Guardian","floor":20.0,"turns":3.0},{"damage":17.0,"enemies":"Shelled Parasite and Fungi","floor":24.0,"turns":5.0},{"damage":20.0,"enemies":"Snecko","floor":28.0,"turns":4.0},{"damage":2.0,"enemies":"Sentry and Sphere","floor":30.0,"turns":4.0},{"damage":10.0,"enemies":"Gremlin Leader","floor":31.0,"turns":6.0},{"damage":1.0,"enemies":"Champ","floor":33.0,"turns":10.0},{"damage":23.0,"enemies":"3 Darklings","floor":35.0,"turns":5.0},{"damage":5.0,"enemies":"3 Shapes","floor":37.0,"turns":3.0},{"damage":0.0,"enemies":"Spire Growth","floor":39.0,"turns":5.0},{"damage":2.0,"enemies":"3 Darklings","floor":40.0,"turns":5.0},{"damage":0,"enemies":"Transient","floor":47,"turns":5},{"damage":31,"enemies":"Time Eater","floor":50,"turns":5}],"seed_played":"4118331194586935660","potions_obtained":[{"floor":4.0,"key":"LiquidBronze"},{"floor":10.0,"key":"Block Potion"},{"floor":16.0,"key":"Poison Potion"},{"floor":20.0,"key":"Ancient Potion"},{"floor":31.0,"key":"SneckoOil"}],"is_trial":false,"path_per_floor":["M","$","?","M","?","R","M","M","T","M","R","?","R","E","R","B",null,"M","T","M","?","$","R","M","?","T","?","M","R","M","E","R","B",null,"M","$","M","?","M","M","R","?","T","?","$","R","M","$","R","B",null],"character_chosen":"DEFECT","items_purchased":["Darkness","Undo","Frozen Eye","Meteor Strike"],"campfire_rested":0,"item_purchase_floors":[2,22,22,45],"current_hp_per_floor":[62,62,62,45,38,38,44,33,33,29,29,29,29,19,19,26,68,62,62,66,66,66,66,61,61,71,71,60,60,67,66,66,74,78,62,62,66,66,74,72,72,72,72,72,72,72,74,74,74,50],"gold":6,"neow_bonus":"RANDOM_COLORLESS_2","is_prod":false,"is_daily":false,"chose_seed":false,"campfire_upgraded":10,"win_rate":0,"timestamp":1560830090,"path_taken":["M","$","?","M","?","R","M","M","T","M","R","?","R","E","R","BOSS","M","?","M","?","$","R","M","?","T","?","?","R","M","E","R","BOSS","M","?","M","?","M","M","R","?","T","?","$","R","M","$","R","BOSS"],"build_version":"2019-01-23","purchased_purges":3,"victory":true,"max_hp_per_floor":[68,68,68,68,68,68,68,68,68,68,68,68,68,68,68,68,68,68,68,68,68,68,68,68,68,78,78,78,78,78,78,78,78,78,78,78,78,74,74,74,74,74,74,74,74,74,74,74,74,74],"card_choices":[{"not_picked":["Streamline","Sunder"],"picked":"Defragment","floor":1.0},{"not_picked":["Leap","BootSequence"],"picked":"Self Repair","floor":4.0},{"not_picked":["Barrage","Melter","Double Energy"],"picked":"SKIP","floor":7.0},{"not_picked":["Sweeping Beam","Streamline"],"picked":"Reinforced Body","floor":8.0},{"not_picked":["Scrape","Go for the Eyes"],"picked":"Chill","floor":10.0},{"not_picked":["Go for the Eyes","Ball Lightning"],"picked":"Machine Learning","floor":14.0},{"not_picked":["Thunder Strike","Creative AI"],"picked":"Multi-Cast","floor":16.0},{"not_picked":["Barrage","Rebound","Hello World"],"picked":"SKIP","floor":18.0},{"not_picked":["Go for the Eyes","Compile Driver"],"picked":"Conserve Battery+1","floor":20.0},{"not_picked":["Ball Lightning","Static Discharge","Beam Cell+1"],"picked":"SKIP","floor":24.0},{"not_picked":["Barrage","Gash","Redo"],"picked":"SKIP","floor":28.0},{"not_picked":["Coolheaded","Steam Power"],"picked":"Turbo","floor":30.0},{"not_picked":["Coolheaded","Go for the Eyes","Consume"],"picked":"SKIP","floor":31.0},{"not_picked":["Thunder Strike","Echo Form"],"picked":"Multi-Cast","floor":33.0},{"not_picked":["Streamline","Gash+1"],"picked":"Sunder+1","floor":35.0},{"not_picked":["Steam+1","Double Energy"],"picked":"Hologram+1","floor":37.0},{"not_picked":["FTL+1","Skim+1"],"picked":"Loop+1","floor":39.0},{"not_picked":["Streamline","Steam+1"],"picked":"Glacier","floor":40.0},{"not_picked":["Defragment","Coolheaded+1","Leap"],"picked":"SKIP","floor":47}],"player_experience":5387518,"relics_obtained":[{"floor":9.0,"key":"Blood Vial"},{"floor":14.0,"key":"Bag of Preparation"},{"floor":19.0,"key":"Cables"},{"floor":26.0,"key":"Pear"},{"floor":31.0,"key":"Ornamental Fan"},{"floor":43,"key":"MawBank"}],"event_choices":[{"damage_healed":0.0,"max_hp_gain":0.0,"max_hp_loss":0.0,"gold_gain":0.0,"event_name":"Liars Game","player_choice":"Ignored","floor":3.0,"gold_loss":0.0,"damage_taken":0.0},{"cards_removed":["Strike_B"],"damage_healed":0.0,"max_hp_gain":0.0,"max_hp_loss":0.0,"gold_gain":0.0,"event_name":"Golden Wing","player_choice":"Card Removal","floor":5.0,"gold_loss":0.0,"damage_taken":7.0},{"damage_healed":0.0,"max_hp_gain":0.0,"max_hp_loss":0.0,"gold_gain":0.0,"event_name":"WeMeetAgain","player_choice":"Gave Potion","floor":12.0,"gold_loss":0.0,"damage_taken":0.0,"relics_obtained":["Pen Nib"]},{"damage_healed":0.0,"max_hp_gain":0.0,"max_hp_loss":0.0,"gold_gain":0.0,"cards_transformed":["Strike_B","Defend_B"],"event_name":"Drug Dealer","player_choice":"Became Test Subject","floor":21.0,"gold_loss":0.0,"damage_taken":0.0,"cards_obtained":["Chaos","White Noise"]},{"damage_healed":0.0,"max_hp_gain":0.0,"max_hp_loss":0.0,"gold_gain":0.0,"event_name":"Cursed Tome","player_choice":"Ignored","floor":25.0,"gold_loss":0.0,"damage_taken":0.0},{"damage_healed":0.0,"max_hp_gain":0.0,"max_hp_loss":0.0,"gold_gain":0.0,"event_name":"Upgrade Shrine","player_choice":"Upgraded","floor":27.0,"gold_loss":0.0,"damage_taken":0.0,"cards_upgraded":["Chaos"]},{"damage_healed":0.0,"max_hp_gain":0.0,"max_hp_loss":4.0,"gold_gain":0.0,"event_name":"Winding Halls","player_choice":"Max HP","floor":38.0,"gold_loss":0.0,"damage_taken":0.0},{"damage_healed":0,"gold_gain":0,"player_choice":"Memory 1","damage_taken":0,"max_hp_gain":0,"max_hp_loss":0,"event_name":"SensoryStone","floor":42,"gold_loss":0},{"cards_removed":["Rip and Tear"],"damage_healed":0,"gold_gain":0,"player_choice":"Removed Attack","damage_taken":0,"max_hp_gain":0,"max_hp_loss":0,"event_name":"Falling","floor":44,"gold_loss":0}],"is_beta":false,"boss_relics":[{"not_picked":["Calling Bell","Runic Dome"],"picked":"Astrolabe"},{"not_picked":["Empty Cage","FrozenCore"],"picked":"Snecko Eye"}],"items_purged_floors":[22,36,48],"is_endless":false,"potions_floor_spawned":[4,10,16,20,31,40,47],"ascension_level":0}