{"path_per_floor":["M","M","?","M","M","E","R","?","T","R","M","?","$","M","R","B",null,"M","?","?","T","$","R","?","R","T","E","M","M","R","M","R","B",null,"M","?","$","M","?","M","R","M","T","M","T","$","R","E","R","B"],"character_chosen":"THE_SILENT","items_purchased":["Frozen Egg 2","Accuracy","Blade Dance","Prepared"],"gold_per_floor":[119,138,388,399,412,439,439,439,439,439,457,427,21,39,39,140,140,156,81,181,228,88,88,3,3,3,35,47,61,61,74,74,171,171,182,182,57,77,0,13,13,27,80,99,99,2,2,29,29,29],"floor_reached":51,"campfire_rested":2,"playtime":2810,"current_hp_per_floor":[70,70,70,70,66,28,28,28,28,28,25,25,25,22,43,37,70,69,69,69,69,69,69,69,69,69,56,56,53,53,53,53,24,70,59,59,59,58,58,58,58,53,53,42,42,42,42,37,58,16],"items_purged":["Strike_G","Defend_G","Strike_G","Strike_G"],"gold":29,"score":570,"play_id":"934bf73f-b120-4f6f-be8a-d9078fb5bae7","is_prod":false,"is_daily":false,"is_ascension_mode":false,"campfire_upgraded":8,"path_taken":["M","M","?","?","M","E","R","?","T","R","M","?","$","M","R","BOSS","M","?","?","?","$","R","?","R","T","E","M","M","R","M","R","BOSS","M","?","$","M","?","M","R","M","T","M","?","$","R","E","R","BOSS"],"build_version":"2018-02-15-PROD1","purchased_purges":4,"victory":true,"master_deck":["Defend_G","Defend_G","Strike_G","Survivor+1","Neutralize+1","Backflip","Cloak And Dagger+1","Accuracy+1","Accuracy+1","Escape Plan","Burst+1","Blade Dance+1","Calculated Gamble+1","Tactician","Reflex+1","Blade Dance+1","Cloak And Dagger","Blade Dance+1","Prepared+1"],"max_hp_per_floor":[70,70,70,70,70,70,70,70,70,70,70,70,70,70,70,70,70,70,70,70,70,70,70,70,70,70,70,70,70,70,70,70,70,70,70,70,70,70,70,70,70,70,70,70,70,70,70,70,70,70],"relics":["Ring of the Snake","Omamori","Blue Candle","Ice Cream","Frozen Egg 2","Runic Pyramid","Orichalcum","Juzu Bracelet","Frozen Eye","Ancient Tea Set","Orrery","Red Mask","Tiny Chest","Smiling Mask","Ornamental Fan"],"card_choices":[{"not_picked":["Flying Knee","Malaise"],"picked":"Backflip"},{"not_picked":["Terror","Wraith Form"],"picked":"Cloak And Dagger"},{"not_picked":["Outmaneuver","Finisher"],"picked":"Escape Plan"},{"not_picked":["Die Die Die","After Image"],"picked":"Burst"},{"not_picked":["Caltrops","Blur"],"picked":"Calculated Gamble"},{"not_picked":["Phantasmal Killer","Die Die Die"],"picked":"Tactician"},{"not_picked":["Poisoned Stab","Flechettes"],"picked":"Reflex"},{"not_picked":["Masterful Stab","Dagger Throw"],"picked":"Blade Dance"},{"not_picked":["Slice","Backstab"],"picked":"Cloak And Dagger"},{"not_picked":["Terror","Sucker Punch"],"picked":"Blade Dance"}],"player_experience":109944,"potions_floor_usage":[50,50],"damage_taken":[{"damage":0.0,"enemies":"Jaw Worm","floor":1.0,"turns":5.0},{"damage":0.0,"enemies":"Cultist","floor":2.0,"turns":5.0},{"damage":0.0,"enemies":"Small Slimes","floor":4.0,"turns":4.0},{"damage":4.0,"enemies":"Looter","floor":5.0,"turns":5.0},{"damage":38.0,"enemies":"Gremlin Nob","floor":6.0,"turns":5.0},{"damage":3.0,"enemies":"Exordium Wildlife","floor":11.0,"turns":5.0},{"damage":3.0,"enemies":"Gremlin Gang","floor":14.0,"turns":6.0},{"damage":6.0,"enemies":"The Guardian","floor":16.0,"turns":14.0},{"damage":1.0,"enemies":"Shell Parasite","floor":18.0,"turns":7.0},{"damage":13.0,"enemies":"Slavers","floor":27.0,"turns":7.0},{"damage":0.0,"enemies":"Chosen","floor":28.0,"turns":4.0},{"damage":3.0,"enemies":"Snecko","floor":29.0,"turns":6.0},{"damage":0.0,"enemies":"Chosen and Byrds","floor":31.0,"turns":6.0},{"damage":29.0,"enemies":"Collector","floor":33.0,"turns":9.0},{"damage":11.0,"enemies":"3 Darklings","floor":35.0,"turns":4.0},{"damage":1.0,"enemies":"Orb Walker","floor":38.0,"turns":2.0},{"damage":0.0,"enemies":"Maw","floor":40.0,"turns":6.0},{"damage":5.0,"enemies":"4 Shapes","floor":42.0,"turns":4.0},{"damage":11,"enemies":"3 Darklings","floor":44,"turns":4},{"damage":5,"enemies":"2 Orb Walkers","floor":48,"turns":3},{"damage":42,"enemies":"Donu and Deca","floor":50,"turns":7}],"event_choices":[{"event_name":"Golden Shrine","player_choice":"Desecrate","floor":3.0,"damage_taken":0.0},{"event_name":"Living Wall","player_choice":"Change","floor":8.0,"damage_taken":0.0},{"event_name":"The Woman in Blue","player_choice":"Bought 2 Potions","floor":12.0,"damage_taken":0.0},{"event_name":"Beggar","player_choice":"Gave Gold","floor":19.0,"damage_taken":0.0},{"event_name":"Golden Shrine","player_choice":"Pray","floor":20.0,"damage_taken":0.0},{"event_name":"Addict","player_choice":"Obtained Relic","floor":24.0,"damage_taken":0.0},{"event_name":"Tomb of Lord Red Mask","player_choice":"Paid","floor":39.0,"damage_taken":0.0}],"boss_relics":[],"potions_floor_spawned":[5,11,14,18,33,35,40,44],"seed_played":"552109457996916794","ascension_level":0,"is_trial":false}