{"gold_per_floor":[17,17,35,55,55,55,79,4,4,4,4],"floor_reached":11,"playtime":469,"items_purged":["Strike_R"],"score":107,"play_id":"718fce62-e20a-4925-9e26-3f85c7820054","local_time":"20190803212536","is_ascension_mode":true,"campfire_choices":[{"floor":6,"key":"REST"}],"neow_cost":"NO_GOLD","seed_source_timestamp":177034178013079,"circlet_count":0,"master_deck":["AscendersBane","Strike_R","Strike_R","Strike_R","Defend_R","Defend_R","Defend_R","Defend_R","Bash","Juggernaut","Rampage","Metallicize","Body Slam","Entrench","Entrench"],"relics":["Burning Blood","Golden Idol","Question Card","Vajra"],"potions_floor_usage":[11,11],"damage_taken":[{"damage":11,"enemies":"Cultist","floor":1,"turns":4},{"damage":14,"enemies":"Jaw Worm","floor":3,"turns":3},{"damage":7,"enemies":"2 Louse","floor":4,"turns":4},{"damage":13,"enemies":"Looter","floor":7,"turns":4},{"damage":20,"enemies":"3 Sentries","floor":11,"turns":4}],"seed_played":"8236390201793396365","potions_obtained":[{"floor":1,"key":"SkillPotion"},{"floor":4,"key":"Energy Potion"}],"is_trial":false,"path_per_floor":["M","?","M","M","?","R","M","$","T","?","E"],"character_chosen":"IRONCLAD","items_purchased":[],"campfire_rested":1,"item_purchase_floors":[],"current_hp_per_floor":[63,45,37,36,3,25,18,18,18,18,0],"gold":4,"neow_bonus":"THREE_RARE_CARDS","is_prod":false,"is_daily":false,"chose_seed":false,"campfire_upgraded":0,"win_rate":0,"timestamp":1564885536,"path_taken":["M","?","M","M","?","R","M","$","T","?","E"],"build_version":"2019-07-17","purchased_purges":1,"victory":false,"max_hp_per_floor":[75,75,75,75,75,75,75,75,75,75,75],"card_choices":[{"not_picked":["Reaper","Dark Embrace"],"picked":"Juggernaut","floor":0},{"not_picked":["Inflame","Infernal Blade"],"picked":"Rampage","floor":1},{"not_picked":["Pommel Strike","Perfected Strike"],"picked":"Metallicize","floor":3},{"not_picked":["Carnage","Armaments"],"picked":"Body Slam","floor":4},{"not_picked":["Fire Breathing","Dual Wield","True Grit"],"picked":"Entrench","floor":7}],"player_experience":444147,"relics_obtained":[{"floor":9,"key":"Vajra"}],"event_choices":[{"damage_healed":0,"gold_gain":0,"player_choice":"Take Damage","damage_taken":18,"relics_obtained":["Golden Idol"],"max_hp_gain":0,"max_hp_loss":0,"event_name":"Golden Idol","floor":2,"gold_loss":0},{"damage_healed":0,"gold_gain":0,"player_choice":"Success","damage_taken":33,"relics_obtained":["Question Card"],"max_hp_gain":0,"max_hp_loss":0,"event_name":"Scrap Ooze","floor":5,"gold_loss":0},{"damage_healed":0,"gold_gain":0,"cards_transformed":["Strike_R"],"player_choice":"Change","damage_taken":0,"max_hp_gain":0,"max_hp_loss":0,"event_name":"Living Wall","floor":10,"gold_loss":0,"cards_obtained":["Entrench"]}],"is_beta":false,"boss_relics":[],"items_purged_floors":[8],"is_endless":false,"potions_floor_spawned":[1,4,7],"killed_by":"3 Sentries","ascension_level":14}