{"gold_per_floor":[113,113,126,146,71,100,119,119,119,119],"floor_reached":10,"playtime":167,"items_purged":[],"score":136,"play_id":"315226af-c40c-4d50-a4ca-8e5abf16f524","local_time":"20181121232041","is_ascension_mode":true,"campfire_choices":[{"data":"Flechettes","floor":8,"key":"SMITH"}],"neow_cost":"NONE","seed_source_timestamp":17619869046730,"circlet_count":0,"master_deck":["AscendersBane","Defend_G","Defend_G","Defend_G","Defend_G","Defend_G","Strike_G","Strike_G","Strike_G","Strike_G","Survivor","Neutralize","Well Laid Plans","After Image","Deadly Poison","Prepared","Flechettes+1","Acrobatics"],"relics":["Ring of the Snake","NeowsBlessing","Sundial","Ornamental Fan"],"potions_floor_usage":[6],"damage_taken":[{"damage":0,"enemies":"2 Louse","floor":1,"turns":1},{"damage":0,"enemies":"Cultist","floor":3,"turns":1},{"damage":0,"enemies":"Jaw Worm","floor":4,"turns":1},{"damage":23,"enemies":"Gremlin Nob","floor":6,"turns":4},{"damage":3,"enemies":"Blue Slaver","floor":7,"turns":5}],"seed_played":"2131619864167228355","potions_obtained":[{"floor":1,"key":"SteroidPotion"},{"floor":6,"key":"SkillPotion"}],"is_trial":false,"path_per_floor":["M","?","M","M","$","E","M","R","T","?"],"character_chosen":"THE_SILENT","items_purchased":["Flechettes"],"campfire_rested":0,"item_purchase_floors":[5],"current_hp_per_floor":[59,59,59,59,59,36,33,33,33,0],"gold":119,"neow_bonus":"THREE_ENEMY_KILL","is_prod":false,"is_daily":false,"chose_seed":false,"campfire_upgraded":1,"win_rate":0,"timestamp":1542813641,"path_taken":["M","?","?","M","$","E","M","R","T","?"],"build_version":"2018-11-15","purchased_purges":0,"victory":false,"max_hp_per_floor":[66,66,66,66,66,66,66,66,66,66],"card_choices":[{"not_picked":["Concentrate","Dagger Throw"],"picked":"Well Laid Plans","floor":1},{"not_picked":["Choke","Setup"],"picked":"Deadly Poison","floor":3},{"not_picked":["Underhanded Strike","Expertise"],"picked":"Prepared","floor":4},{"not_picked":["Dodge and Roll","Bouncing Flask"],"picked":"Acrobatics","floor":6},{"not_picked":["Deadly Poison","Outmaneuver","Acrobatics"],"picked":"SKIP","floor":7}],"player_experience":1136039,"relics_obtained":[{"floor":6,"key":"Sundial"},{"floor":9,"key":"Ornamental Fan"}],"event_choices":[{"damage_healed":0,"gold_gain":0,"cards_transformed":["Strike_G"],"player_choice":"Transformed","damage_taken":0,"max_hp_gain":0,"max_hp_loss":0,"event_name":"Transmorgrifier","floor":2,"gold_loss":0,"cards_obtained":["After Image"]}],"is_beta":true,"boss_relics":[],"items_purged_floors":[],"is_endless":false,"potions_floor_spawned":[1,6],"ascension_level":20}