{"gold_per_floor":[118,118,118,118,134,162,162,212,282,282,297,359,377,20,20,93,93,103,103,83,94,104,104,117,17,17,50,50,100,118,131,131,131],"floor_reached":33,"playtime":1169,"items_purged":["Strike_B","Strike_B"],"score":580,"play_id":"a2998e6a-404e-4dfe-9075-0048d5b4f6d5","local_time":"20190329155736","is_ascension_mode":true,"campfire_choices":[{"data":"Zap","floor":7.0,"key":"SMITH"},{"data":"Coolheaded","floor":10.0,"key":"SMITH"},{"floor":15.0,"key":"REST"},{"data":"Fission","floor":23.0,"key":"SMITH"},{"data":"Blizzard","floor":32.0,"key":"SMITH"}],"neow_cost":"NONE","seed_source_timestamp":157552886454954,"circlet_count":0,"master_deck":["AscendersBane","Strike_B","Strike_B+1","Defend_B","Defend_B+1","Defend_B","Defend_B","Zap+1","Dualcast","Coolheaded+1","Glacier","Ball Lightning","Self Repair","Compile Driver","Blizzard+1","Heatsinks","Fission+1","Turbo","Skim","Conserve Battery","Coolheaded","Seek"],"special_seed":0,"relics":["Cracked Core","NeowsBlessing","Centennial Puzzle","Mummified Hand","Mercury Hourglass","Art of War","Bag of Preparation","Inserter","Enchiridion","Turnip","Regal Pillow"],"potions_floor_usage":[33,33],"damage_taken":[{"damage":0.0,"enemies":"Cultist","floor":1.0,"turns":1.0},{"damage":0.0,"enemies":"2 Louse","floor":5.0,"turns":1.0},{"damage":0.0,"enemies":"Gremlin Nob","floor":6.0,"turns":1.0},{"damage":11.0,"enemies":"Small Slimes","floor":11.0,"turns":2.0},{"damage":14.0,"enemies":"Lagavulin Event","floor":12.0,"turns":5.0},{"damage":24.0,"enemies":"Exordium Wildlife","floor":13.0,"turns":3.0},{"damage":26.0,"enemies":"Slime Boss","floor":16.0,"turns":9.0},{"damage":19.0,"enemies":"3 Byrds","floor":18.0,"turns":5.0},{"damage":1.0,"enemies":"Shell Parasite","floor":21.0,"turns":6.0},{"damage":4.0,"enemies":"3 Cultists","floor":22.0,"turns":5.0},{"damage":11.0,"enemies":"Snake Plant","floor":24.0,"turns":6.0},{"damage":28.0,"enemies":"Gremlin Leader","floor":27.0,"turns":6.0},{"damage":0.0,"enemies":"Centurion and Healer","floor":30.0,"turns":9.0},{"damage":0.0,"enemies":"Sentry and Sphere","floor":31.0,"turns":4.0},{"damage":0,"enemies":"Collector","floor":33,"turns":3}],"seed_played":"630304493027642848","potions_obtained":[{"floor":1.0,"key":"Dexterity Potion"},{"floor":11.0,"key":"Dexterity Potion"},{"floor":18.0,"key":"Energy Potion"},{"floor":20.0,"key":"SkillPotion"},{"floor":24.0,"key":"SpeedPotion"},{"floor":27.0,"key":"Ancient Potion"}],"is_trial":false,"path_per_floor":["M","?","?","?","M","E","R","?","T","R","M","?","M","$","R","B",null,"M","?","?","M","M","R","M","$","T","E","$","?","M","M","R","B"],"character_chosen":"DEFECT","items_purchased":["Blizzard","Heatsinks","Bag of Preparation"],"campfire_rested":1,"item_purchase_floors":[14,14,14],"current_hp_per_floor":[64,59,38,61,61,61,61,54,54,54,43,29,12,12,33,14,57,45,24,24,30,33,33,29,29,29,8,8,8,15,22,22,22],"gold":131,"neow_bonus":"THREE_ENEMY_KILL","is_prod":false,"is_daily":false,"chose_seed":false,"campfire_upgraded":4,"win_rate":0,"timestamp":1553846256,"path_taken":["M","?","?","?","?","E","R","?","T","R","?","?","M","$","R","BOSS","M","?","?","M","?","R","?","$","T","E","?","?","M","?","R","BOSS"],"build_version":"2019-01-23","purchased_purges":2,"victory":false,"max_hp_per_floor":[71,71,71,71,71,71,71,71,71,71,71,71,71,71,71,71,71,71,71,71,71,71,71,71,71,71,71,71,71,71,71,71,71],"card_choices":[{"not_picked":["Rip and Tear","Melter"],"picked":"Coolheaded","floor":1.0},{"not_picked":["Streamline","Redo"],"picked":"Glacier","floor":5.0},{"not_picked":["Steam","Leap"],"picked":"Ball Lightning","floor":6.0},{"not_picked":["Rebound","Darkness","Static Discharge"],"picked":"SKIP","floor":11.0},{"not_picked":["Leap","Beam Cell"],"picked":"Self Repair","floor":12.0},{"not_picked":["Leap","Lockon"],"picked":"Compile Driver","floor":13.0},{"not_picked":["Rainbow","Seek"],"picked":"Fission","floor":16.0},{"not_picked":["Stack","Coolheaded"],"picked":"Turbo","floor":18.0},{"not_picked":["Glacier","Coolheaded"],"picked":"Skim","floor":21.0},{"not_picked":["Sunder","FTL"],"picked":"Conserve Battery","floor":22.0},{"not_picked":["Steam Power","Sweeping Beam","Turbo"],"picked":"SKIP","floor":24.0},{"not_picked":["Darkness","Auto Shields","Melter"],"picked":"SKIP","floor":27.0},{"not_picked":["Steam","Leap"],"picked":"Coolheaded","floor":30.0},{"not_picked":["Skim","Rebound"],"picked":"Seek","floor":31.0}],"player_experience":1291072,"relics_obtained":[{"floor":6.0,"key":"Mummified Hand"},{"floor":9.0,"key":"Mercury Hourglass"},{"floor":12.0,"key":"Art of War"},{"floor":19.0,"key":"Enchiridion"},{"floor":26.0,"key":"Turnip"},{"floor":27.0,"key":"Regal Pillow"}],"event_choices":[{"damage_healed":0.0,"max_hp_gain":0.0,"max_hp_loss":0.0,"gold_gain":0.0,"event_name":"Scrap Ooze","player_choice":"Success","floor":2.0,"gold_loss":0.0,"damage_taken":5.0,"relics_obtained":["Centennial Puzzle"]},{"damage_healed":0.0,"max_hp_gain":0.0,"max_hp_loss":0.0,"gold_gain":0.0,"event_name":"Shining Light","player_choice":"Entered Light","floor":3.0,"gold_loss":0.0,"damage_taken":21.0,"cards_upgraded":["Strike_B","Defend_B"]},{"damage_healed":23.0,"max_hp_gain":0.0,"max_hp_loss":0.0,"gold_gain":0.0,"event_name":"Big Fish","player_choice":"Banana","floor":4.0,"gold_loss":0.0,"damage_taken":0.0},{"damage_healed":0.0,"max_hp_gain":0.0,"max_hp_loss":0.0,"gold_gain":50.0,"event_name":"FaceTrader","player_choice":"Touch","floor":8.0,"gold_loss":0.0,"damage_taken":7.0},{"damage_healed":0.0,"max_hp_gain":0.0,"max_hp_loss":0.0,"gold_gain":0.0,"event_name":"Dead Adventurer","player_choice":"Searched \u00271\u0027 times","floor":12.0,"gold_loss":0.0,"damage_taken":0.0},{"damage_healed":0.0,"max_hp_gain":0.0,"max_hp_loss":0.0,"gold_gain":0.0,"event_name":"Cursed Tome","player_choice":"Obtained Book","floor":19.0,"gold_loss":0.0,"damage_taken":21.0},{"damage_healed":0.0,"max_hp_gain":0.0,"max_hp_loss":0.0,"gold_gain":0.0,"event_name":"The Woman in Blue","player_choice":"Bought 1 Potion","floor":20.0,"gold_loss":0.0,"damage_taken":0.0},{"damage_healed":0.0,"max_hp_gain":0.0,"max_hp_loss":0.0,"gold_gain":50.0,"event_name":"Golden Shrine","player_choice":"Pray","floor":29.0,"gold_loss":0.0,"damage_taken":0.0}],"is_beta":false,"boss_relics":[{"not_picked":["Orrery","Velvet Choker"],"picked":"Inserter"}],"items_purged_floors":[14,25],"is_endless":false,"potions_floor_spawned":[1,11,18,24,27,31],"killed_by":"Collector","ascension_level":20}