{"gold_per_floor":[116,191,191,203,223,223,148,148,148,177,177,193,213,230,230,305,305,320,320,339,353,68,68,68,118,118,134,34,53,67,84,84,157,157,168,180,180,193,206,206,216,216,239,239,256,306,306,324,324,324],"floor_reached":51,"playtime":1997,"items_purged":["Strike_B","Defend_B"],"score":1364,"play_id":"ab40762a-984b-42d0-b4c5-77268d40bba7","local_time":"20190131132221","is_ascension_mode":true,"campfire_choices":[{"data":"Hologram","floor":6,"key":"SMITH"},{"data":"Gash","floor":8,"key":"SMITH"},{"data":"Coolheaded","floor":11,"key":"SMITH"},{"data":"Defragment","floor":15,"key":"SMITH"},{"data":"Dualcast","floor":23,"key":"SMITH"},{"data":"Capacitor","floor":32,"key":"SMITH"},{"data":"Hologram","floor":40,"key":"SMITH"},{"data":"Coolheaded","floor":42,"key":"SMITH"},{"data":"Zap","floor":44,"key":"SMITH"},{"data":"Barrage","floor":47,"key":"SMITH"},{"data":"Rainbow","floor":49,"key":"SMITH"}],"neow_cost":"NONE","seed_source_timestamp":36955304479588,"circlet_count":0,"master_deck":["AscendersBane","Defend_B","Defend_B","Defend_B","Zap+1","Dualcast+1","Buffer","Gash+1","Hologram+1","Coolheaded+1","Defragment+1","Chill","Coolheaded+1","All For One","Barrage+1","Compile Driver","Glacier","Ghostly","Ghostly","Ghostly","Capacitor+1","Reboot","Hologram+1","Rainbow+1","FTL","Self Repair","Skim","Fusion","Beam Cell"],"relics":["Cracked Core","Dream Catcher","Orichalcum","Sozu","Runic Capacitor","Cables","Runic Pyramid","Regal Pillow","Centennial Puzzle"],"potions_floor_usage":[10,13,14,39,50],"damage_taken":[{"damage":4,"enemies":"Jaw Worm","floor":1,"turns":4},{"damage":0,"enemies":"Small Slimes","floor":4,"turns":3},{"damage":0,"enemies":"Cultist","floor":5,"turns":4},{"damage":0,"enemies":"3 Sentries","floor":10,"turns":1},{"damage":8,"enemies":"Exordium Thugs","floor":12,"turns":5},{"damage":19,"enemies":"Exordium Wildlife","floor":13,"turns":6},{"damage":20,"enemies":"Gremlin Gang","floor":14,"turns":5},{"damage":16,"enemies":"The Guardian","floor":16,"turns":12},{"damage":11,"enemies":"Chosen","floor":18,"turns":6},{"damage":4,"enemies":"3 Byrds","floor":20,"turns":5},{"damage":5,"enemies":"Snecko","floor":21,"turns":8},{"damage":6,"enemies":"Shelled Parasite and Fungi","floor":27,"turns":7},{"damage":0,"enemies":"Centurion and Healer","floor":29,"turns":6},{"damage":2,"enemies":"Chosen and Byrds","floor":30,"turns":7},{"damage":0,"enemies":"Cultist and Chosen","floor":31,"turns":7},{"damage":0,"enemies":"Collector","floor":33,"turns":11},{"damage":10,"enemies":"3 Darklings","floor":35,"turns":6},{"damage":0,"enemies":"3 Shapes","floor":36,"turns":4},{"damage":0,"enemies":"Writhing Mass","floor":38,"turns":7},{"damage":0,"enemies":"Maw","floor":39,"turns":8},{"damage":4,"enemies":"Jaw Worm Horde","floor":41,"turns":6},{"damage":0,"enemies":"3 Darklings","floor":45,"turns":5},{"damage":0,"enemies":"Maw","floor":48,"turns":6},{"damage":0,"enemies":"Time Eater","floor":50,"turns":11}],"seed_played":"-3120386503268704768","potions_obtained":[{"floor":5,"key":"AttackPotion"},{"floor":10,"key":"EntropicBrew"},{"floor":12,"key":"Swift Potion"}],"is_trial":false,"path_per_floor":["M","?","?","M","M","R","?","R","T","E","R","M","M","M","R","B",null,"M","?","M","M","$","R","?","?","T","M","$","M","M","M","R","B",null,"M","M","?","M","M","R","M","R","T","R","M","T","R","M","R","B",null],"character_chosen":"DEFECT","items_purchased":["Runic Capacitor"],"campfire_rested":0,"item_purchase_floors":[22],"current_hp_per_floor":[60,49,71,71,71,71,71,71,71,71,71,63,44,24,24,8,55,44,44,40,35,35,35,35,35,35,29,29,29,27,27,27,27,33,23,23,23,23,30,30,33,33,33,33,35,35,35,35,35,35],"gold":324,"neow_bonus":"ONE_RANDOM_RARE_CARD","is_prod":false,"is_daily":false,"chose_seed":false,"campfire_upgraded":11,"win_rate":0,"timestamp":1548912141,"path_taken":["M","?","?","M","M","R","?","R","T","E","R","M","?","M","R","BOSS","M","?","M","M","$","R","?","?","T","M","?","?","M","M","R","BOSS","M","M","?","M","M","R","M","R","T","R","M","?","R","M","R","BOSS"],"build_version":"2019-01-23","purchased_purges":2,"victory":true,"max_hp_per_floor":[71,71,71,71,71,71,71,71,71,71,71,71,71,71,71,71,71,71,71,71,71,71,71,35,35,35,35,35,35,35,35,35,35,35,35,35,35,35,35,35,35,35,35,35,35,35,35,35,35,35],"card_choices":[{"not_picked":["Turbo","Cold Snap"],"picked":"Gash","floor":1},{"not_picked":["Consume","Steam"],"picked":"Hologram","floor":4},{"not_picked":["Leap","Stack","Cold Snap"],"picked":"SKIP","floor":5},{"not_picked":["Steam","Leap"],"picked":"Coolheaded","floor":10},{"not_picked":["Ball Lightning","Reinforced Body"],"picked":"Defragment","floor":12},{"not_picked":["Stack","Amplify"],"picked":"Chill","floor":13},{"not_picked":["Cold Snap","Sunder"],"picked":"Coolheaded","floor":14},{"not_picked":["Fission","Core Surge"],"picked":"All For One","floor":16},{"not_picked":["Barrage+1","Streamline","Conserve Battery"],"picked":"SKIP","floor":18},{"not_picked":["Doom and Gloom","Redo","Steam"],"picked":"SKIP","floor":20},{"not_picked":["Tempest","Go for the Eyes"],"picked":"Glacier","floor":21},{"not_picked":["Steam","Stack","Sweeping Beam"],"picked":"SKIP","floor":27},{"not_picked":["Coolheaded","Force Field"],"picked":"Capacitor","floor":29},{"not_picked":["Reinforced Body","Beam Cell"],"picked":"Reboot","floor":30},{"not_picked":["Chaos","Self Repair"],"picked":"Hologram","floor":31},{"not_picked":["Creative AI","Seek"],"picked":"Rainbow","floor":33},{"not_picked":["Leap","Hologram","Rip and Tear"],"picked":"SKIP","floor":35},{"not_picked":["Ball Lightning","Undo+1"],"picked":"FTL","floor":36},{"not_picked":["Beam Cell","Darkness"],"picked":"Self Repair","floor":38},{"not_picked":["Capacitor","Barrage"],"picked":"Skim","floor":39},{"not_picked":["Storm+1","Doom and Gloom","Coolheaded"],"picked":"SKIP","floor":41},{"not_picked":["Hologram+1","Heatsinks"],"picked":"Fusion","floor":45},{"not_picked":["Static Discharge+1","Force Field"],"picked":"Beam Cell","floor":48}],"player_experience":2429299,"relics_obtained":[{"floor":9,"key":"Dream Catcher"},{"floor":10,"key":"Orichalcum"},{"floor":26,"key":"Cables"},{"floor":43,"key":"Regal Pillow"},{"floor":46,"key":"Centennial Puzzle"}],"event_choices":[{"damage_healed":0,"gold_gain":75,"player_choice":"Gather Gold","damage_taken":11,"max_hp_gain":0,"max_hp_loss":0,"event_name":"World of Goop","floor":2,"gold_loss":0},{"damage_healed":23,"gold_gain":0,"player_choice":"Banana","damage_taken":0,"max_hp_gain":0,"max_hp_loss":0,"event_name":"Big Fish","floor":3,"gold_loss":0},{"cards_removed":["Strike_B"],"damage_healed":0,"gold_gain":0,"player_choice":"Card Removal","damage_taken":0,"max_hp_gain":0,"max_hp_loss":0,"event_name":"The Cleric","floor":7,"gold_loss":75},{"damage_healed":0,"gold_gain":0,"cards_transformed":["Strike_B","Strike_B"],"player_choice":"Became Test Subject","damage_taken":0,"max_hp_gain":0,"max_hp_loss":0,"event_name":"Drug Dealer","floor":19,"gold_loss":0,"cards_obtained":["Barrage","Compile Driver"]},{"damage_healed":0,"gold_gain":0,"player_choice":"Became a Ghost","damage_taken":0,"max_hp_gain":0,"max_hp_loss":36,"event_name":"Ghosts","floor":24,"gold_loss":0,"cards_obtained":["Ghostly","Ghostly","Ghostly"]},{"damage_healed":0,"gold_gain":50,"player_choice":"Stole From Cult","damage_taken":0,"max_hp_gain":0,"max_hp_loss":0,"event_name":"Nest","floor":25,"gold_loss":0},{"damage_healed":0,"gold_gain":0,"player_choice":"Ignored","damage_taken":0,"max_hp_gain":0,"max_hp_loss":0,"event_name":"Mysterious Sphere","floor":37,"gold_loss":0}],"is_beta":false,"boss_relics":[{"not_picked":["Snecko Eye","Black Star"],"picked":"Sozu"},{"not_picked":["Cursed Key","Astrolabe"],"picked":"Runic Pyramid"}],"items_purged_floors":[22,28],"is_endless":false,"potions_floor_spawned":[5,10,12,16,27,29,30,33,39,41,45],"ascension_level":16}