{"gold_per_floor":[114,133,58,76,94,124,144,176,176,205,205,240,254,254,254,350,350,371,391,427,352,45,81,61,97,127,158,171,86,86,122,122,216,216,229,249,273,273,59,102,102,136,148,11,233,271,295,295,295,295],"floor_reached":51,"playtime":2761,"items_purged":["Strike_G","Slice","Defend_G"],"score":1572,"play_id":"3143fc65-fb4d-45fc-a3db-c064324396cf","local_time":"20181005210053","is_ascension_mode":true,"campfire_choices":[{"floor":15.0,"key":"REST"},{"data":"Reflex","floor":30,"key":"SMITH"},{"data":"Footwork","floor":32,"key":"SMITH"},{"data":"Footwork","floor":41,"key":"SMITH"},{"floor":49,"key":"REST"}],"neow_cost":"NONE","seed_source_timestamp":282641554767134,"circlet_count":0,"master_deck":["Defend_G","Defend_G","Defend_G","Defend_G","Strike_G+1","Strike_G+1","Survivor","Neutralize+1","AscendersBane","Underhanded Strike","Dagger Throw","Terror","Acrobatics","Backflip","Escape Plan","Glass Knife+1","Tools of the Trade","Well Laid Plans","Reflex+1","Footwork+1","Footwork+1","Deflect","Backstab+1","Sucker Punch+1","Blur","Backflip+1"],"special_seed":0,"relics":["Black Star","Ninja Scroll","The Courier","Pen Nib","Whetstone","Blood Vial","Snake Skull","Juzu Bracelet","Molten Egg 2","Ornamental Fan","Golden Idol","Empty Cage","Red Mask","Mummified Hand","Art of War","Bag of Marbles","Regal Pillow","Vajra","Tiny Chest","Matryoshka","Question Card","Smiling Mask","Pear","Meat on the Bone","Busted Crown","Membership Card","Darkstone Periapt","Sundial","PreservedInsect","MawBank","Paper Crane","Bottled Flame","Bottled Tornado","Frozen Egg 2","Pantograph"],"potions_floor_usage":[23,23,25,31,40,42,50],"damage_taken":[{"damage":3.0,"enemies":"2 Louse","floor":1.0,"turns":4.0},{"damage":2.0,"enemies":"Jaw Worm","floor":2.0,"turns":5.0},{"damage":0.0,"enemies":"Cultist","floor":4.0,"turns":3.0},{"damage":10.0,"enemies":"Red Slaver","floor":5.0,"turns":3.0},{"damage":17.0,"enemies":"3 Sentries","floor":6.0,"turns":9.0},{"damage":6.0,"enemies":"Exordium Wildlife","floor":7.0,"turns":4.0},{"damage":4.0,"enemies":"Gremlin Nob","floor":8.0,"turns":4.0},{"damage":9.0,"enemies":"3 Sentries","floor":10.0,"turns":8.0},{"damage":13.0,"enemies":"Gremlin Nob","floor":12.0,"turns":3.0},{"damage":2.0,"enemies":"Lots of Slimes","floor":13.0,"turns":4.0},{"damage":11.0,"enemies":"Slime Boss","floor":16.0,"turns":7.0},{"damage":0,"enemies":"Spheric Guardian","floor":18,"turns":3},{"damage":3,"enemies":"2 Thieves","floor":19,"turns":4},{"damage":6,"enemies":"Masked Bandits","floor":20,"turns":4},{"damage":5,"enemies":"Slavers","floor":23,"turns":7},{"damage":8,"enemies":"Book of Stabbing","floor":25,"turns":5},{"damage":10,"enemies":"Gremlin Leader","floor":27,"turns":6},{"damage":0,"enemies":"Centurion and Healer","floor":28,"turns":3},{"damage":0,"enemies":"Book of Stabbing","floor":31,"turns":3},{"damage":43,"enemies":"Champ","floor":33,"turns":10},{"damage":9,"enemies":"3 Darklings","floor":35,"turns":4},{"damage":0,"enemies":"3 Shapes","floor":36,"turns":4},{"damage":2,"enemies":"Transient","floor":37,"turns":5},{"damage":19,"enemies":"Giant Head","floor":40,"turns":8},{"damage":15,"enemies":"2 Orb Walkers","floor":42,"turns":4},{"damage":0,"enemies":"Nemesis","floor":46,"turns":4},{"damage":0,"enemies":"Sphere and 2 Shapes","floor":47,"turns":6},{"damage":10,"enemies":"Donu and Deca","floor":50,"turns":12}],"seed_played":"-8034285574796147634","potions_obtained":[{"floor":4.0,"key":"AttackPotion"},{"floor":6.0,"key":"SpeedPotion"},{"floor":7.0,"key":"FearPotion"},{"floor":13.0,"key":"SpeedPotion"},{"floor":16.0,"key":"FearPotion"},{"floor":23,"key":"Fire Potion"},{"floor":24,"key":"Fire Potion"},{"floor":27,"key":"GhostInAJar"},{"floor":31,"key":"LiquidBronze"},{"floor":36,"key":"Strength Potion"},{"floor":40,"key":"Swift Potion"}],"is_trial":false,"path_per_floor":["M","M","$","M","M","E","M","E","T","E","?","E","M","?","R","B",null,"M","M","?","?","$","E","?","E","T","E","M","?","R","E","R","B",null,"M","M","M","?","$","E","R","E","T","$","?","E","M","?","R","B"],"character_chosen":"THE_SILENT","items_purchased":["Footwork","Mummified Hand","Footwork","Membership Card","Bottled Tornado"],"campfire_rested":2,"item_purchase_floors":[22,22,22,39,44],"current_hp_per_floor":[56,54,54,54,44,27,21,17,17,10,26,15,15,15,33,24,49,51,50,46,46,46,43,43,37,37,29,31,31,31,43,43,14,54,47,49,49,49,49,44,44,43,43,43,43,45,47,47,67,57],"gold":295,"neow_bonus":"BOSS_RELIC","is_prod":false,"is_daily":false,"chose_seed":false,"campfire_upgraded":3,"win_rate":0,"timestamp":1538744453,"path_taken":["M","M","$","M","M","E","M","E","T","E","?","E","M","?","R","BOSS","M","M","?","?","$","E","?","E","T","E","M","?","R","E","R","BOSS","M","M","M","?","?","E","R","E","T","$","?","E","M","?","R","BOSS"],"build_version":"2018-10-04","purchased_purges":3,"victory":true,"max_hp_per_floor":[66,66,66,66,66,66,66,66,66,66,66,66,66,60,60,60,57,57,57,57,57,57,57,57,57,57,57,57,57,57,67,67,67,67,67,67,67,67,67,67,67,67,67,67,67,67,67,67,67,67],"card_choices":[{"not_picked":["Poisoned Stab","Blade Dance"],"picked":"Underhanded Strike","floor":1.0},{"not_picked":["Eviscerate","Prepared"],"picked":"Dagger Throw","floor":2.0},{"not_picked":["Bouncing Flask","Setup"],"picked":"Terror","floor":4.0},{"not_picked":["Quick Slash","PiercingWail","Eviscerate"],"picked":"SKIP","floor":5.0},{"not_picked":["Deadly Poison","Underhanded Strike"],"picked":"Slice","floor":6.0},{"not_picked":["Bane","Masterful Stab","Outmaneuver"],"picked":"SKIP","floor":7.0},{"not_picked":["Prepared","Well Laid Plans"],"picked":"Acrobatics","floor":8.0},{"not_picked":["Blade Dance","Skewer"],"picked":"Backflip","floor":10.0},{"not_picked":["Sucker Punch","Choke"],"picked":"Escape Plan","floor":12.0},{"not_picked":["Underhanded Strike+1","Accuracy"],"picked":"Glass Knife+1","floor":13.0},{"not_picked":["Phantasmal Killer","Doppelganger"],"picked":"Tools of the Trade","floor":16.0},{"not_picked":["Dagger Spray+1","Skewer+1"],"picked":"Well Laid Plans","floor":18},{"not_picked":["Calculated Gamble","Poisoned Stab+1","Crippling Poison"],"picked":"SKIP","floor":19},{"not_picked":["Finisher+1","Prepared+1"],"picked":"Reflex","floor":20},{"not_picked":["Dash+1","Backflip"],"picked":"Deflect","floor":23},{"not_picked":["Reflex","Dagger Throw+1"],"picked":"Backstab+1","floor":25},{"not_picked":["Bane+1","Masterful Stab+1","Skewer+1"],"picked":"SKIP","floor":27},{"not_picked":["Blade Dance","Crippling Poison","Expertise","Acrobatics"],"picked":"SKIP","floor":28},{"not_picked":["Underhanded Strike+1","Heel Hook+1","Terror","Dagger Throw+1"],"picked":"SKIP","floor":31},{"not_picked":["Heel Hook+1"],"picked":"Sucker Punch+1","floor":35},{"not_picked":["Backflip+1","Bane+1"],"picked":"SKIP","floor":36},{"not_picked":["Finisher+1","PiercingWail"],"picked":"SKIP","floor":37},{"not_picked":["All Out Attack+1","Infinite Blades"],"picked":"SKIP","floor":40},{"not_picked":["Reflex"],"picked":"Blur","floor":42},{"not_picked":["Finisher+1","Backflip+1"],"picked":"SKIP","floor":46},{"not_picked":["Finisher+1"],"picked":"Backflip+1","floor":46},{"not_picked":["PiercingWail","Flying Knee+1"],"picked":"SKIP","floor":47}],"player_experience":192656,"relics_obtained":[{"floor":6.0,"key":"Ninja Scroll"},{"floor":6.0,"key":"The Courier"},{"floor":8.0,"key":"Pen Nib"},{"floor":8.0,"key":"Whetstone"},{"floor":9.0,"key":"Blood Vial"},{"floor":10.0,"key":"Snake Skull"},{"floor":10.0,"key":"Juzu Bracelet"},{"floor":12.0,"key":"Molten Egg 2"},{"floor":12.0,"key":"Ornamental Fan"},{"floor":20,"key":"Red Mask"},{"floor":23,"key":"Art of War"},{"floor":23,"key":"Bag of Marbles"},{"floor":25,"key":"Regal Pillow"},{"floor":25,"key":"Vajra"},{"floor":26,"key":"Tiny Chest"},{"floor":27,"key":"Matryoshka"},{"floor":27,"key":"Question Card"},{"floor":31,"key":"Pear"},{"floor":31,"key":"Meat on the Bone"},{"floor":40,"key":"Darkstone Periapt"},{"floor":40,"key":"Sundial"},{"floor":42,"key":"PreservedInsect"},{"floor":42,"key":"MawBank"},{"floor":43,"key":"Paper Crane"},{"floor":43,"key":"Bottled Flame"},{"floor":46,"key":"Frozen Egg 2"},{"floor":46,"key":"Pantograph"}],"event_choices":[{"event_name":"Mushrooms","player_choice":"Healed and dodged fight","floor":11.0,"damage_taken":0.0},{"event_name":"Golden Idol","player_choice":"Lose Max HP","floor":14.0,"damage_taken":0.0},{"event_name":"Masked Bandits","player_choice":"Fought Bandits","floor":20,"damage_taken":0},{"event_name":"Beggar","player_choice":"Gave Gold","floor":21,"damage_taken":0},{"event_name":"The Woman in Blue","player_choice":"Bought 1 Potion","floor":24,"damage_taken":0},{"event_name":"Addict","player_choice":"Obtained Relic","floor":29,"damage_taken":0},{"event_name":"Accursed Blacksmith","player_choice":"Forge","floor":38,"damage_taken":0},{"event_name":"Tomb of Lord Red Mask","player_choice":"Wore Mask","floor":45,"damage_taken":0},{"event_name":"SensoryStone","player_choice":"Memory 1","floor":48,"damage_taken":0}],"is_beta":false,"boss_relics":[{"not_picked":["Velvet Choker","Calling Bell"],"picked":"Empty Cage"},{"not_picked":["Runic Dome","Cursed Key"],"picked":"Busted Crown"}],"items_purged_floors":[3,39,44],"is_endless":false,"potions_floor_spawned":[4,6,7,13,16,23,27,31,36,37,40],"ascension_level":15}