{"gold_per_floor":[19,31,31,46,121,165,165,201,201,215,215,229,229,252,252,382,382,405,504,352,367,124,168,168,191,191,214,258,258,271,305,305,409,409,421,421,438,5,19,47,64,76,76,107,107,123,123,142,142,142],"floor_reached":51,"playtime":3951,"items_purged":["Injury","Strike_R","Strike_R"],"score":870,"play_id":"246496d9-095c-4902-8aab-e1f06d80e2ce","local_time":"20190806155451","is_ascension_mode":true,"campfire_choices":[{"data":"Whirlwind","floor":7,"key":"SMITH"},{"data":"1","floor":13,"key":"LIFT"},{"data":"2","floor":15,"key":"LIFT"},{"data":"3","floor":24,"key":"LIFT"},{"floor":32,"key":"RECALL"},{"floor":49,"key":"REST"}],"neow_cost":"NO_GOLD","seed_source_timestamp":1385749974871427,"circlet_count":0,"master_deck":["Strike_R","Strike_R","Strike_R","Defend_R","Defend_R","Defend_R","Defend_R","Bash","Whirlwind+1","Ghostly Armor","Flex","Feed","Battle Trance","Armaments","Pommel Strike+1","Pommel Strike+1","Headbutt+1","Offering","Offering","Secret Technique","Master of Strategy","Flash of Steel","Flex","Parasite","Shrug It Off","Whirlwind+1","Battle Trance+1","Writhe"],"relics":["Burning Blood","Bloody Idol","Question Card","Vajra","Kunai","Girya","Fusion Hammer","Strawberry","Pen Nib","Bottled Flame","FossilizedHelix","Regal Pillow","Sozu","Mango","Ice Cream","Bronze Scales","Toxic Egg 2"],"potions_floor_usage":[6,6,23,28,33,33,33],"damage_taken":[{"damage":14,"enemies":"Jaw Worm","floor":1,"turns":4},{"damage":5,"enemies":"2 Louse","floor":2,"turns":2},{"damage":5,"enemies":"Cultist","floor":4,"turns":5},{"damage":6,"enemies":"3 Sentries","floor":6,"turns":5},{"damage":27,"enemies":"Gremlin Nob","floor":8,"turns":4},{"damage":9,"enemies":"2 Fungi Beasts","floor":10,"turns":2},{"damage":5,"enemies":"3 Louse","floor":12,"turns":2},{"damage":0,"enemies":"Large Slime","floor":14,"turns":4},{"damage":28,"enemies":"Slime Boss","floor":16,"turns":8},{"damage":8,"enemies":"Spheric Guardian","floor":18,"turns":4},{"damage":5,"enemies":"Chosen","floor":21,"turns":3},{"damage":28,"enemies":"Slavers","floor":23,"turns":4},{"damage":0,"enemies":"3 Cultists","floor":25,"turns":2},{"damage":0,"enemies":"Sentry and Sphere","floor":27,"turns":2},{"damage":0,"enemies":"Gremlin Leader","floor":28,"turns":3},{"damage":5,"enemies":"Cultist and Chosen","floor":30,"turns":3},{"damage":0,"enemies":"Slavers","floor":31,"turns":1},{"damage":21,"enemies":"Collector","floor":33,"turns":5},{"damage":0,"enemies":"3 Darklings","floor":35,"turns":1},{"damage":21,"enemies":"3 Shapes","floor":37,"turns":1},{"damage":32,"enemies":"Writhing Mass","floor":39,"turns":3},{"damage":18,"enemies":"Nemesis","floor":40,"turns":3},{"damage":0,"enemies":"Transient","floor":41,"turns":5},{"damage":0,"enemies":"Jaw Worm Horde","floor":42,"turns":1},{"damage":13,"enemies":"Reptomancer","floor":44,"turns":4},{"damage":0,"enemies":"3 Darklings","floor":46,"turns":1},{"damage":16,"enemies":"Maw","floor":48,"turns":5},{"damage":48,"enemies":"Donu and Deca","floor":50,"turns":4}],"seed_played":"522583293052373921","potions_obtained":[{"floor":1,"key":"Fire Potion"},{"floor":2,"key":"EssenceOfSteel"},{"floor":8,"key":"Ancient Potion"},{"floor":12,"key":"Dexterity Potion"},{"floor":21,"key":"Strength Potion"},{"floor":25,"key":"SkillPotion"},{"floor":27,"key":"Fire Potion"},{"floor":31,"key":"Weak Potion"}],"is_trial":false,"path_per_floor":["M","M","?","M","?","E","R","E","T","M","?","M","R","M","R","B",null,"M","?","$","M","$","E","R","M","T","M","E","?","M","E","R","B",null,"M","?","M","$","M","E","M","M","T","E","?","M","$","M","R","B",null],"character_chosen":"IRONCLAD","items_purchased":["Battle Trance","Strawberry","Mango"],"campfire_rested":1,"item_purchase_floors":[20,22,38],"current_hp_per_floor":[88,89,89,90,79,79,79,58,58,55,55,56,56,62,62,40,96,94,94,94,95,102,83,83,89,89,98,104,104,112,112,112,102,112,112,102,92,106,85,78,89,100,100,98,126,126,126,121,126,84],"gold":142,"neow_bonus":"TWENTY_PERCENT_HP_BONUS","is_prod":false,"is_daily":false,"chose_seed":false,"campfire_upgraded":1,"win_rate":0,"timestamp":1565099691,"path_taken":["M","M","?","M","?","E","R","E","T","?","?","M","R","?","R","BOSS","M","?","$","M","$","E","R","M","T","M","E","?","M","E","R","BOSS","M","?","M","$","M","E","M","M","T","E","?","M","?","?","R","BOSS"],"build_version":"2019-07-17","purchased_purges":3,"victory":true,"max_hp_per_floor":[96,96,96,96,96,96,96,96,96,96,96,96,96,96,96,96,96,96,96,96,96,103,106,106,106,106,109,109,109,112,112,112,112,112,112,112,112,126,126,126,126,126,126,126,126,126,126,126,126,126],"card_choices":[{"not_picked":["Power Through","Flex"],"picked":"Whirlwind","floor":1},{"not_picked":["Rage","Body Slam","Rupture"],"picked":"SKIP","floor":2},{"not_picked":["Wild Strike","Havoc","Thunderclap"],"picked":"SKIP","floor":4},{"not_picked":["Uppercut","Cleave","Reckless Charge"],"picked":"SKIP","floor":6},{"not_picked":["Thunderclap","Cleave","Second Wind","Searing Blow"],"picked":"SKIP","floor":8},{"not_picked":["Carnage","Blood for Blood","Feel No Pain","Evolve"],"picked":"SKIP","floor":10},{"not_picked":["Cleave","Evolve","Twin Strike"],"picked":"Ghostly Armor","floor":12},{"not_picked":["Body Slam","Headbutt","Thunderclap"],"picked":"Flex","floor":14},{"not_picked":["Limit Break","Fiend Fire","Double Tap"],"picked":"Feed","floor":16},{"not_picked":["True Grit","Body Slam","Warcry","Anger"],"picked":"SKIP","floor":18},{"not_picked":["Seeing Red","Iron Wave","Ghostly Armor+1"],"picked":"Armaments","floor":21},{"not_picked":["Evolve","Sword Boomerang","Feel No Pain","Entrench+1"],"picked":"SKIP","floor":23},{"not_picked":["Cleave","Corruption","Carnage+1"],"picked":"Pommel Strike+1","floor":25},{"not_picked":["Headbutt","Iron Wave","Havoc"],"picked":"Pommel Strike+1","floor":27},{"not_picked":["Perfected Strike+1","Fire Breathing","Body Slam"],"picked":"Headbutt+1","floor":28},{"not_picked":["Sword Boomerang","Iron Wave+1","Ghostly Armor+1","Body Slam"],"picked":"SKIP","floor":30},{"not_picked":["Heavy Blade","Rage","Headbutt"],"picked":"Offering","floor":31},{"not_picked":["Exhume","Fiend Fire","Juggernaut"],"picked":"Offering","floor":33},{"not_picked":["Body Slam+1","Rage+1","Iron Wave+1","Disarm"],"picked":"SKIP","floor":35},{"not_picked":["Sadistic Nature","Trip","Forethought"],"picked":"Secret Technique","floor":36},{"not_picked":["Purity","Flash of Steel","Discovery"],"picked":"Master of Strategy","floor":36},{"not_picked":["Discovery","Magnetism","Deep Breath"],"picked":"Flash of Steel","floor":36},{"not_picked":["Searing Blow+1","Carnage+1","Headbutt+1"],"picked":"Flex","floor":37},{"not_picked":["True Grit+1","Metallicize","Body Slam","Dark Embrace"],"picked":"SKIP","floor":39},{"not_picked":["Flex","Bludgeon","Second Wind+1"],"picked":"Shrug It Off","floor":40},{"not_picked":["Warcry","Intimidate+1","Sentinel+1"],"picked":"Whirlwind+1","floor":41},{"not_picked":["Wild Strike","Shrug It Off","Flex"],"picked":"Battle Trance+1","floor":42},{"not_picked":["Sentinel","Shrug It Off","True Grit+1","Pummel"],"picked":"SKIP","floor":44},{"not_picked":["Second Wind+1","Havoc+1","Wild Strike+1","Battle Trance+1"],"picked":"SKIP","floor":46},{"not_picked":["Sever Soul","Intimidate+1","Bloodletting+1","Exhume+1"],"picked":"SKIP","floor":48}],"player_experience":161146,"relics_obtained":[{"floor":6,"key":"Question Card"},{"floor":8,"key":"Vajra"},{"floor":9,"key":"Kunai"},{"floor":23,"key":"Pen Nib"},{"floor":26,"key":"Bottled Flame"},{"floor":28,"key":"FossilizedHelix"},{"floor":31,"key":"Regal Pillow"},{"floor":40,"key":"Ice Cream"},{"floor":43,"key":"Bronze Scales"},{"floor":44,"key":"Toxic Egg 2"}],"event_choices":[{"damage_healed":0,"gold_gain":0,"player_choice":"Take Wound","damage_taken":0,"relics_obtained":["Golden Idol"],"max_hp_gain":0,"max_hp_loss":0,"event_name":"Golden Idol","floor":3,"gold_loss":0,"cards_obtained":["Injury"]},{"damage_healed":0,"gold_gain":75,"player_choice":"Gather Gold","damage_taken":11,"max_hp_gain":0,"max_hp_loss":0,"event_name":"World of Goop","floor":5,"gold_loss":0},{"damage_healed":0,"gold_gain":0,"player_choice":"Gave Potion","damage_taken":0,"relics_obtained":["Girya"],"max_hp_gain":0,"max_hp_loss":0,"event_name":"WeMeetAgain","floor":11,"gold_loss":0},{"damage_healed":0,"gold_gain":99,"player_choice":"Stole From Cult","damage_taken":0,"max_hp_gain":0,"max_hp_loss":0,"event_name":"Nest","floor":19,"gold_loss":0},{"damage_healed":0,"gold_gain":0,"player_choice":"Gave Idol","damage_taken":0,"relics_obtained":["Bloody Idol"],"max_hp_gain":0,"max_hp_loss":0,"event_name":"Forgotten Altar","floor":29,"relics_lost":["Golden Idol"],"gold_loss":0},{"damage_healed":0,"gold_gain":0,"player_choice":"Memory 3","damage_taken":10,"max_hp_gain":0,"max_hp_loss":0,"event_name":"SensoryStone","floor":36,"gold_loss":0},{"damage_healed":32,"gold_gain":0,"player_choice":"Writhe","damage_taken":0,"max_hp_gain":0,"max_hp_loss":0,"event_name":"Winding Halls","floor":45,"gold_loss":0,"cards_obtained":["Writhe"]}],"is_beta":false,"boss_relics":[{"not_picked":["Calling Bell","White Beast Statue"],"picked":"Fusion Hammer"},{"not_picked":["Black Star","Runic Pyramid"],"picked":"Sozu"}],"items_purged_floors":[20,22,38],"is_endless":false,"potions_floor_spawned":[1,2,8,12,21,25,27,31,35,37,41,44,48],"ascension_level":1}