{"gold_per_floor":[12,27,177,49,65,65,93,93,93,123,123,123,134,84,84,159,159,171,187,187,187],"floor_reached":21,"playtime":1043,"items_purged":["Doubt","Strike_B"],"score":374,"play_id":"336b2642-8532-4496-ac66-6cc6da84d4ff","local_time":"20190127213621","is_ascension_mode":true,"campfire_choices":[{"data":"Dualcast","floor":6.0,"key":"SMITH"},{"data":"Capacitor","floor":8.0,"key":"SMITH"},{"data":"Zap","floor":11.0,"key":"SMITH"},{"data":"Electrodynamics","floor":15.0,"key":"SMITH"}],"neow_cost":"NO_GOLD","seed_source_timestamp":28155745988884,"circlet_count":0,"master_deck":["AscendersBane","Strike_B","Strike_B","Strike_B","Defend_B","Defend_B","Defend_B+1","Defend_B","Zap+1","Dualcast+1","Electrodynamics+1","Capacitor+1","Coolheaded+1","Electrodynamics","Fission","White Noise"],"special_seed":0,"relics":["Cracked Core","Dodecahedron","War Paint","Smiling Mask","Cursed Key"],"potions_floor_usage":[20],"damage_taken":[{"damage":7.0,"enemies":"Jaw Worm","floor":1.0,"turns":3.0},{"damage":0.0,"enemies":"2 Louse","floor":2.0,"turns":1.0},{"damage":1.0,"enemies":"Cultist","floor":5.0,"turns":4.0},{"damage":5.0,"enemies":"3 Sentries","floor":7.0,"turns":3.0},{"damage":21.0,"enemies":"Lagavulin","floor":10.0,"turns":7.0},{"damage":10.0,"enemies":"Looter","floor":13.0,"turns":3.0},{"damage":13.0,"enemies":"Slime Boss","floor":16.0,"turns":6.0},{"damage":12.0,"enemies":"theJungle:Flameango_and_Byrd","floor":18.0,"turns":4.0},{"damage":16,"enemies":"theJungle:GiantWrat","floor":19,"turns":5},{"damage":34,"enemies":"theJungle:2_Flameangoes","floor":21,"turns":2}],"seed_played":"2283871506635152155","potions_obtained":[{"floor":5.0,"key":"Block Potion"},{"floor":7.0,"key":"EntropicBrew"},{"floor":16.0,"key":"SteroidPotion"},{"floor":20,"key":"Fruit Juice"},{"floor":20,"key":"Strength Potion"}],"is_trial":false,"path_per_floor":["M","M","?","$","M","R","E","R","T","E","R","?","M","$","R","B",null,"M","M","?","M"],"character_chosen":"DEFECT","items_purchased":["AttackPotion"],"campfire_rested":0,"item_purchase_floors":[4],"current_hp_per_floor":[57,57,57,57,56,56,51,51,51,30,30,30,20,20,20,7,55,43,27,32,0],"gold":187,"neow_bonus":"THREE_RARE_CARDS","is_prod":false,"is_daily":false,"chose_seed":false,"campfire_upgraded":4,"win_rate":0,"timestamp":1548596181,"path_taken":["M","M","?","$","M","R","E","R","T","E","R","?","?","$","R","BOSS","M","M","?","?"],"build_version":"2019-01-23","purchased_purges":2,"victory":false,"max_hp_per_floor":[71,71,71,71,71,71,71,71,71,71,71,71,71,71,71,71,71,71,71,76,76],"card_choices":[{"not_picked":["Meteor Strike","Creative AI"],"picked":"Electrodynamics","floor":0.0},{"not_picked":["Ball Lightning","Auto Shields"],"picked":"Capacitor","floor":1.0},{"not_picked":["Compile Driver","Fusion"],"picked":"Coolheaded","floor":2.0},{"not_picked":["Beam Cell","Fusion","Turbo"],"picked":"SKIP","floor":5.0},{"not_picked":["Fusion","Rebound"],"picked":"Electrodynamics","floor":7.0},{"not_picked":["Redo","Sweeping Beam","Steam Power"],"picked":"SKIP","floor":10.0},{"not_picked":["Hologram","Compile Driver","Turbo"],"picked":"SKIP","floor":13.0},{"not_picked":["Core Surge","Buffer"],"picked":"Fission","floor":16.0},{"not_picked":["Turbo","Streamline"],"picked":"White Noise","floor":18.0},{"not_picked":["Double Energy","Streamline","Cold Snap"],"picked":"SKIP","floor":19}],"player_experience":2333306,"relics_obtained":[{"floor":7.0,"key":"Dodecahedron"},{"floor":9.0,"key":"War Paint"},{"floor":10.0,"key":"Smiling Mask"}],"event_choices":[{"damage_healed":0.0,"max_hp_gain":0.0,"max_hp_loss":0.0,"gold_gain":150.0,"event_name":"Liars Game","player_choice":"AGREE","floor":3.0,"gold_loss":0.0,"damage_taken":0.0,"cards_obtained":["Doubt"]},{"damage_healed":0.0,"max_hp_gain":0.0,"max_hp_loss":0.0,"gold_gain":0.0,"event_name":"Dead Adventurer","player_choice":"Searched \u00270\u0027 times","floor":12.0,"gold_loss":0.0,"damage_taken":0.0},{"damage_healed":0,"gold_gain":0,"player_choice":"Got Potions","damage_taken":0,"max_hp_gain":0,"max_hp_loss":0,"event_name":"Lab","floor":20,"gold_loss":0}],"is_beta":false,"boss_relics":[{"not_picked":["Calling Bell","Sozu"],"picked":"Cursed Key"}],"items_purged_floors":[4,14],"is_endless":false,"potions_floor_spawned":[5,7,16],"killed_by":"theJungle:2_Flameangoes","ascension_level":20}