{"gold_per_floor":[217,367,367,15,31,31,43,72,72,72,72,100,100,57,57,132,132,142,48,48,64,64,64,93,111,111,111,36,36,36,53,53,124,124,140,40,67,86,86,113,24,50,50,50,69,97,114,125,125,125,125,125,125,0,28,28],"floor_reached":56,"playtime":3032,"items_purged":["Strike_G+1","Strike_G+1","Strike_G+1"],"score":1953,"play_id":"afc53e0c-8ace-407b-b866-3fe9e8b1e8a2","local_time":"20190318170431","is_ascension_mode":true,"campfire_choices":[{"data":"Cloak And Dagger","floor":6.0,"key":"SMITH"},{"data":"Cloak And Dagger","floor":10.0,"key":"SMITH"},{"data":"Well Laid Plans","floor":13.0,"key":"SMITH"},{"data":"Neutralize","floor":15.0,"key":"SMITH"},{"data":"Well Laid Plans","floor":23.0,"key":"SMITH"},{"data":"Cloak And Dagger","floor":27.0,"key":"SMITH"},{"data":"Caltrops","floor":29.0,"key":"SMITH"},{"data":"Cloak And Dagger","floor":32.0,"key":"SMITH"},{"floor":44.0,"key":"RECALL"},{"data":"Finisher","floor":49,"key":"SMITH"},{"data":"Escape Plan","floor":53,"key":"SMITH"}],"neow_cost":"NONE","seed_source_timestamp":19087755204270,"circlet_count":0,"master_deck":["AscendersBane","Defend_G+1","Defend_G+1","Defend_G+1","Defend_G+1","Defend_G+1","Strike_G+1","Strike_G+1","Survivor","Neutralize+1","Well Laid Plans+1","Infinite Blades","Cloak And Dagger+1","Cloak And Dagger+1","Adrenaline","Escape Plan+1","Well Laid Plans+1","Caltrops+1","Infinite Blades","Backflip","Backflip","Cloak And Dagger+1","Cloak And Dagger+1","After Image","Finisher+1","Infinite Blades","After Image"],"special_seed":0,"relics":["Ring of the Snake","CultistMask","Kunai","Bottled Lightning","Letter Opener","Omamori","Coffee Dripper","Blood Vial","Red Mask","WristBlade","PreservedInsect","Lantern","Boot","Darkstone Periapt","Singing Bowl","Mummified Hand"],"potions_floor_usage":[46,46,51],"damage_taken":[{"damage":1.0,"enemies":"Small Slimes","floor":1.0,"turns":5.0},{"damage":5.0,"enemies":"2 Louse","floor":5.0,"turns":4.0},{"damage":0.0,"enemies":"Cultist","floor":7.0,"turns":4.0},{"damage":7.0,"enemies":"3 Sentries","floor":8.0,"turns":12.0},{"damage":10.0,"enemies":"Lagavulin","floor":12.0,"turns":11.0},{"damage":1.0,"enemies":"Hexaghost","floor":16.0,"turns":15.0},{"damage":0.0,"enemies":"3 Byrds","floor":18.0,"turns":5.0},{"damage":1.0,"enemies":"Spheric Guardian","floor":21.0,"turns":5.0},{"damage":2.0,"enemies":"Masked Bandits","floor":24.0,"turns":3.0},{"damage":0.0,"enemies":"Chosen and Byrds","floor":25.0,"turns":5.0},{"damage":0.0,"enemies":"3 Cultists","floor":31.0,"turns":4.0},{"damage":18.0,"enemies":"Collector","floor":33.0,"turns":16.0},{"damage":0.0,"enemies":"3 Shapes","floor":35.0,"turns":4.0},{"damage":0.0,"enemies":"3 Darklings","floor":38.0,"turns":5.0},{"damage":0.0,"enemies":"Giant Head","floor":40.0,"turns":6.0},{"damage":0.0,"enemies":"Nemesis","floor":42.0,"turns":7.0},{"damage":0.0,"enemies":"Transient","floor":45.0,"turns":6.0},{"damage":3,"enemies":"Reptomancer","floor":46,"turns":6},{"damage":0,"enemies":"4 Shapes","floor":47,"turns":10},{"damage":0,"enemies":"3 Darklings","floor":48,"turns":6},{"damage":10,"enemies":"Donu and Deca","floor":50,"turns":11},{"damage":29,"enemies":"Time Eater","floor":51,"turns":11},{"damage":49,"enemies":"Shield and Spear","floor":55,"turns":8},{"damage":21,"enemies":"The Heart","floor":56,"turns":2}],"seed_played":"8188195952994989524","potions_obtained":[{"floor":5.0,"key":"SteroidPotion"},{"floor":12.0,"key":"Explosive Potion"},{"floor":16.0,"key":"FearPotion"},{"floor":31.0,"key":"SkillPotion"},{"floor":33.0,"key":"Explosive Potion"},{"floor":46,"key":"SteroidPotion"},{"floor":47,"key":"PowerPotion"}],"is_trial":false,"path_per_floor":["M","?","?","$","M","R","M","E","T","R","?","E","R","$","R","B",null,"M","$","?","M","?","R","?","M","T","R","$","R","$","M","R","B",null,"M","$","T","M","$","E","$","E","T","R","M","E","M","M","R","B","B",null,"R","$","E","B"],"character_chosen":"THE_SILENT","items_purchased":["Kunai","Infinite Blades","Well Laid Plans","Infinite Blades","Backflip","Infinite Blades"],"campfire_rested":0,"item_purchase_floors":[4,4,14,19,19,41],"current_hp_per_floor":[58,58,58,58,53,53,53,46,46,46,46,36,36,36,36,35,58,58,58,58,59,59,59,59,61,61,61,61,61,61,63,63,47,61,63,63,63,65,65,66,66,66,66,66,66,65,69,72,72,62,35,63,63,63,18,0],"gold":28,"neow_bonus":"HUNDRED_GOLD","is_prod":false,"is_daily":false,"chose_seed":false,"campfire_upgraded":10,"win_rate":0,"timestamp":1552899871,"path_taken":["M","?","?","$","M","R","?","E","T","R","?","E","R","$","R","BOSS","M","$","?","M","?","R","?","?","T","R","$","R","?","M","R","BOSS","M","?","?","M","$","E","$","E","T","R","M","E","M","?","R","BOSS","BOSS","R","$","E","BOSS"],"build_version":"2019-01-23","purchased_purges":3,"victory":false,"max_hp_per_floor":[66,66,66,66,66,66,66,66,66,66,66,66,66,66,66,66,66,66,66,66,66,66,66,66,66,66,66,66,66,66,66,66,66,66,66,66,66,66,66,66,66,66,66,66,66,68,70,72,72,72,72,72,72,72,74,74],"card_choices":[{"not_picked":["Dagger Throw","Flying Knee"],"picked":"Well Laid Plans","floor":1.0},{"not_picked":["Slice","Footwork"],"picked":"Cloak And Dagger","floor":5.0},{"not_picked":["Prepared","Quick Slash"],"picked":"Cloak And Dagger","floor":7.0},{"not_picked":["Blade Dance","Slice"],"picked":"Adrenaline","floor":8.0},{"not_picked":["Quick Slash","Flying Knee"],"picked":"Escape Plan","floor":12.0},{"not_picked":["Dodge and Roll","Underhanded Strike"],"picked":"Caltrops","floor":18.0},{"not_picked":["Deadly Poison","Underhanded Strike+1","Sucker Punch"],"picked":"SKIP","floor":21.0},{"not_picked":["Sucker Punch","PiercingWail"],"picked":"Backflip","floor":24.0},{"not_picked":["Prepared","Blade Dance"],"picked":"Cloak And Dagger","floor":25.0},{"not_picked":["Slice","Acrobatics+1"],"picked":"Cloak And Dagger","floor":31.0},{"not_picked":["Die Die Die","Tools of the Trade"],"picked":"After Image","floor":33.0},{"not_picked":["Slice","Catalyst"],"picked":"Finisher","floor":35.0},{"not_picked":["Sucker Punch","Calculated Gamble","Deadly Poison"],"picked":"SKIP","floor":38.0},{"not_picked":["Dagger Spray","Crippling Poison","Flying Knee"],"picked":"SKIP","floor":40.0},{"not_picked":["Outmaneuver+1","Catalyst","Underhanded Strike+1"],"picked":"SKIP","floor":42.0},{"not_picked":["Tactician","PiercingWail"],"picked":"After Image","floor":45.0},{"not_picked":["Bane","Quick Slash+1","Dagger Spray"],"picked":"Singing Bowl","floor":46},{"not_picked":["Dagger Spray","Glass Knife","PiercingWail"],"picked":"Singing Bowl","floor":47},{"not_picked":["Endless Agony","Blade Dance","Prepared"],"picked":"Singing Bowl","floor":48},{"not_picked":["Accuracy","Deflect","Noxious Fumes"],"picked":"Singing Bowl","floor":55}],"player_experience":3684564,"relics_obtained":[{"floor":8.0,"key":"Bottled Lightning"},{"floor":9.0,"key":"Letter Opener"},{"floor":12.0,"key":"Omamori"},{"floor":24.0,"key":"Red Mask"},{"floor":37.0,"key":"PreservedInsect"},{"floor":40.0,"key":"Lantern"},{"floor":42.0,"key":"Boot"},{"floor":43.0,"key":"Darkstone Periapt"},{"floor":46,"key":"Singing Bowl"},{"floor":55,"key":"Mummified Hand"}],"event_choices":[{"damage_healed":0.0,"max_hp_gain":0.0,"max_hp_loss":0.0,"gold_gain":150.0,"event_name":"Liars Game","player_choice":"AGREE","floor":2.0,"gold_loss":0.0,"damage_taken":0.0,"cards_obtained":["Doubt"]},{"damage_healed":0.0,"max_hp_gain":0.0,"max_hp_loss":0.0,"gold_gain":0.0,"event_name":"FaceTrader","player_choice":"Trade","floor":3.0,"gold_loss":0.0,"damage_taken":0.0,"relics_obtained":["CultistMask"]},{"cards_removed":["Doubt"],"damage_healed":0.0,"max_hp_gain":0.0,"max_hp_loss":0.0,"gold_gain":0.0,"event_name":"Living Wall","player_choice":"Forget","floor":11.0,"gold_loss":0.0,"damage_taken":0.0},{"damage_healed":0.0,"max_hp_gain":0.0,"max_hp_loss":0.0,"gold_gain":0.0,"event_name":"Addict","player_choice":"Stole Relic","floor":20.0,"gold_loss":0.0,"damage_taken":0.0,"relics_obtained":["Blood Vial"],"cards_obtained":["Shame"]},{"damage_healed":0.0,"max_hp_gain":0.0,"max_hp_loss":0.0,"gold_gain":0.0,"event_name":"Back to Basics","player_choice":"Simplicity","floor":22.0,"gold_loss":0.0,"damage_taken":0.0,"cards_upgraded":["Defend_G","Defend_G","Defend_G","Defend_G","Defend_G","Strike_G","Strike_G","Strike_G","Strike_G","Strike_G"]},{"damage_healed":0.0,"max_hp_gain":0.0,"max_hp_loss":0.0,"gold_gain":0.0,"event_name":"Masked Bandits","player_choice":"Fought Bandits","floor":24.0,"gold_loss":0.0,"damage_taken":0.0}],"is_beta":false,"boss_relics":[{"not_picked":["Velvet Choker","Fusion Hammer"],"picked":"Coffee Dripper"},{"not_picked":["Ring of the Serpent","Black Star"],"picked":"WristBlade"}],"items_purged_floors":[28,36,54],"is_endless":false,"potions_floor_spawned":[5,12,16,31,33,40,42,46,47,48],"killed_by":"The Heart","ascension_level":20}