{"gold_per_floor":[109,59,72,72,72,105,105,115,115,172,191,191,41,59,59,157,157,173,173,0,0,11,11,11,11,82,115,133,165,165,185,185,289,289,304,324,25,37,37,37,37,0,82,19,19,19,19,19,19,19],"floor_reached":51,"playtime":1749,"items_purged":["Strike_B","Strike_B","Defend_B"],"score":734,"play_id":"df180229-dcca-4ab5-98cb-2a4485f22afc","local_time":"20190618161925","is_ascension_mode":false,"campfire_choices":[{"data":"Defragment","floor":7,"key":"SMITH"},{"data":"Capacitor","floor":12,"key":"SMITH"},{"data":"Consume","floor":15,"key":"SMITH"},{"data":"Enlightenment","floor":23,"key":"SMITH"},{"data":"Amplify","floor":30,"key":"SMITH"},{"data":"Dualcast","floor":32,"key":"SMITH"},{"data":"Storm","floor":40,"key":"SMITH"},{"data":"Chill","floor":41,"key":"SMITH"},{"data":"Chill","floor":45,"key":"SMITH"},{"data":"Chill","floor":47,"key":"SMITH"},{"data":"Capacitor","floor":49,"key":"SMITH"}],"neow_cost":"NONE","seed_source_timestamp":21304478355202,"circlet_count":0,"master_deck":["Defend_B","Defend_B","Zap","Dualcast+1","Chill+1","Defragment+1","Chill+1","Consume+1","Capacitor+1","Creative AI","Creative AI","Amplify+1","Chill+1","Enlightenment+1","Go for the Eyes+1","Core Surge+1","Coolheaded+1","Coolheaded+1","Reboot+1","White Noise+1","Storm+1","Static Discharge","Meteor Strike+1","Turbo+1","Defragment","Capacitor+1","Force Field+1","Loop","Panache","Finesse+1","Panache"],"relics":["Cracked Core","NeowsBlessing","Dodecahedron","Blood Vial","Bird Faced Urn","Molten Egg 2","Runic Pyramid","Juzu Bracelet","WingedGreaves","Toxic Egg 2","Oddly Smooth Stone","Red Mask","Orrery","Membership Card","Sundial"],"potions_floor_usage":[50,50],"damage_taken":[{"damage":0,"enemies":"Jaw Worm","floor":1,"turns":1},{"damage":0,"enemies":"Small Slimes","floor":3,"turns":1},{"damage":0,"enemies":"3 Sentries","floor":6,"turns":1},{"damage":0,"enemies":"2 Louse","floor":8,"turns":2},{"damage":13,"enemies":"3 Sentries","floor":10,"turns":7},{"damage":5,"enemies":"Looter","floor":11,"turns":4},{"damage":6,"enemies":"Red Slaver","floor":14,"turns":4},{"damage":71,"enemies":"Slime Boss","floor":16,"turns":11},{"damage":1,"enemies":"Spheric Guardian","floor":18,"turns":7},{"damage":10,"enemies":"Shell Parasite","floor":22,"turns":7},{"damage":14,"enemies":"Book of Stabbing","floor":27,"turns":6},{"damage":0,"enemies":"3 Cultists","floor":28,"turns":5},{"damage":6,"enemies":"Masked Bandits","floor":29,"turns":4},{"damage":0,"enemies":"Centurion and Healer","floor":31,"turns":7},{"damage":0,"enemies":"Collector","floor":33,"turns":6},{"damage":0,"enemies":"3 Shapes","floor":35,"turns":4},{"damage":34,"enemies":"3 Darklings","floor":36,"turns":3},{"damage":35,"enemies":"Jaw Worm Horde","floor":38,"turns":5},{"damage":43,"enemies":"Time Eater","floor":50,"turns":6}],"seed_played":"5305367201492251403","potions_obtained":[{"floor":6,"key":"Block Potion"},{"floor":10,"key":"Weak Potion"},{"floor":11,"key":"Dexterity Potion"},{"floor":31,"key":"Ancient Potion"},{"floor":38,"key":"FocusPotion"}],"is_trial":false,"path_per_floor":["M","?","M","?","?","E","R","M","T","?","M","R","$","M","R","B",null,"M","T","$","?","M","R","?","$","T","E","M","?","R","M","R","B",null,"M","M","$","M","?","R","R","$","T","$","R","?","R","?","R","B",null],"character_chosen":"DEFECT","items_purchased":["Creative AI","Enlightenment","Membership Card","Capacitor","Loop"],"campfire_rested":0,"item_purchase_floors":[13,20,37,37,42],"current_hp_per_floor":[75,75,75,68,65,65,65,67,67,58,59,59,59,65,65,28,75,75,75,75,75,75,75,75,75,75,75,75,75,75,75,75,75,75,75,49,49,44,44,44,44,44,44,44,44,44,44,34,34,25],"gold":19,"neow_bonus":"THREE_ENEMY_KILL","is_prod":false,"is_daily":false,"chose_seed":false,"campfire_upgraded":11,"win_rate":0,"timestamp":1560845965,"path_taken":["M","?","M","?","?","E","R","M","T","?","M","R","?","M","R","BOSS","M","?","$","?","M","R","?","?","T","E","M","?","R","M","R","BOSS","M","M","$","M","?","R","R","$","T","$","R","?","R","?","R","BOSS"],"build_version":"2019-01-23","purchased_purges":3,"victory":true,"max_hp_per_floor":[75,75,75,75,75,75,75,75,75,75,75,75,75,75,75,75,75,75,75,75,75,75,75,75,75,75,75,75,75,75,75,75,75,75,75,75,75,75,75,75,75,75,75,75,75,71,71,71,71,71],"card_choices":[{"not_picked":["Steam","Hologram"],"picked":"Chill","floor":1},{"not_picked":["Recycle","Go for the Eyes"],"picked":"Defragment","floor":3},{"not_picked":["Leap","Cold Snap"],"picked":"Chill","floor":6},{"not_picked":["Sweeping Beam","Compile Driver"],"picked":"Consume","floor":8},{"not_picked":["Steam","Coolheaded"],"picked":"Capacitor","floor":10},{"not_picked":["Turbo","Reinforced Body","Stack"],"picked":"SKIP","floor":11},{"not_picked":["Conserve Battery","Redo"],"picked":"Creative AI","floor":14},{"not_picked":["Machine Learning","Echo Form"],"picked":"Amplify","floor":16},{"not_picked":["Go for the Eyes+1","Redo+1"],"picked":"Chill","floor":18},{"not_picked":["Streamline+1","Hologram"],"picked":"Go for the Eyes+1","floor":22},{"not_picked":["Gash+1","Defragment"],"picked":"Core Surge+1","floor":27},{"not_picked":["Go for the Eyes+1","Stack+1","FTL+1"],"picked":"SKIP","floor":28},{"not_picked":["Steam+1","Cold Snap+1"],"picked":"Coolheaded+1","floor":29},{"not_picked":["Steam+1","Rebound+1"],"picked":"Coolheaded+1","floor":31},{"not_picked":["Machine Learning","Hyperbeam+1"],"picked":"Reboot+1","floor":33},{"not_picked":["Hologram+1","Genetic Algorithm+1"],"picked":"White Noise+1","floor":34},{"not_picked":["Coolheaded+1","Lockon+1"],"picked":"Storm","floor":34},{"not_picked":["Reprogram+1","Force Field+1"],"picked":"Static Discharge","floor":34},{"not_picked":["Leap+1","Darkness+1"],"picked":"Meteor Strike+1","floor":34},{"not_picked":["Cold Snap+1","Sweeping Beam+1"],"picked":"Turbo+1","floor":34},{"not_picked":["Melter+1","Gash+1"],"picked":"Defragment","floor":35},{"not_picked":["FTL+1","Gash+1","Sweeping Beam+1"],"picked":"SKIP","floor":36},{"not_picked":["Leap+1","Hologram+1"],"picked":"Force Field+1","floor":38},{"not_picked":["Finesse+1","Mayhem"],"picked":"Panache","floor":48},{"not_picked":["Discovery+1","Good Instincts+1"],"picked":"Finesse+1","floor":48},{"not_picked":["Secret Technique+1","Chrysalis+1"],"picked":"Panache","floor":48}],"player_experience":5402512,"relics_obtained":[{"floor":6,"key":"Blood Vial"},{"floor":9,"key":"Bird Faced Urn"},{"floor":10,"key":"Molten Egg 2"},{"floor":19,"key":"Juzu Bracelet"},{"floor":24,"key":"WingedGreaves"},{"floor":26,"key":"Toxic Egg 2"},{"floor":27,"key":"Oddly Smooth Stone"},{"floor":29,"key":"Red Mask"},{"floor":43,"key":"Sundial"}],"event_choices":[{"cards_removed":["Strike_B"],"damage_healed":0,"gold_gain":0,"player_choice":"Card Removal","damage_taken":0,"max_hp_gain":0,"max_hp_loss":0,"event_name":"The Cleric","floor":2,"gold_loss":50},{"cards_removed":["Defend_B"],"damage_healed":0,"gold_gain":0,"player_choice":"Card Removal","damage_taken":7,"max_hp_gain":0,"max_hp_loss":0,"event_name":"Golden Wing","floor":4,"gold_loss":0},{"damage_healed":0,"gold_gain":0,"player_choice":"Success","damage_taken":3,"relics_obtained":["Dodecahedron"],"max_hp_gain":0,"max_hp_loss":0,"event_name":"Scrap Ooze","floor":5,"gold_loss":0},{"damage_healed":0,"gold_gain":30,"player_choice":"Searched \u00272\u0027 times","damage_taken":0,"max_hp_gain":0,"max_hp_loss":0,"event_name":"Dead Adventurer","floor":10,"gold_loss":0},{"damage_healed":0,"gold_gain":0,"player_choice":"Ignored","damage_taken":0,"max_hp_gain":0,"max_hp_loss":0,"event_name":"N\u0027loth","floor":21,"gold_loss":0},{"damage_healed":0,"gold_gain":0,"player_choice":"Relic","damage_taken":0,"max_hp_gain":0,"max_hp_loss":0,"event_name":"Wheel of Change","floor":24,"gold_loss":0},{"damage_healed":0,"gold_gain":0,"player_choice":"Fought Bandits","damage_taken":0,"max_hp_gain":0,"max_hp_loss":0,"event_name":"Masked Bandits","floor":29,"gold_loss":0},{"cards_removed":["Strike_B"],"damage_healed":0,"gold_gain":0,"player_choice":"Removed Attack","damage_taken":0,"max_hp_gain":0,"max_hp_loss":0,"event_name":"Falling","floor":39,"gold_loss":0},{"damage_healed":0,"gold_gain":0,"player_choice":"Max HP","damage_taken":0,"max_hp_gain":0,"max_hp_loss":4,"event_name":"Winding Halls","floor":46,"gold_loss":0},{"damage_healed":0,"gold_gain":0,"player_choice":"Memory 3","damage_taken":10,"max_hp_gain":0,"max_hp_loss":0,"event_name":"SensoryStone","floor":48,"gold_loss":0}],"is_beta":false,"boss_relics":[{"not_picked":["Philosopher\u0027s Stone","Empty Cage"],"picked":"Runic Pyramid"},{"not_picked":["Cursed Key","Runic Dome"],"picked":"Orrery"}],"items_purged_floors":[20,37,44],"is_endless":false,"potions_floor_spawned":[6,10,11,16,18,31,36,38],"ascension_level":0}