{"gold_per_floor":[109,109,125,50,70,70,30,55,55,55,1,1,20,37,37,109,109,119,34,34,34,34,34,67,80,80,109,109,9,19,29,29,105,105,124,144,156,31,49,82,82,113,113,138,138,157,173,188,188,188,188,188,188,22,48,48],"floor_reached":57,"playtime":3053,"items_purged":["Strike_G","Skewer","Flechettes","Survivor"],"score":3439,"play_id":"27fb2b8a-2d27-4f2b-bea4-288ba397ff5a","local_time":"20190120095838","is_ascension_mode":true,"campfire_choices":[{"data":"A Thousand Cuts","floor":6.0,"key":"SMITH"},{"data":"Well Laid Plans","floor":12.0,"key":"SMITH"},{"data":"Tactician","floor":15.0,"key":"SMITH"},{"data":"Calculated Gamble","floor":23.0,"key":"SMITH"},{"data":"Choke","floor":28.0,"key":"SMITH"},{"data":"Reflex","floor":32.0,"key":"SMITH"},{"data":"Prepared","floor":41.0,"key":"SMITH"},{"floor":49.0,"key":"RECALL"},{"data":"Acrobatics","floor":53.0,"key":"SMITH"}],"neow_cost":"TEN_PERCENT_HP_LOSS","seed_source_timestamp":0,"circlet_count":0,"master_deck":["AscendersBane","Neutralize","A Thousand Cuts+1","Prepared+1","Well Laid Plans+1","Well Laid Plans","Tactician+1","Die Die Die","Backflip","Escape Plan","Adrenaline","Night Terror","Calculated Gamble+1","Choke+1","Dagger Throw","Wraith Form v2","Necronomicurse","Reflex+1","Calculated Gamble+1","After Image","Acrobatics+1"],"special_seed":0,"relics":["Ring of the Snake","CultistMask","Meat on the Bone","Blue Candle","Lantern","Pandora\u0027s Box","Bag of Preparation","Necronomicon","Mummified Hand","Letter Opener","Regal Pillow","Philosopher\u0027s Stone","Girya","Oddly Smooth Stone","The Courier","Anchor","Dodecahedron"],"potions_floor_usage":[56,56],"damage_taken":[{"damage":2.0,"enemies":"2 Louse","floor":1.0,"turns":4.0},{"damage":0.0,"enemies":"Cultist","floor":3.0,"turns":4.0},{"damage":2.0,"enemies":"Small Slimes","floor":5.0,"turns":4.0},{"damage":2.0,"enemies":"Looter","floor":7.0,"turns":4.0},{"damage":16.0,"enemies":"Lagavulin","floor":8.0,"turns":9.0},{"damage":0.0,"enemies":"Large Slime","floor":13.0,"turns":5.0},{"damage":12.0,"enemies":"Exordium Thugs","floor":14.0,"turns":3.0},{"damage":35.0,"enemies":"Slime Boss","floor":16.0,"turns":11.0},{"damage":2.0,"enemies":"Shell Parasite","floor":18.0,"turns":4.0},{"damage":12.0,"enemies":"Gremlin Leader","floor":24.0,"turns":1.0},{"damage":0.0,"enemies":"Chosen","floor":25.0,"turns":2.0},{"damage":8.0,"enemies":"Book of Stabbing","floor":27.0,"turns":1.0},{"damage":5.0,"enemies":"Snecko","floor":30.0,"turns":1.0},{"damage":6.0,"enemies":"Chosen and Byrds","floor":31.0,"turns":1.0},{"damage":6.0,"enemies":"Collector","floor":33.0,"turns":1.0},{"damage":0.0,"enemies":"Orb Walker","floor":35.0,"turns":1.0},{"damage":0.0,"enemies":"3 Shapes","floor":36.0,"turns":1.0},{"damage":5.0,"enemies":"Writhing Mass","floor":37.0,"turns":1.0},{"damage":0.0,"enemies":"3 Darklings","floor":39.0,"turns":1.0},{"damage":6.0,"enemies":"Reptomancer","floor":40.0,"turns":1.0},{"damage":0.0,"enemies":"Nemesis","floor":42.0,"turns":3.0},{"damage":4.0,"enemies":"Reptomancer","floor":44.0,"turns":1.0},{"damage":0.0,"enemies":"Maw","floor":46.0,"turns":2.0},{"damage":0.0,"enemies":"Transient","floor":47.0,"turns":6.0},{"damage":0.0,"enemies":"Jaw Worm Horde","floor":48.0,"turns":1.0},{"damage":0.0,"enemies":"Donu and Deca","floor":50.0,"turns":2.0},{"damage":0.0,"enemies":"Time Eater","floor":51.0,"turns":5.0},{"damage":0.0,"enemies":"Shield and Spear","floor":55.0,"turns":1.0},{"damage":16,"enemies":"The Heart","floor":56,"turns":4}],"seed_played":"6624208732409295950","potions_obtained":[{"floor":1.0,"key":"Strength Potion"},{"floor":13.0,"key":"Energy Potion"},{"floor":14.0,"key":"SkillPotion"},{"floor":18.0,"key":"Poison Potion"},{"floor":24.0,"key":"GamblersBrew"}],"is_trial":false,"path_per_floor":["M","?","M","$","M","R","M","E","T","$","?","R","M","M","R","B",null,"M","?","?","?","T","R","E","M","T","E","R","$","M","M","R","B",null,"M","M","M","$","M","E","R","E","T","E","?","M","M","M","R","B","B",null,"R","$","E","B",null],"character_chosen":"THE_SILENT","items_purchased":["Energy Potion"],"campfire_rested":0,"item_purchase_floors":[54],"current_hp_per_floor":[57,57,57,57,55,55,53,37,37,37,37,37,37,37,37,14,49,47,47,26,26,26,26,26,38,38,42,42,42,37,31,31,37,54,54,54,49,49,49,43,43,43,43,39,39,39,39,39,39,39,39,55,55,55,55,39],"gold":48,"neow_bonus":"THREE_RARE_CARDS","is_prod":false,"is_daily":false,"chose_seed":false,"campfire_upgraded":8,"win_rate":0,"timestamp":1547949518,"path_taken":["M","?","M","$","M","R","?","E","T","$","?","R","?","M","R","BOSS","M","?","?","?","?","R","E","M","T","E","R","?","?","M","R","BOSS","M","M","?","$","M","E","R","E","T","E","?","M","M","M","R","BOSS","BOSS","R","$","E","BOSS"],"build_version":"2019-01-17v2","purchased_purges":4,"victory":true,"max_hp_per_floor":[60,60,60,60,60,60,60,60,60,60,60,60,60,60,60,60,60,60,60,60,60,60,60,60,60,60,60,60,60,60,60,60,60,60,60,60,60,60,60,60,60,60,60,60,60,60,60,60,60,60,60,60,60,60,60,60],"card_choices":[{"not_picked":["Night Terror","Venomology"],"picked":"A Thousand Cuts","floor":0.0},{"not_picked":["Backflip","Skewer"],"picked":"Prepared","floor":1.0},{"not_picked":["Quick Slash","Dagger Throw"],"picked":"Well Laid Plans","floor":3.0},{"not_picked":["Riddle With Holes","Poisoned Stab"],"picked":"Well Laid Plans","floor":5.0},{"not_picked":["Accuracy","Acrobatics"],"picked":"Tactician","floor":7.0},{"not_picked":["Quick Slash","Deflect"],"picked":"Die Die Die","floor":8.0},{"not_picked":["All Out Attack","Dodge and Roll"],"picked":"Backflip","floor":13.0},{"not_picked":["Dagger Throw","Expertise"],"picked":"Escape Plan","floor":14.0},{"not_picked":["Phantasmal Killer","Unload"],"picked":"Adrenaline","floor":16.0},{"not_picked":["Dagger Spray","Prepared","Bane"],"picked":"SKIP","floor":18.0},{"not_picked":["Sucker Punch","Well Laid Plans+1","Flechettes"],"picked":"SKIP","floor":24.0},{"not_picked":["Dash","Backflip","Endless Agony"],"picked":"SKIP","floor":25.0},{"not_picked":["Endless Agony","Bouncing Flask"],"picked":"Reflex","floor":27.0},{"not_picked":["Sucker Punch","Acrobatics"],"picked":"Calculated Gamble+1","floor":30.0},{"not_picked":["Backflip","Sucker Punch","Quick Slash+1"],"picked":"SKIP","floor":31.0},{"not_picked":["Corpse Explosion","Night Terror"],"picked":"After Image","floor":33.0},{"not_picked":["Poisoned Stab","Catalyst","Deflect"],"picked":"SKIP","floor":35.0},{"not_picked":["Flying Knee+1","Blur","Poisoned Stab+1"],"picked":"SKIP","floor":36.0},{"not_picked":["Quick Slash","Prepared","Phantasmal Killer"],"picked":"SKIP","floor":37.0},{"not_picked":["Slice+1","Terror+1","Accuracy"],"picked":"SKIP","floor":39.0},{"not_picked":["Bane","Dagger Spray","Outmaneuver"],"picked":"SKIP","floor":40.0},{"not_picked":["Distraction","Flying Knee","Concentrate"],"picked":"SKIP","floor":42.0},{"not_picked":["Infinite Blades","Expertise+1","PiercingWail+1"],"picked":"SKIP","floor":44.0},{"not_picked":["Flying Knee","Poisoned Stab+1"],"picked":"Acrobatics","floor":46.0},{"not_picked":["Concentrate","Blade Dance","Blur"],"picked":"SKIP","floor":47.0},{"not_picked":["Distraction","Accuracy","Caltrops"],"picked":"SKIP","floor":48.0},{"not_picked":["Sucker Punch","Acrobatics","Backflip"],"picked":"SKIP","floor":55.0}],"player_experience":2050586,"relics_obtained":[{"floor":8.0,"key":"Meat on the Bone"},{"floor":9.0,"key":"Blue Candle"},{"floor":20.0,"key":"Necronomicon"},{"floor":22.0,"key":"Mummified Hand"},{"floor":24.0,"key":"Letter Opener"},{"floor":27.0,"key":"Regal Pillow"},{"floor":40.0,"key":"Girya"},{"floor":42.0,"key":"Oddly Smooth Stone"},{"floor":43.0,"key":"The Courier"},{"floor":44.0,"key":"Anchor"},{"floor":55.0,"key":"Dodecahedron"}],"event_choices":[{"damage_healed":0.0,"max_hp_gain":0.0,"max_hp_loss":0.0,"gold_gain":0.0,"event_name":"FaceTrader","player_choice":"Trade","floor":2.0,"gold_loss":0.0,"damage_taken":0.0,"relics_obtained":["CultistMask"]},{"damage_healed":0.0,"max_hp_gain":0.0,"max_hp_loss":0.0,"gold_gain":0.0,"event_name":"WeMeetAgain","player_choice":"Paid Gold","floor":11.0,"gold_loss":54.0,"damage_taken":0.0,"relics_obtained":["Lantern"]},{"damage_healed":0.0,"max_hp_gain":0.0,"max_hp_loss":0.0,"gold_gain":0.0,"event_name":"Addict","player_choice":"Obtained Relic","floor":19.0,"gold_loss":85.0,"damage_taken":0.0,"relics_obtained":["Bag of Preparation"]},{"damage_healed":0.0,"max_hp_gain":0.0,"max_hp_loss":0.0,"gold_gain":0.0,"event_name":"Cursed Tome","player_choice":"Obtained Book","floor":20.0,"gold_loss":0.0,"damage_taken":21.0},{"cards_removed":["All Out Attack"],"damage_healed":0.0,"max_hp_gain":0.0,"max_hp_loss":0.0,"gold_gain":0.0,"event_name":"Back to Basics","player_choice":"Elegance","floor":21.0,"gold_loss":0.0,"damage_taken":0.0},{"cards_removed":["Accuracy"],"damage_healed":0.0,"max_hp_gain":0.0,"max_hp_loss":0.0,"gold_gain":0.0,"event_name":"Purifier","player_choice":"Purged","floor":45.0,"gold_loss":0.0,"damage_taken":0.0}],"is_beta":false,"boss_relics":[{"not_picked":["Tiny House","Velvet Choker"],"picked":"Pandora\u0027s Box"},{"not_picked":["White Beast Statue","Snecko Eye"],"picked":"Philosopher\u0027s Stone"}],"items_purged_floors":[4,29,38,54],"is_endless":false,"potions_floor_spawned":[1,13,14,18,24,27,35,36,39,47],"ascension_level":20}