{"gold_per_floor":[109,34,109,109,119,151,151,164,164,164,164,164,195,14,14,91,91,102,102,112,131,31,31,41,41,109,109,127,127,2,32,32,111,111,122,134,134,134,134,163,173,191,191,191,201,201,51,51,51,51,51,51,51,51,79,79],"floor_reached":56,"playtime":1912,"items_purged":["Strike_G","Strike_G","Strike_G","Defend_G"],"score":1927,"play_id":"fd71b6ff-fb0a-4134-b37b-721d78feb5d3","local_time":"20190319164301","is_ascension_mode":true,"campfire_choices":[{"data":"Well Laid Plans","floor":7.0,"key":"SMITH"},{"data":"Glass Knife","floor":15.0,"key":"SMITH"},{"data":"Purity","floor":23.0,"key":"SMITH"},{"data":"Backflip","floor":25.0,"key":"SMITH"},{"data":"Escape Plan","floor":27.0,"key":"SMITH"},{"data":"Acrobatics","floor":32.0,"key":"SMITH"},{"floor":44.0,"key":"RECALL"},{"floor":46.0,"key":"REST"},{"data":"Survivor","floor":49.0,"key":"SMITH"},{"data":"Defend_G","floor":53.0,"key":"SMITH"}],"neow_cost":"NONE","seed_source_timestamp":19515578113822,"circlet_count":0,"master_deck":["AscendersBane","Defend_G","Defend_G","Defend_G+1","Defend_G+1","Survivor+1","Backflip+1","Well Laid Plans+1","Dagger Throw","Escape Plan+1","Purity+1","Grand Finale+1","Die Die Die+1","After Image+1","Infinite Blades+1","Acrobatics+1","Leg Sweep+1"],"special_seed":0,"relics":["Ring of the Snake","NeowsBlessing","Bottled Tornado","Paper Crane","Bottled Flame","Astrolabe","FaceOfCleric","Blue Candle","Eternal Feather","Shuriken","Mercury Hourglass","Ornamental Fan"],"potions_floor_usage":[56],"damage_taken":[{"damage":0.0,"enemies":"Jaw Worm","floor":1.0,"turns":1.0},{"damage":0.0,"enemies":"Small Slimes","floor":5.0,"turns":1.0},{"damage":0.0,"enemies":"3 Sentries","floor":6.0,"turns":2.0},{"damage":0.0,"enemies":"Cultist","floor":8.0,"turns":4.0},{"damage":1.0,"enemies":"Gremlin Nob","floor":13.0,"turns":3.0},{"damage":22.0,"enemies":"Slime Boss","floor":16.0,"turns":16.0},{"damage":12.0,"enemies":"Shell Parasite","floor":18.0,"turns":5.0},{"damage":0.0,"enemies":"Spheric Guardian","floor":20.0,"turns":3.0},{"damage":11.0,"enemies":"Shelled Parasite and Fungi","floor":21.0,"turns":3.0},{"damage":0.0,"enemies":"Chosen and Byrds","floor":24.0,"turns":5.0},{"damage":20.0,"enemies":"Snake Plant","floor":28.0,"turns":4.0},{"damage":4.0,"enemies":"Slavers","floor":31.0,"turns":5.0},{"damage":0.0,"enemies":"Champ","floor":33.0,"turns":4.0},{"damage":10.0,"enemies":"3 Darklings","floor":35.0,"turns":3.0},{"damage":1.0,"enemies":"Orb Walker","floor":36.0,"turns":3.0},{"damage":28.0,"enemies":"Nemesis","floor":40.0,"turns":3.0},{"damage":0.0,"enemies":"Transient","floor":41.0,"turns":5.0},{"damage":8.0,"enemies":"Maw","floor":42.0,"turns":4.0},{"damage":16.0,"enemies":"3 Darklings","floor":45.0,"turns":3.0},{"damage":10.0,"enemies":"Awakened One","floor":50.0,"turns":4.0},{"damage":14.0,"enemies":"Donu and Deca","floor":51.0,"turns":4.0},{"damage":43,"enemies":"Shield and Spear","floor":55,"turns":3},{"damage":8,"enemies":"The Heart","floor":56,"turns":3}],"seed_played":"2976129929369172459","potions_obtained":[{"floor":5.0,"key":"EntropicBrew"},{"floor":8.0,"key":"Poison Potion"},{"floor":13.0,"key":"Swift Potion"},{"floor":16.0,"key":"FairyPotion"},{"floor":20.0,"key":"FearPotion"},{"floor":28.0,"key":"PowerPotion"},{"floor":35.0,"key":"Block Potion"},{"floor":36.0,"key":"SkillPotion"},{"floor":41.0,"key":"Weak Potion"},{"floor":42.0,"key":"Dexterity Potion"}],"is_trial":false,"path_per_floor":["M","$","?","?","M","E","R","M","T","?","?","?","E","$","R","B",null,"M","?","M","M","$","R","M","R","T","R","M","?","$","E","R","B",null,"M","M","$","?","$","E","M","M","T","R","M","R","$","?","R","B","B",null,"R","$","E","B"],"character_chosen":"THE_SILENT","items_purchased":["Escape Plan","Purity"],"campfire_rested":1,"item_purchase_floors":[14,14],"current_hp_per_floor":[59,59,48,48,48,48,48,48,48,28,28,28,27,27,27,5,51,39,39,39,28,28,28,28,28,28,28,8,8,8,5,5,6,53,44,44,44,44,44,17,18,11,11,20,5,36,36,61,61,52,39,57,63,63,21,13],"gold":79,"neow_bonus":"THREE_ENEMY_KILL","is_prod":false,"is_daily":false,"chose_seed":false,"campfire_upgraded":8,"win_rate":0,"timestamp":1552984981,"path_taken":["M","$","?","?","?","E","R","M","T","?","?","?","E","$","R","BOSS","M","?","M","M","$","R","M","R","T","R","?","?","$","E","R","BOSS","M","?","?","?","$","E","?","M","T","R","?","R","?","?","R","BOSS","BOSS","R","$","E","BOSS"],"build_version":"2019-01-23","purchased_purges":4,"victory":false,"max_hp_per_floor":[66,66,66,66,66,66,66,66,66,66,66,66,66,66,66,66,66,66,66,66,66,66,66,66,66,66,66,66,66,66,67,67,68,68,69,70,70,70,70,71,72,73,73,73,74,74,74,61,61,62,63,63,63,63,64,64],"card_choices":[{"not_picked":["Slice","Dodge and Roll"],"picked":"Backflip","floor":1.0},{"not_picked":["Finisher","Expertise"],"picked":"Well Laid Plans","floor":5.0},{"not_picked":["Acrobatics","Backflip"],"picked":"Concentrate","floor":6.0},{"not_picked":["Quick Slash","Backflip"],"picked":"Dagger Throw","floor":8.0},{"not_picked":["Blade Dance","Glass Knife","Venomology"],"picked":"SKIP","floor":13.0},{"not_picked":["Wraith Form v2","After Image"],"picked":"Grand Finale","floor":16.0},{"not_picked":["Leg Sweep","Riddle With Holes","Slice"],"picked":"SKIP","floor":18.0},{"not_picked":["Dodge and Roll","Sucker Punch","PiercingWail"],"picked":"SKIP","floor":20.0},{"not_picked":["Bane+1","Dagger Spray","Accuracy"],"picked":"SKIP","floor":21.0},{"not_picked":["Escape Plan","Die Die Die","Eviscerate"],"picked":"SKIP","floor":24.0},{"not_picked":["Dagger Spray","Riddle With Holes"],"picked":"Acrobatics","floor":28.0},{"not_picked":["Endless Agony","Acrobatics","Masterful Stab"],"picked":"SKIP","floor":31.0},{"not_picked":["Prepared","Well Laid Plans","Flying Knee"],"picked":"SKIP","floor":35.0},{"not_picked":["Prepared","Well Laid Plans","Flying Knee"],"picked":"SKIP","floor":35.0},{"not_picked":["Dodge and Roll","Poisoned Stab","Expertise"],"picked":"SKIP","floor":36.0},{"not_picked":["Reflex","Poisoned Stab","Blade Dance"],"picked":"SKIP","floor":40.0},{"not_picked":["Prepared+1","PiercingWail","Masterful Stab"],"picked":"SKIP","floor":41.0},{"not_picked":["Bane+1","Caltrops+1","PiercingWail"],"picked":"SKIP","floor":42.0},{"not_picked":["Outmaneuver","Terror","Backflip"],"picked":"SKIP","floor":45.0},{"not_picked":["Grand Finale","Blade Dance"],"picked":"Leg Sweep+1","floor":55}],"player_experience":3723147,"relics_obtained":[{"floor":6.0,"key":"Bottled Tornado"},{"floor":9.0,"key":"Paper Crane"},{"floor":13.0,"key":"Bottled Flame"},{"floor":31.0,"key":"Blue Candle"},{"floor":40.0,"key":"Shuriken"},{"floor":43.0,"key":"Mercury Hourglass"},{"floor":55,"key":"Ornamental Fan"}],"event_choices":[{"damage_healed":0.0,"max_hp_gain":0.0,"max_hp_loss":0.0,"gold_gain":75.0,"event_name":"World of Goop","player_choice":"Gather Gold","floor":3.0,"gold_loss":0.0,"damage_taken":11.0},{"damage_healed":0.0,"max_hp_gain":0.0,"max_hp_loss":0.0,"gold_gain":0.0,"event_name":"Match and Keep!","player_choice":"0 cards matched","floor":4.0,"gold_loss":0.0,"damage_taken":0.0,"cards_obtained":[]},{"damage_healed":0.0,"max_hp_gain":0.0,"max_hp_loss":0.0,"gold_gain":0.0,"event_name":"Shining Light","player_choice":"Entered Light","floor":10.0,"gold_loss":0.0,"damage_taken":20.0,"cards_upgraded":["Defend_G","Neutralize"]},{"damage_healed":0.0,"max_hp_gain":0.0,"max_hp_loss":0.0,"gold_gain":0.0,"event_name":"Liars Game","player_choice":"Ignored","floor":11.0,"gold_loss":0.0,"damage_taken":0.0},{"damage_healed":0.0,"max_hp_gain":0.0,"max_hp_loss":0.0,"gold_gain":0.0,"cards_transformed":["Strike_G"],"event_name":"Living Wall","player_choice":"Change","floor":12.0,"gold_loss":0.0,"damage_taken":0.0,"cards_obtained":["Glass Knife"]},{"damage_healed":0.0,"max_hp_gain":0.0,"max_hp_loss":0.0,"gold_gain":0.0,"event_name":"Upgrade Shrine","player_choice":"Upgraded","floor":19.0,"gold_loss":0.0,"damage_taken":0.0,"cards_upgraded":["Grand Finale"]},{"damage_healed":0.0,"max_hp_gain":0.0,"max_hp_loss":0.0,"gold_gain":0.0,"event_name":"FaceTrader","player_choice":"Trade","floor":29.0,"gold_loss":0.0,"damage_taken":0.0,"relics_obtained":["FaceOfCleric"]},{"cards_removed":["Strike_G"],"damage_healed":0.0,"max_hp_gain":0.0,"max_hp_loss":0.0,"gold_gain":0.0,"event_name":"Bonfire Elementals","player_choice":"Offered Basic","floor":38.0,"gold_loss":0.0,"damage_taken":0.0},{"damage_healed":61.0,"max_hp_gain":0.0,"max_hp_loss":13.0,"gold_gain":0.0,"event_name":"The Moai Head","player_choice":"Heal","floor":48.0,"gold_loss":0.0,"damage_taken":0.0}],"is_beta":false,"boss_relics":[{"not_picked":["Ectoplasm","Busted Crown"],"picked":"Astrolabe"},{"not_picked":["Calling Bell","Coffee Dripper"],"picked":"Eternal Feather"}],"items_purged_floors":[2,22,30,47],"is_endless":false,"potions_floor_spawned":[5,8,13,16,20,28,31,35,36,41,42,55],"killed_by":"The Heart","ascension_level":20}