{"gold_per_floor":[111,36,36,55,130,130,140,140,186,186,221,241,267,283,283,283],"floor_reached":16,"playtime":473,"items_purged":["Strike_R"],"score":220,"play_id":"bf472e4f-d31b-4376-a74d-863b81f8e684","local_time":"20190511133059","is_ascension_mode":true,"campfire_choices":[{"data":"Immolate","floor":6.0,"key":"SMITH"},{"data":"Bash","floor":10.0,"key":"SMITH"},{"data":"Flame Barrier","floor":15.0,"key":"SMITH"}],"neow_cost":"NONE","seed_source_timestamp":3259561831370,"circlet_count":0,"master_deck":["AscendersBane","Strike_R","Strike_R","Strike_R","Defend_R","Defend_R","Defend_R","Defend_R","Bash+1","Immolate+1","Shrug It Off","Evolve","Wild Strike","Flame Barrier+1"],"special_seed":0,"relics":["Burning Blood","Happy Flower","The Courier","Kunai"],"potions_floor_usage":[16,16],"damage_taken":[{"damage":3.0,"enemies":"Small Slimes","floor":1.0,"turns":2.0},{"damage":14.0,"enemies":"Jaw Worm","floor":4.0,"turns":4.0},{"damage":0.0,"enemies":"Cultist","floor":7.0,"turns":4.0},{"damage":24.0,"enemies":"Lagavulin","floor":11.0,"turns":6.0},{"damage":0.0,"enemies":"Exordium Wildlife","floor":12.0,"turns":4.0},{"damage":27.0,"enemies":"Gremlin Nob","floor":13.0,"turns":4.0},{"damage":11.0,"enemies":"Blue Slaver","floor":14.0,"turns":3.0},{"damage":13,"enemies":"Hexaghost","floor":16,"turns":9}],"seed_played":"-8152001138793737854","potions_obtained":[{"floor":4.0,"key":"Swift Potion"},{"floor":11.0,"key":"FearPotion"}],"is_trial":false,"path_per_floor":["M","$","?","M","?","R","M","?","T","R","E","M","E","M","R","B"],"character_chosen":"IRONCLAD","items_purchased":[],"campfire_rested":0,"item_purchase_floors":[],"current_hp_per_floor":[71,71,71,63,52,52,58,51,51,51,33,39,18,13,13,0],"gold":283,"neow_bonus":"ONE_RANDOM_RARE_CARD","is_prod":false,"is_daily":false,"chose_seed":false,"campfire_upgraded":3,"win_rate":0,"timestamp":1557552659,"path_taken":["M","$","?","M","?","R","?","?","T","R","E","M","E","M","R","BOSS"],"build_version":"2019-01-23","purchased_purges":1,"victory":false,"max_hp_per_floor":[75,75,75,75,75,75,75,75,75,75,75,75,75,75,75,75],"card_choices":[{"not_picked":["Cleave","Sword Boomerang","Metallicize"],"picked":"SKIP","floor":1.0},{"not_picked":["Sword Boomerang","Pommel Strike"],"picked":"Shrug It Off","floor":4.0},{"not_picked":["True Grit","Burning Pact"],"picked":"Evolve","floor":7.0},{"not_picked":["Armaments","Warcry"],"picked":"Wild Strike","floor":11.0},{"not_picked":["Iron Wave","Heavy Blade","Havoc"],"picked":"SKIP","floor":12.0},{"not_picked":["Havoc","Shrug It Off","Rupture"],"picked":"SKIP","floor":13.0},{"not_picked":["Armaments","Juggernaut"],"picked":"Flame Barrier","floor":14.0}],"player_experience":4691234,"relics_obtained":[{"floor":9.0,"key":"Happy Flower"},{"floor":11.0,"key":"The Courier"},{"floor":13.0,"key":"Kunai"}],"event_choices":[{"damage_healed":0.0,"max_hp_gain":0.0,"max_hp_loss":0.0,"gold_gain":0.0,"event_name":"The Cleric","player_choice":"Leave","floor":3.0,"gold_loss":0.0,"damage_taken":0.0},{"damage_healed":0.0,"max_hp_gain":0.0,"max_hp_loss":0.0,"gold_gain":75.0,"event_name":"World of Goop","player_choice":"Gather Gold","floor":5.0,"gold_loss":0.0,"damage_taken":11.0},{"cards_removed":["Strike_R"],"damage_healed":0.0,"max_hp_gain":0.0,"max_hp_loss":0.0,"gold_gain":0.0,"event_name":"Golden Wing","player_choice":"Card Removal","floor":8.0,"gold_loss":0.0,"damage_taken":7.0}],"is_beta":false,"boss_relics":[],"items_purged_floors":[2],"is_endless":false,"potions_floor_spawned":[4,11],"killed_by":"Hexaghost","ascension_level":20}