{"path_per_floor":["M","M","$","M","M","R","E","R","T","?","?","M","M","?","R","B",null,"M","?","M","$","M","R","E","?","T","M","R","M","M","?","R","B",null,"M","?","M","M","?","R","M","?","T","M","R","E","$","M","R","B"],"character_chosen":"DEFECT","items_purchased":["Toxic Egg 2","DataDisk","Hello World+1"],"gold_per_floor":[114,129,129,144,159,159,189,189,189,189,189,204,219,219,219,319,319,334,334,349,99,114,114,144,69,69,84,84,99,114,114,114,214,214,229,229,274,289,289,289,304,333,333,348,348,378,79,94,94,94],"floor_reached":51,"campfire_rested":0,"playtime":2888,"item_purchase_floors":[21,47,47],"current_hp_per_floor":[75,74,74,74,75,75,60,60,60,60,65,67,71,55,55,58,80,69,69,47,47,57,57,57,57,57,62,62,51,53,53,53,75,87,86,86,77,69,69,69,79,101,101,90,90,100,100,101,101,101],"items_purged":["Pain"],"gold":94,"score":776,"play_id":"12f4c910-f8f9-422f-9bf7-932a0f9500ec","local_time":"20180526101118","daily_mods":["Allstar","Uncertain Future","Vintage"],"is_prod":false,"is_daily":true,"chose_seed":false,"is_ascension_mode":false,"campfire_upgraded":9,"win_rate":0,"timestamp":1527300678,"campfire_choices":[{"data":"Transmutation","floor":6,"key":"SMITH"},{"data":"Zap","floor":8,"key":"SMITH"},{"data":"Defragment","floor":15,"key":"SMITH"},{"data":"Creative AI","floor":23,"key":"SMITH"},{"data":"Dualcast","floor":28,"key":"SMITH"},{"data":"Blind","floor":32,"key":"SMITH"},{"data":"Secret Technique","floor":40,"key":"SMITH"},{"data":"Purity","floor":45,"key":"SMITH"},{"data":"Good Instincts","floor":49,"key":"SMITH"}],"path_taken":["M","M","$","M","M","R","E","R","T","?","?","M","M","?","R","BOSS","M","?","M","$","M","R","E","?","T","M","R","M","M","?","R","BOSS","M","?","M","M","?","R","M","?","T","M","R","E","$","M","R","BOSS"],"build_version":"2018-05-24","seed_source_timestamp":0,"purchased_purges":1,"victory":true,"master_deck":["Strike_B+1","Strike_B+1","Defend_B","Defend_B","Defend_B+1","Defend_B","Zap+1","Dualcast+1","Secret Technique+1","Transmutation+1","Purity+1","Blind+1","Good Instincts+1","Defragment+1","Creative AI+1","Seek+1","Seek+1","Storm+1","Seek+1","Hello World+1"],"max_hp_per_floor":[75,75,75,75,75,75,75,75,75,75,80,80,80,80,80,80,80,80,80,80,80,80,80,80,80,80,80,80,80,87,87,87,87,87,87,87,87,87,87,87,87,101,101,101,101,101,101,101,101,101],"relics":["Cracked Core","Kunai","Thread and Needle","Bird Faced Urn","Bag of Preparation","Gambling Chip","Pantograph","Juzu Bracelet","Toolbox","Cables","Calling Bell","Oddly Smooth Stone","Frozen Egg 2","Torii","Blue Candle","Boot","Toxic Egg 2","Ancient Tea Set","Singing Bowl","Shuriken","Emotion Chip","Centennial Puzzle","Strawberry","Whetstone","Cursed Key","Vajra","Tiny Chest","Mummified Hand","Bag of Marbles","Mango","Anchor","Ice Cream","Happy Flower","DataDisk","Molten Egg 2"],"card_choices":[{"not_picked":["Static Discharge","Blizzard"],"picked":"Defragment","floor":7},{"not_picked":["Amplify","Thunder Strike"],"picked":"Creative AI","floor":16},{"not_picked":["Aggregate+1","Chill+1"],"picked":"Seek+1","floor":24},{"not_picked":["Biased Cognition+1","Core Surge"],"picked":"Seek+1","floor":33},{"not_picked":["Sweeping Beam","Beam Cell+1"],"picked":"Storm+1","floor":42},{"not_picked":["Genetic Algorithm+1","Hologram+1"],"picked":"Seek+1","floor":46}],"player_experience":493904,"potions_floor_usage":[7,16,22,33,50,50],"damage_taken":[{"damage":0,"enemies":"2 Louse","floor":1,"turns":3},{"damage":1,"enemies":"Cultist","floor":2,"turns":4},{"damage":0,"enemies":"Small Slimes","floor":4,"turns":2},{"damage":0,"enemies":"3 Louse","floor":5,"turns":5},{"damage":15,"enemies":"Gremlin Nob","floor":7,"turns":5},{"damage":0,"enemies":"Large Slime","floor":12,"turns":5},{"damage":0,"enemies":"Lots of Slimes","floor":13,"turns":1},{"damage":24,"enemies":"Hexaghost","floor":16,"turns":10},{"damage":19,"enemies":"Shell Parasite","floor":18,"turns":6},{"damage":32,"enemies":"3 Byrds","floor":20,"turns":5},{"damage":12,"enemies":"Centurion and Healer","floor":22,"turns":10},{"damage":10,"enemies":"Book of Stabbing","floor":24,"turns":8},{"damage":3,"enemies":"Snake Plant","floor":27,"turns":4},{"damage":23,"enemies":"Chosen and Byrds","floor":29,"turns":8},{"damage":13,"enemies":"Sentry and Sphere","floor":30,"turns":4},{"damage":14,"enemies":"Automaton","floor":33,"turns":7},{"damage":1,"enemies":"Orb Walker","floor":35,"turns":4},{"damage":16,"enemies":"Flame Bruiser 1 Orb","floor":37,"turns":5},{"damage":14,"enemies":"Sphere and 2 Shapes","floor":38,"turns":4},{"damage":0,"enemies":"3 Darklings","floor":41,"turns":4},{"damage":0,"enemies":"…Ò√ÿ‘≤«Ú","floor":42,"turns":2},{"damage":13,"enemies":"Flame Bruiser 2 Orb","floor":44,"turns":4},{"damage":0,"enemies":"2 Orb Walkers","floor":46,"turns":2},{"damage":0,"enemies":"Transient","floor":48,"turns":5},{"damage":1,"enemies":"Time Eater","floor":50,"turns":9}],"relics_obtained":[{"floor":1,"key":"Kunai"},{"floor":2,"key":"Thread and Needle"},{"floor":4,"key":"Bird Faced Urn"},{"floor":5,"key":"Bag of Preparation"},{"floor":7,"key":"Gambling Chip"},{"floor":9,"key":"Pantograph"},{"floor":12,"key":"Juzu Bracelet"},{"floor":13,"key":"Toolbox"},{"floor":16,"key":"Cables"},{"floor":17,"key":"Oddly Smooth Stone"},{"floor":17,"key":"Frozen Egg 2"},{"floor":17,"key":"Torii"},{"floor":18,"key":"Blue Candle"},{"floor":20,"key":"Boot"},{"floor":22,"key":"Ancient Tea Set"},{"floor":24,"key":"Singing Bowl"},{"floor":26,"key":"Shuriken"},{"floor":27,"key":"Emotion Chip"},{"floor":29,"key":"Centennial Puzzle"},{"floor":30,"key":"Strawberry"},{"floor":33,"key":"Whetstone"},{"floor":35,"key":"Vajra"},{"floor":37,"key":"Tiny Chest"},{"floor":38,"key":"Mummified Hand"},{"floor":41,"key":"Bag of Marbles"},{"floor":42,"key":"Mango"},{"floor":43,"key":"Anchor"},{"floor":44,"key":"Ice Cream"},{"floor":46,"key":"Happy Flower"},{"floor":48,"key":"Molten Egg 2"}],"event_choices":[{"event_name":"Bonfire Elementals","player_choice":"BASIC","floor":10,"damage_taken":0},{"event_name":"Big Fish","player_choice":"Donut","floor":11,"damage_taken":0},{"event_name":"Shining Light","player_choice":"Entered Light","floor":14,"damage_taken":0},{"event_name":"Ghosts","player_choice":"Ignored","floor":19,"damage_taken":0},{"event_name":"Beggar","player_choice":"Gave Gold","floor":25,"damage_taken":0},{"event_name":"Fountain of Cleansing","player_choice":"Removed Curse","floor":31,"damage_taken":0},{"event_name":"Tomb of Lord Red Mask","player_choice":"Ignored","floor":36,"damage_taken":0},{"event_name":"SecretPortal","player_choice":"Rejected Portal.","floor":39,"damage_taken":0},{"event_name":"Mysterious Sphere","player_choice":"Fight","floor":42,"damage_taken":0}],"boss_relics":[{"not_picked":["Snecko Eye","Tiny House"],"picked":"Calling Bell"},{"not_picked":["Pandora\u0027s Box","Philosopher\u0027s Stone"],"picked":"Cursed Key"}],"items_purged_floors":[47],"potions_floor_spawned":[4,7,12,13,20,24,29,30,38,42],"seed_played":"-369248960118146204","ascension_level":0,"potions_obtained":[{"floor":4,"key":"PowerPotion"},{"floor":7,"key":"Energy Potion"},{"floor":12,"key":"Regen Potion"},{"floor":13,"key":"Block Potion"},{"floor":20,"key":"SteroidPotion"},{"floor":24,"key":"Ancient Potion"},{"floor":29,"key":"FocusPotion"},{"floor":30,"key":"EssenceOfSteel"},{"floor":38,"key":"Strength Potion"}],"is_trial":false}