{"gold_per_floor":[112,123,137,147,147,175,175,175,228,244,258,258,272,291,291,367,367,367,367,203,203,203,203],"floor_reached":23,"playtime":920,"items_purged":["Strike_B"],"score":398,"play_id":"9b2e4d5d-60e3-4625-972c-224ba4ca3613","local_time":"20190223014750","is_ascension_mode":true,"campfire_choices":[{"floor":7.0,"key":"REST"},{"data":"Blizzard","floor":12.0,"key":"SMITH"},{"data":"Hologram","floor":15.0,"key":"SMITH"}],"neow_cost":"NONE","seed_source_timestamp":452563063104302,"circlet_count":0,"master_deck":["AscendersBane","Strike_B","Strike_B","Strike_B","Defend_B","Defend_B+1","Defend_B","Defend_B","Zap","Dualcast","Go for the Eyes","Cold Snap","Turbo+1","Ball Lightning","Chill","Blizzard+1","Conserve Battery","Stack","Hologram+1","Reinforced Body","Seek","Undo","Stack","Buffer","Stack","Cold Snap","Consume+1","Undo","Compile Driver","Heatsinks","Biased Cognition"],"special_seed":0,"relics":["Cracked Core","Bronze Scales","Torii","Prayer Wheel","Orichalcum","Ectoplasm"],"potions_floor_usage":[23,23],"damage_taken":[{"damage":4.0,"enemies":"Jaw Worm","floor":1.0,"turns":4.0},{"damage":1.0,"enemies":"Cultist","floor":2.0,"turns":3.0},{"damage":8.0,"enemies":"Small Slimes","floor":3.0,"turns":3.0},{"damage":3.0,"enemies":"Exordium Thugs","floor":4.0,"turns":4.0},{"damage":24.0,"enemies":"3 Sentries","floor":6.0,"turns":7.0},{"damage":0.0,"enemies":"2 Fungi Beasts","floor":10.0,"turns":3.0},{"damage":0.0,"enemies":"Exordium Wildlife","floor":11.0,"turns":3.0},{"damage":1.0,"enemies":"3 Louse","floor":13.0,"turns":3.0},{"damage":1.0,"enemies":"Blue Slaver","floor":14.0,"turns":5.0},{"damage":1.0,"enemies":"The Guardian","floor":16.0,"turns":15.0},{"damage":2.0,"enemies":"3 Byrds","floor":18.0,"turns":3.0},{"damage":0.0,"enemies":"Chosen","floor":19.0,"turns":6.0},{"damage":2.0,"enemies":"Snake Plant","floor":21.0,"turns":4.0},{"damage":6.0,"enemies":"3 Cultists","floor":22.0,"turns":6.0},{"damage":49,"enemies":"Gremlin Leader","floor":23,"turns":10}],"seed_played":"6425062417328917572","potions_obtained":[{"floor":3.0,"key":"AttackPotion"},{"floor":10.0,"key":"SkillPotion"},{"floor":11.0,"key":"Fire Potion"},{"floor":16.0,"key":"LiquidBronze"}],"is_trial":false,"path_per_floor":["M","M","M","M","?","E","R","T","T","M","M","R","M","M","R","B",null,"M","M","$","M","M","E"],"character_chosen":"DEFECT","items_purchased":["Undo"],"campfire_rested":1,"item_purchase_floors":[20],"current_hp_per_floor":[60,59,51,48,27,3,24,24,24,24,24,24,23,22,22,21,59,57,57,57,55,49,0],"gold":203,"neow_bonus":"RANDOM_COMMON_RELIC","is_prod":false,"is_daily":false,"chose_seed":false,"campfire_upgraded":2,"win_rate":0,"timestamp":1550857670,"path_taken":["M","M","M","M","?","E","R","?","T","M","M","R","M","M","R","BOSS","M","M","$","M","?","E"],"build_version":"2019-01-23","purchased_purges":1,"victory":false,"max_hp_per_floor":[71,71,71,71,71,71,71,71,71,71,71,71,71,71,71,71,71,71,71,71,71,71,71],"card_choices":[{"not_picked":["Redo","Barrage"],"picked":"Go for the Eyes","floor":1.0},{"not_picked":["Redo","Gash"],"picked":"Cold Snap","floor":2.0},{"not_picked":["Multi-Cast","Rebound"],"picked":"Turbo","floor":3.0},{"not_picked":["Stack","Streamline"],"picked":"Ball Lightning","floor":4.0},{"not_picked":["Gash","Conserve Battery"],"picked":"Chill","floor":6.0},{"not_picked":["FTL","Melter"],"picked":"Blizzard","floor":10.0},{"not_picked":["Heatsinks","Turbo"],"picked":"Conserve Battery","floor":10.0},{"not_picked":["Doom and Gloom","Redo"],"picked":"Stack","floor":11.0},{"not_picked":["Rebound","Gash"],"picked":"Hologram","floor":11.0},{"not_picked":["Beam Cell","Force Field"],"picked":"Reinforced Body","floor":13.0},{"not_picked":["Gash","Redo"],"picked":"Seek","floor":13.0},{"not_picked":["Conserve Battery","Hologram"],"picked":"Undo","floor":14.0},{"not_picked":["Conserve Battery","Hologram"],"picked":"Stack","floor":14.0},{"not_picked":["Seek","Creative AI"],"picked":"Buffer","floor":16.0},{"not_picked":["Steam","Barrage"],"picked":"Stack","floor":18.0},{"not_picked":["Gash","Steam","Streamline"],"picked":"SKIP","floor":18.0},{"not_picked":["Redo","Leap"],"picked":"Cold Snap","floor":19.0},{"not_picked":["Auto Shields","Ball Lightning+1"],"picked":"Consume+1","floor":19.0},{"not_picked":["Undo","BootSequence"],"picked":"Compile Driver","floor":21.0},{"not_picked":["Static Discharge","Steam"],"picked":"Heatsinks","floor":21.0},{"not_picked":["Compile Driver","Barrage"],"picked":"Biased Cognition","floor":22.0},{"not_picked":["Conserve Battery","Barrage","Steam Power"],"picked":"SKIP","floor":22.0}],"player_experience":925169,"relics_obtained":[{"floor":6.0,"key":"Torii"},{"floor":8.0,"key":"Prayer Wheel"},{"floor":9.0,"key":"Orichalcum"}],"event_choices":[{"damage_healed":0.0,"max_hp_gain":0.0,"max_hp_loss":0.0,"gold_gain":0.0,"event_name":"Shining Light","player_choice":"Entered Light","floor":5.0,"gold_loss":0.0,"damage_taken":21.0,"cards_upgraded":["Turbo","Defend_B"]}],"is_beta":false,"boss_relics":[{"not_picked":["Tiny House","Velvet Choker"],"picked":"Ectoplasm"}],"items_purged_floors":[20],"is_endless":false,"potions_floor_spawned":[3,10,11,13,14,16,19,21],"killed_by":"Gremlin Leader","ascension_level":20}