{"gold_per_floor":[211,226,245,320,164,192,192,204,255,255,287,306,306,317,317,395,395,413,426,303,315,340,367,367,44,112,130,130,149,149,162,162,239,239,249,129,145,145,157,157,188,188,188,188,48,48,148,160,160,160,160,160,160,0,34,34],"floor_reached":57,"playtime":3038,"items_purged":["Strike_G","Strike_G","Strike_G","Strike_G","Defend_G","Defend_G"],"score":2799,"play_id":"9cf02c7d-e276-4654-a20f-a671d0ca5895","local_time":"20190223135808","is_ascension_mode":true,"campfire_choices":[{"data":"Bouncing Flask","floor":7.0,"key":"SMITH"},{"floor":10.0,"key":"REST"},{"data":"Deadly Poison","floor":13.0,"key":"SMITH"},{"data":"Well Laid Plans","floor":15.0,"key":"SMITH"},{"data":"Wraith Form v2","floor":24.0,"key":"SMITH"},{"data":"Calculated Gamble","floor":28.0,"key":"SMITH"},{"data":"Tactician","floor":30.0,"key":"SMITH"},{"data":"Well Laid Plans","floor":32.0,"key":"SMITH"},{"data":"Catalyst","floor":40.0,"key":"SMITH"},{"data":"Night Terror","floor":42.0,"key":"SMITH"},{"floor":44.0,"key":"RECALL"},{"data":"Footwork","floor":46.0,"key":"SMITH"},{"data":"Neutralize","floor":49.0,"key":"SMITH"},{"data":"Backflip","floor":53.0,"key":"SMITH"}],"neow_cost":"NONE","seed_source_timestamp":8509849742929,"circlet_count":0,"master_deck":["AscendersBane","Defend_G","Defend_G","Defend_G","Survivor","Neutralize+1","Choke","Deadly Poison+1","Bouncing Flask+1","Well Laid Plans+1","Escape Plan","Wraith Form v2+1","Backflip+1","Reflex+1","Well Laid Plans+1","Tactician+1","Calculated Gamble+1","Footwork+1","Night Terror+1","Catalyst+1"],"special_seed":0,"relics":["Ring of the Snake","The Courier","Bag of Marbles","Coffee Dripper","Red Mask","Dodecahedron","Pantograph","Sozu","Blood Vial","Bronze Scales","Incense Burner","Lantern"],"potions_floor_usage":[],"damage_taken":[{"damage":1.0,"enemies":"Cultist","floor":1.0,"turns":5.0},{"damage":0.0,"enemies":"Small Slimes","floor":2.0,"turns":4.0},{"damage":1.0,"enemies":"2 Louse","floor":3.0,"turns":3.0},{"damage":24.0,"enemies":"Gremlin Nob","floor":6.0,"turns":4.0},{"damage":3.0,"enemies":"Blue Slaver","floor":8.0,"turns":4.0},{"damage":7.0,"enemies":"Lagavulin","floor":11.0,"turns":7.0},{"damage":3.0,"enemies":"2 Fungi Beasts","floor":12.0,"turns":3.0},{"damage":3.0,"enemies":"Looter","floor":14.0,"turns":3.0},{"damage":7.0,"enemies":"The Guardian","floor":16.0,"turns":9.0},{"damage":0.0,"enemies":"Spheric Guardian","floor":18.0,"turns":2.0},{"damage":5.0,"enemies":"Shell Parasite","floor":19.0,"turns":4.0},{"damage":4.0,"enemies":"Cultist and Chosen","floor":21.0,"turns":6.0},{"damage":9.0,"enemies":"Masked Bandits","floor":22.0,"turns":5.0},{"damage":19.0,"enemies":"Slavers","floor":23.0,"turns":6.0},{"damage":0.0,"enemies":"Snake Plant","floor":27.0,"turns":4.0},{"damage":3.0,"enemies":"3 Cultists","floor":29.0,"turns":6.0},{"damage":0.0,"enemies":"Centurion and Healer","floor":31.0,"turns":6.0},{"damage":29.0,"enemies":"Automaton","floor":33.0,"turns":12.0},{"damage":0.0,"enemies":"3 Darklings","floor":35.0,"turns":5.0},{"damage":0.0,"enemies":"Orb Walker","floor":37.0,"turns":4.0},{"damage":10.0,"enemies":"Jaw Worm Horde","floor":39.0,"turns":3.0},{"damage":0.0,"enemies":"Nemesis","floor":41.0,"turns":7.0},{"damage":0.0,"enemies":"Mind Bloom Boss Battle","floor":47.0,"turns":3.0},{"damage":2.0,"enemies":"4 Shapes","floor":48.0,"turns":5.0},{"damage":0.0,"enemies":"Donu and Deca","floor":50.0,"turns":4.0},{"damage":5.0,"enemies":"Awakened One","floor":51.0,"turns":5.0},{"damage":30.0,"enemies":"Shield and Spear","floor":55.0,"turns":7.0},{"damage":35,"enemies":"The Heart","floor":56,"turns":6}],"seed_played":"-6319307722292261665","potions_obtained":[{"floor":1.0,"key":"SpeedPotion"},{"floor":11.0,"key":"GamblersBrew"},{"floor":12.0,"key":"Poison Potion"},{"floor":21.0,"key":"SteroidPotion"},{"floor":22.0,"key":"Fire Potion"},{"floor":29.0,"key":"Energy Potion"},{"floor":33.0,"key":"AttackPotion"}],"is_trial":false,"path_per_floor":["M","M","M","?","$","E","R","M","T","R","E","M","R","M","R","B",null,"M","M","$","M","?","E","R","$","T","M","R","M","R","M","R","B",null,"M","$","M","?","M","R","E","R","T","R","$","R","?","M","R","B","B",null,"R","$","E","B",null],"character_chosen":"THE_SILENT","items_purchased":["Well Laid Plans","SpeedPotion","Well Laid Plans","Tactician","Calculated Gamble","Dexterity Potion"],"campfire_rested":1,"item_purchase_floors":[5,20,25,25,25,25],"current_hp_per_floor":[58,58,57,46,46,22,22,19,19,38,31,28,28,25,25,18,54,54,49,49,45,36,17,17,17,17,17,17,14,14,14,14,10,52,52,52,52,52,42,42,42,42,42,42,42,42,66,64,64,66,61,65,65,65,36,28],"gold":34,"neow_bonus":"HUNDRED_GOLD","is_prod":false,"is_daily":false,"chose_seed":false,"campfire_upgraded":12,"win_rate":0,"timestamp":1550901488,"path_taken":["M","M","?","?","$","E","R","M","T","R","E","M","R","M","R","BOSS","M","M","$","M","?","E","R","$","T","M","R","M","R","M","R","BOSS","M","$","M","?","M","R","E","R","T","R","$","R","?","M","R","BOSS","BOSS","R","$","E","BOSS"],"build_version":"2019-01-23","purchased_purges":6,"victory":true,"max_hp_per_floor":[66,66,66,66,66,66,66,66,66,66,66,66,66,66,66,66,66,66,66,66,66,66,66,66,66,66,66,66,66,66,66,66,66,66,66,66,66,66,66,66,66,66,66,66,66,66,66,66,66,66,66,66,66,66,66,66],"card_choices":[{"not_picked":["Concentrate","Deflect"],"picked":"Choke","floor":1.0},{"not_picked":["Acrobatics","Blade Dance"],"picked":"Deadly Poison","floor":2.0},{"not_picked":["Endless Agony","Dash"],"picked":"Bouncing Flask","floor":3.0},{"not_picked":["Outmaneuver","Choke"],"picked":"Escape Plan","floor":6.0},{"not_picked":["Deflect","Caltrops","Choke"],"picked":"SKIP","floor":8.0},{"not_picked":["Dagger Spray","Crippling Poison","Concentrate"],"picked":"SKIP","floor":11.0},{"not_picked":["Die Die Die","Backstab","Endless Agony"],"picked":"SKIP","floor":12.0},{"not_picked":["Flying Knee","Slice","Dodge and Roll"],"picked":"SKIP","floor":14.0},{"not_picked":["Night Terror","Burst"],"picked":"Wraith Form v2","floor":16.0},{"not_picked":["Poisoned Stab","Dagger Spray"],"picked":"Backflip","floor":18.0},{"not_picked":["Crippling Poison","Quick Slash","PiercingWail"],"picked":"SKIP","floor":19.0},{"not_picked":["Dodge and Roll","Prepared"],"picked":"Reflex+1","floor":21.0},{"not_picked":["Dodge and Roll","Outmaneuver","Backflip"],"picked":"SKIP","floor":23.0},{"not_picked":["Poisoned Stab","Dagger Throw","Deflect"],"picked":"SKIP","floor":27.0},{"not_picked":["Masterful Stab","Dagger Throw","Cloak And Dagger"],"picked":"SKIP","floor":29.0},{"not_picked":["Dodge and Roll","Deadly Poison+1"],"picked":"Footwork","floor":31.0},{"not_picked":["Tools of the Trade","Unload"],"picked":"Night Terror","floor":33.0},{"not_picked":["Dagger Spray+1","Cloak And Dagger","Prepared"],"picked":"SKIP","floor":35.0},{"not_picked":["Sucker Punch+1","Deflect"],"picked":"Catalyst","floor":37.0},{"not_picked":["Blade Dance+1","Outmaneuver+1","Flechettes+1"],"picked":"SKIP","floor":39.0},{"not_picked":["Quick Slash","Dash","Outmaneuver"],"picked":"SKIP","floor":41.0},{"not_picked":["Flying Knee+1","Backflip+1","Deadly Poison"],"picked":"SKIP","floor":48.0},{"not_picked":["Caltrops","Flying Knee+1","PiercingWail"],"picked":"SKIP","floor":55.0}],"player_experience":3071630,"relics_obtained":[{"floor":6.0,"key":"The Courier"},{"floor":11.0,"key":"Bag of Marbles"},{"floor":22.0,"key":"Red Mask"},{"floor":23.0,"key":"Dodecahedron"},{"floor":26.0,"key":"Pantograph"},{"floor":41.0,"key":"Blood Vial"},{"floor":43.0,"key":"Bronze Scales"},{"floor":47.0,"key":"Incense Burner"},{"floor":55.0,"key":"Lantern"}],"event_choices":[{"damage_healed":0.0,"max_hp_gain":0.0,"max_hp_loss":0.0,"gold_gain":75.0,"event_name":"World of Goop","player_choice":"Gather Gold","floor":4.0,"gold_loss":0.0,"damage_taken":11.0},{"damage_healed":0.0,"max_hp_gain":0.0,"max_hp_loss":0.0,"gold_gain":0.0,"event_name":"Masked Bandits","player_choice":"Fought Bandits","floor":22.0,"gold_loss":0.0,"damage_taken":0.0},{"cards_removed":["Strike_G"],"damage_healed":0.0,"max_hp_gain":0.0,"max_hp_loss":0.0,"gold_gain":0.0,"event_name":"Falling","player_choice":"Removed Attack","floor":38.0,"gold_loss":0.0,"damage_taken":0.0},{"damage_healed":0.0,"max_hp_gain":0.0,"max_hp_loss":0.0,"gold_gain":0.0,"event_name":"MindBloom","player_choice":"Fight","floor":47.0,"gold_loss":0.0,"damage_taken":0.0}],"is_beta":false,"boss_relics":[{"not_picked":["Ectoplasm","Philosopher\u0027s Stone"],"picked":"Coffee Dripper"},{"not_picked":["Runic Dome","Ring of the Serpent"],"picked":"Sozu"}],"items_purged_floors":[5,20,25,36,45,54],"is_endless":false,"potions_floor_spawned":[1,11,12,21,22,29,33,37,41,47],"ascension_level":20}