{"gold_per_floor":[115,132,144,162,180,206,220,250,250,181,181],"floor_reached":11,"playtime":376,"items_purged":[],"score":152,"play_id":"2949efc6-0cb2-471e-ace2-51341394009f","local_time":"20180727215731","is_ascension_mode":true,"campfire_choices":[],"neow_cost":"NONE","seed_source_timestamp":3074146836688,"circlet_count":0,"master_deck":["Defend_G","Defend_G","Defend_G","Defend_G","Defend_G","Strike_G","Strike_G","Strike_G","Strike_G","Strike_G","Survivor","Neutralize","AscendersBane","Deadly Poison","Choke","Poisoned Stab","Bane","Crippling Poison","Wraith Form v2","Flying Knee","Acrobatics","Footwork"],"relics":["Sozu","Juzu Bracelet","Ninja Scroll","Singing Bowl"],"potions_floor_usage":[],"damage_taken":[{"damage":0,"enemies":"Cultist","floor":1,"turns":5},{"damage":2,"enemies":"2 Louse","floor":2,"turns":3},{"damage":0,"enemies":"Jaw Worm","floor":3,"turns":5},{"damage":0,"enemies":"Looter","floor":4,"turns":3},{"damage":9,"enemies":"Blue Slaver","floor":5,"turns":2},{"damage":16,"enemies":"3 Sentries","floor":6,"turns":9},{"damage":4,"enemies":"Large Slime","floor":7,"turns":5},{"damage":23,"enemies":"Gremlin Nob","floor":8,"turns":5},{"damage":9,"enemies":"Lagavulin","floor":11,"turns":3}],"seed_played":"-5068017653203863298","potions_obtained":[],"is_trial":false,"path_per_floor":["M","M","M","M","M","E","M","E","T","$"],"character_chosen":"THE_SILENT","items_purchased":["Footwork"],"campfire_rested":0,"item_purchase_floors":[10],"current_hp_per_floor":[59,57,57,57,48,32,28,5,5,5,0],"gold":181,"neow_bonus":"BOSS_RELIC","is_prod":false,"is_daily":false,"chose_seed":false,"campfire_upgraded":0,"win_rate":0,"timestamp":1532699851,"path_taken":["M","M","M","M","M","E","M","E","T","$","E"],"build_version":"2018-07-26","purchased_purges":0,"victory":false,"max_hp_per_floor":[66,66,66,66,66,66,66,66,66,66,66],"card_choices":[{"not_picked":["Accuracy","PiercingWail"],"picked":"Deadly Poison","floor":1},{"not_picked":["Deflect","Backflip"],"picked":"Choke","floor":2},{"not_picked":["Acrobatics","Quick Slash"],"picked":"Poisoned Stab","floor":3},{"not_picked":["Prepared","Deadly Poison"],"picked":"Bane","floor":4},{"not_picked":["Venomology","Deflect"],"picked":"Crippling Poison","floor":5},{"not_picked":["Slice","Predator"],"picked":"Wraith Form v2","floor":6},{"not_picked":["Underhanded Strike","Crippling Poison"],"picked":"Flying Knee","floor":7},{"not_picked":["Poisoned Stab","Sucker Punch"],"picked":"Acrobatics","floor":8}],"player_experience":794167,"relics_obtained":[{"floor":6,"key":"Juzu Bracelet"},{"floor":8,"key":"Ninja Scroll"},{"floor":9,"key":"Singing Bowl"}],"event_choices":[],"is_beta":true,"boss_relics":[],"items_purged_floors":[],"is_endless":false,"potions_floor_spawned":[1,6,7,8],"killed_by":"Lagavulin","ascension_level":15}