{"gold_per_floor":[114,114,185,197,212,212,242,242,242,342,358,358,358,371,371,469,469,489,489,143,343,362,362,362,362,385,414,414,442,455,475,475,572,572,586,601,501,517,528,528,547,547,574,574,574,586,619,637,637,637,637,637,139,165,165],"floor_reached":56,"playtime":2199,"items_purged":["Strike_B","Defend_B","Strike_B"],"score":1347,"play_id":"c16c496b-c54e-4394-9179-220645c4a44a","local_time":"20181211191128","is_ascension_mode":false,"campfire_choices":[{"data":"Zap","floor":6.0,"key":"SMITH"},{"data":"Capacitor","floor":8.0,"key":"SMITH"},{"data":"Capacitor","floor":12.0,"key":"SMITH"},{"data":"Dualcast","floor":15,"key":"SMITH"},{"data":"Defragment","floor":25,"key":"SMITH"},{"data":"Defragment","floor":28,"key":"SMITH"},{"data":"Creative AI","floor":32,"key":"SMITH"},{"floor":40,"key":"RECALL"},{"data":"White Noise","floor":42,"key":"SMITH"},{"data":"Coolheaded","floor":49,"key":"SMITH"},{"data":"Glacier","floor":52,"key":"SMITH"}],"neow_cost":"PERCENT_DAMAGE","seed_source_timestamp":22897428911103,"circlet_count":0,"master_deck":["Strike_B","Defend_B","Defend_B","Zap+1","Dualcast+1","Melter","Capacitor+1","Coolheaded+1","Glacier+1","Capacitor+1","Genetic Algorithm","Creative AI+1","White Noise+1","Defragment+1","Defragment+1","Self Repair","Ghostly","Ghostly","Ghostly","Ghostly","Ghostly","Capacitor","Chill+1","Hologram+1","Electrodynamics","Glacier+1","Loop+1","Conserve Battery+1","Parasite","Coolheaded+1","Reinforced Body+1","Coolheaded+1","Seek+1","Transmutation+1","Auto Shields+1"],"special_seed":0,"relics":["Cracked Core","Dodecahedron","Pantograph","Vajra","Philosopher\u0027s Stone","DollysMirror","Centennial Puzzle","Boot","Toxic Egg 2","Inserter","Happy Flower","Dream Catcher","Blood Vial","Symbiotic Virus"],"potions_floor_usage":[27,30,55],"damage_taken":[{"damage":7.0,"enemies":"Small Slimes","floor":1.0,"turns":3.0},{"damage":8.0,"enemies":"Jaw Worm","floor":4.0,"turns":4.0},{"damage":1.0,"enemies":"Cultist","floor":5.0,"turns":3.0},{"damage":13.0,"enemies":"Lagavulin","floor":7.0,"turns":7.0},{"damage":10.0,"enemies":"3 Louse","floor":11.0,"turns":3.0},{"damage":0,"enemies":"Exordium Wildlife","floor":14,"turns":6},{"damage":21,"enemies":"Hexaghost","floor":16,"turns":15},{"damage":47,"enemies":"3 Byrds","floor":18,"turns":7},{"damage":3,"enemies":"Spheric Guardian","floor":22,"turns":3},{"damage":30,"enemies":"Slavers","floor":27,"turns":6},{"damage":1,"enemies":"Gremlin Leader","floor":29,"turns":9},{"damage":0,"enemies":"Snake Plant","floor":30,"turns":6},{"damage":0,"enemies":"Shelled Parasite and Fungi","floor":31,"turns":7},{"damage":0,"enemies":"Collector","floor":33,"turns":7},{"damage":2,"enemies":"Orb Walker","floor":35,"turns":5},{"damage":0,"enemies":"3 Shapes","floor":36,"turns":6},{"damage":0,"enemies":"Transient","floor":38,"turns":5},{"damage":0,"enemies":"Spire Growth","floor":39,"turns":6},{"damage":0,"enemies":"Writhing Mass","floor":41,"turns":7},{"damage":0,"enemies":"Jaw Worm Horde","floor":46,"turns":4},{"damage":3,"enemies":"Reptomancer","floor":47,"turns":7},{"damage":0,"enemies":"Sphere and 2 Shapes","floor":48,"turns":5},{"damage":21,"enemies":"Awakened One","floor":50,"turns":14},{"damage":8,"enemies":"Shield and Spear","floor":54,"turns":7},{"damage":32,"enemies":"The Heart","floor":55,"turns":10}],"seed_played":"-3971348882389985585","potions_obtained":[{"floor":1.0,"key":"Regen Potion"},{"floor":5.0,"key":"FearPotion"},{"floor":14,"key":"Energy Potion"},{"floor":18,"key":"Ancient Potion"},{"floor":30,"key":"Fruit Juice"},{"floor":33,"key":"Explosive Potion"},{"floor":39,"key":"Explosive Potion"}],"is_trial":false,"path_per_floor":["M","?","T","M","M","R","E","R","T","?","M","R","?","M","R","B",null,"M","?","$","?","M","?","?","R","T","E","R","E","M","M","R","B",null,"M","M","$","M","M","R","M","R","T","?","?","M","E","M","R","B",null,"R","$","E","B",null],"character_chosen":"DEFECT","items_purchased":["DollysMirror","Self Repair","Transmutation+1","Auto Shields+1","Blood Vial"],"campfire_rested":0,"item_purchase_floors":[20,20,53,53,53],"current_hp_per_floor":[47,40,40,32,31,31,33,33,33,33,23,23,23,23,23,27,75,28,28,28,28,32,32,32,32,32,2,2,8,27,34,34,42,42,42,42,42,42,42,42,42,42,42,40,40,40,40,40,40,26,40,40,40,39,15],"gold":165,"neow_bonus":"REMOVE_TWO","is_prod":false,"is_daily":false,"chose_seed":false,"campfire_upgraded":10,"win_rate":0,"timestamp":1544526688,"path_taken":["M","?","?","M","M","R","E","R","T","?","?","R","?","M","R","BOSS","M","?","$","?","?","?","?","R","T","E","R","E","M","M","R","BOSS","M","M","$","M","M","R","M","R","T","?","?","M","E","?","R","BOSS","R","$","E","BOSS"],"build_version":"2018-12-06","purchased_purges":3,"victory":true,"max_hp_per_floor":[75,75,75,75,75,75,75,75,75,75,75,75,75,75,75,75,75,75,75,75,75,75,37,37,37,37,37,37,37,42,42,42,42,42,42,42,42,42,42,42,42,42,42,40,40,40,40,40,40,40,40,40,40,40,40],"card_choices":[{"not_picked":["BootSequence","Sweeping Beam"],"picked":"Melter","floor":1.0},{"not_picked":["Undo","Melter"],"picked":"Capacitor","floor":4.0},{"not_picked":["Steam","Go for the Eyes"],"picked":"Coolheaded","floor":5.0},{"not_picked":["Rip and Tear","Steam"],"picked":"Glacier","floor":7.0},{"not_picked":["Cold Snap","Ball Lightning"],"picked":"Capacitor","floor":11.0},{"not_picked":["Conserve Battery","Stack"],"picked":"Genetic Algorithm","floor":14},{"not_picked":["Seek","Multi-Cast"],"picked":"Creative AI","floor":16},{"not_picked":["Darkness+1","Steam"],"picked":"White Noise","floor":18},{"not_picked":["Stack","Storm+1","Turbo"],"picked":"SKIP","floor":22},{"not_picked":["Storm","Sweeping Beam","Ball Lightning"],"picked":"SKIP","floor":27},{"not_picked":["FTL","BootSequence"],"picked":"Capacitor","floor":29},{"not_picked":["Storm","Steam+1"],"picked":"Chill+1","floor":30},{"not_picked":["Sweeping Beam","Turbo+1"],"picked":"Hologram+1","floor":31},{"not_picked":["Multi-Cast+1","Machine Learning"],"picked":"Electrodynamics","floor":33},{"not_picked":["Sunder","Chaos+1"],"picked":"Glacier+1","floor":35},{"not_picked":["Beam Cell+1","Rebound+1"],"picked":"Loop+1","floor":36},{"not_picked":["Cold Snap","Lockon","Streamline+1"],"picked":"SKIP","floor":38},{"not_picked":["Steam+1","Redo+1"],"picked":"Conserve Battery+1","floor":39},{"not_picked":["Cold Snap","Go for the Eyes"],"picked":"Coolheaded+1","floor":41},{"not_picked":["Rebound+1","Leap+1"],"picked":"Reinforced Body+1","floor":46},{"not_picked":["Tempest+1","Auto Shields+1"],"picked":"Coolheaded+1","floor":47},{"not_picked":["Loop+1","Coolheaded+1"],"picked":"Seek+1","floor":48},{"not_picked":["Beam Cell","Tempest+1","Rebound+1"],"picked":"SKIP","floor":54}],"player_experience":1219659,"relics_obtained":[{"floor":7.0,"key":"Pantograph"},{"floor":9.0,"key":"Vajra"},{"floor":26,"key":"Centennial Puzzle"},{"floor":27,"key":"Boot"},{"floor":29,"key":"Toxic Egg 2"},{"floor":43,"key":"Happy Flower"},{"floor":47,"key":"Dream Catcher"},{"floor":54,"key":"Symbiotic Virus"}],"event_choices":[{"damage_healed":0.0,"max_hp_gain":0.0,"max_hp_loss":0.0,"gold_gain":0.0,"event_name":"Scrap Ooze","player_choice":"Success","floor":2.0,"gold_loss":0.0,"damage_taken":7.0,"relics_obtained":["Dodecahedron"]},{"damage_healed":0.0,"max_hp_gain":0.0,"max_hp_loss":0.0,"gold_gain":100.0,"event_name":"Golden Shrine","player_choice":"Pray","floor":10.0,"gold_loss":0.0,"damage_taken":0.0},{"damage_healed":0,"gold_gain":0,"player_choice":"Searched \u00270\u0027 times","damage_taken":0,"max_hp_gain":0,"max_hp_loss":0,"event_name":"Dead Adventurer","floor":13,"gold_loss":0},{"damage_healed":0,"gold_gain":0,"player_choice":"Read","damage_taken":0,"max_hp_gain":0,"max_hp_loss":0,"event_name":"The Library","floor":19,"gold_loss":0,"cards_obtained":["Defragment"]},{"damage_healed":0,"gold_gain":200,"player_choice":"Gold","damage_taken":0,"max_hp_gain":0,"max_hp_loss":0,"event_name":"Wheel of Change","floor":21,"gold_loss":0},{"damage_healed":0,"gold_gain":0,"player_choice":"Became a Ghost","damage_taken":0,"max_hp_gain":0,"max_hp_loss":38,"event_name":"Ghosts","floor":23,"gold_loss":0,"cards_obtained":["Ghostly","Ghostly","Ghostly","Ghostly","Ghostly"]},{"damage_healed":0,"gold_gain":0,"player_choice":"Ignored","damage_taken":0,"max_hp_gain":0,"max_hp_loss":0,"event_name":"Vampires","floor":24,"gold_loss":0},{"damage_healed":0,"gold_gain":0,"player_choice":"Max HP","damage_taken":0,"max_hp_gain":0,"max_hp_loss":2,"event_name":"Winding Halls","floor":44,"gold_loss":0},{"damage_healed":0,"gold_gain":0,"player_choice":"Full Heal","damage_taken":0,"max_hp_gain":0,"max_hp_loss":0,"event_name":"Wheel of Change","floor":45,"gold_loss":0}],"is_beta":false,"boss_relics":[{"not_picked":["FrozenCore","Lizard Tail"],"picked":"Philosopher\u0027s Stone"},{"not_picked":["Cursed Key","Calling Bell"],"picked":"Inserter"}],"items_purged_floors":[20,37,53],"is_endless":false,"potions_floor_spawned":[1,5,14,18,30,33,39,46],"ascension_level":0}