{"gold_per_floor":[116,266,278,353,353,353,392,405,405,405],"floor_reached":10,"playtime":91,"items_purged":[],"score":182,"play_id":"7ffd01c1-12fc-4883-aa86-da7624fa71f1","local_time":"20181116201314","is_ascension_mode":true,"campfire_choices":[{"data":"Neutralize","floor":6,"key":"SMITH"}],"neow_cost":"NONE","seed_source_timestamp":1416272775929914,"circlet_count":0,"master_deck":["AscendersBane","Defend_G","Defend_G","Defend_G","Defend_G","Defend_G","Strike_G","Strike_G","Strike_G","Strike_G","Strike_G","Survivor","Neutralize+1","Catalyst","Doubt"],"relics":["Ring of the Snake","NeowsBlessing","Golden Idol","The Courier"],"potions_floor_usage":[],"damage_taken":[{"damage":0,"enemies":"Jaw Worm","floor":1,"turns":1},{"damage":0,"enemies":"Small Slimes","floor":3,"turns":1},{"damage":0,"enemies":"3 Sentries","floor":7,"turns":2},{"damage":10,"enemies":"2 Louse","floor":8,"turns":3},{"damage":0,"enemies":"Gremlin Nob","floor":10,"turns":1}],"seed_played":"2525754687196057582","potions_obtained":[{"floor":1,"key":"Fire Potion"},{"floor":3,"key":"Weak Potion"}],"is_trial":false,"path_per_floor":["M","?","M","?","?","R","E","M","T","E"],"character_chosen":"THE_SILENT","items_purchased":[],"campfire_rested":0,"item_purchase_floors":[],"current_hp_per_floor":[59,59,59,48,48,48,48,38,38,38],"gold":405,"neow_bonus":"THREE_ENEMY_KILL","is_prod":false,"is_daily":false,"chose_seed":false,"campfire_upgraded":1,"win_rate":0,"timestamp":1542370394,"path_taken":["M","?","M","?","?","R","E","?","T","E"],"build_version":"2018-11-15","purchased_purges":0,"victory":false,"max_hp_per_floor":[66,66,66,66,60,60,60,60,60,60],"card_choices":[{"not_picked":["Flying Knee","Blade Dance"],"picked":"Catalyst","floor":1},{"not_picked":["Finisher","Riddle With Holes","Dagger Throw"],"picked":"SKIP","floor":3},{"not_picked":["Doppelganger","PiercingWail","Flying Knee"],"picked":"SKIP","floor":7},{"not_picked":["PiercingWail","Tactician","Sucker Punch"],"picked":"SKIP","floor":8}],"player_experience":500872,"relics_obtained":[{"floor":7,"key":"The Courier"}],"event_choices":[{"damage_healed":0,"gold_gain":150,"player_choice":"AGREE","damage_taken":0,"max_hp_gain":0,"max_hp_loss":0,"event_name":"Liars Game","floor":2,"gold_loss":0,"cards_obtained":["Doubt"]},{"damage_healed":0,"gold_gain":75,"player_choice":"Gather Gold","damage_taken":11,"max_hp_gain":0,"max_hp_loss":0,"event_name":"World of Goop","floor":4,"gold_loss":0},{"damage_healed":0,"gold_gain":0,"player_choice":"Lose Max HP","damage_taken":0,"relics_obtained":["Golden Idol"],"max_hp_gain":0,"max_hp_loss":6,"event_name":"Golden Idol","floor":5,"gold_loss":0}],"is_beta":true,"boss_relics":[],"items_purged_floors":[],"is_endless":false,"potions_floor_spawned":[1,3],"killed_by":"Gremlin Nob","ascension_level":20}