{"gold_per_floor":[119,119,119,131,218,262,274,315,410,51,78,89,115,37,37,37],"floor_reached":16,"playtime":398,"items_purged":["Regret"],"score":305,"play_id":"04ad461d-32e0-4a05-879c-d19d8823f543","local_time":"20180722231800","is_ascension_mode":true,"campfire_choices":[{"data":"Neutralize","floor":7,"key":"SMITH"},{"floor":15,"key":"REST"}],"neow_cost":"NONE","seed_source_timestamp":22672395071175,"circlet_count":0,"master_deck":["Defend_G","Defend_G","Defend_G","Defend_G","Defend_G","Strike_G","Strike_G","Strike_G","Strike_G","Strike_G","Survivor","Neutralize+1","AscendersBane","Backstab","Wraith Form v2","Footwork","Footwork","Dash","Escape Plan","Prepared","Footwork"],"relics":["Ring of the Snake","NeowsBlessing","MawBank","Regal Pillow","Matryoshka","Tiny Chest","Strawberry","Pen Nib","Anchor","Mercury Hourglass"],"potions_floor_usage":[13],"damage_taken":[{"damage":0,"enemies":"Cultist","floor":1,"turns":1},{"damage":0,"enemies":"3 Sentries","floor":6,"turns":1},{"damage":0,"enemies":"Lagavulin","floor":8,"turns":1},{"damage":27,"enemies":"Gremlin Nob","floor":11,"turns":6},{"damage":0,"enemies":"Jaw Worm","floor":12,"turns":4},{"damage":15,"enemies":"Lagavulin","floor":13,"turns":11},{"damage":52,"enemies":"Hexaghost","floor":16,"turns":14}],"seed_played":"-7374143540186534495","potions_obtained":[{"floor":1,"key":"Fire Potion"},{"floor":11,"key":"Explosive Potion"}],"is_trial":false,"path_per_floor":["M","$","?","$","?","E","R","E","T","$","E","M","E","$","R"],"character_chosen":"THE_SILENT","items_purchased":["Footwork","Pen Nib","Dash","Footwork"],"campfire_rested":1,"item_purchase_floors":[10,10,10,14],"current_hp_per_floor":[59,59,59,59,48,48,48,48,55,55,28,28,13,13,49,0],"gold":37,"neow_bonus":"THREE_ENEMY_KILL","is_prod":false,"is_daily":false,"chose_seed":false,"campfire_upgraded":1,"win_rate":0,"timestamp":1532272680,"path_taken":["M","?","?","$","?","E","R","E","T","$","E","?","E","$","R","BOSS"],"build_version":"2018-07-19","purchased_purges":1,"victory":false,"max_hp_per_floor":[66,66,66,66,66,66,66,66,73,73,73,73,73,73,73,73],"card_choices":[{"not_picked":["Riddle With Holes","Quick Slash"],"picked":"Backstab","floor":1},{"not_picked":["Escape Plan","Terror"],"picked":"Wraith Form v2","floor":6},{"not_picked":["Dagger Spray","PiercingWail"],"picked":"Footwork","floor":8},{"not_picked":["Leg Sweep","Concentrate"],"picked":"Escape Plan","floor":11},{"not_picked":["Blade Dance","Dagger Throw"],"picked":"Prepared","floor":12},{"not_picked":["Quick Slash","Bane","Dagger Spray"],"picked":"SKIP","floor":13}],"player_experience":771855,"relics_obtained":[{"floor":6,"key":"Regal Pillow"},{"floor":8,"key":"Matryoshka"},{"floor":9,"key":"Tiny Chest"},{"floor":9,"key":"Strawberry"},{"floor":11,"key":"Anchor"},{"floor":13,"key":"Mercury Hourglass"}],"event_choices":[{"event_name":"Big Fish","player_choice":"Box","floor":3,"damage_taken":0},{"event_name":"World of Goop","player_choice":"Gather Gold","floor":5,"damage_taken":0}],"is_beta":true,"boss_relics":[],"items_purged_floors":[10],"is_endless":false,"potions_floor_spawned":[1,11,12],"killed_by":"Hexaghost","ascension_level":15}