{"gold_per_floor":[215,226,151,151,76,76,76,76,76,76,89,117,117,150,150,222,222,239,154,154,165,65,96,96,116,116,116,116,130,148,148],"floor_reached":31,"playtime":583,"items_purged":["Strike_R","Strike_R"],"score":522,"play_id":"d1d60d2d-6aa8-4cc2-a10e-edfd5d5d1a4c","local_time":"20190210223604","is_ascension_mode":true,"campfire_choices":[{"data":"Inflame","floor":6,"key":"SMITH"},{"data":"Battle Trance","floor":8,"key":"SMITH"},{"data":"Whirlwind","floor":15,"key":"SMITH"},{"floor":24,"key":"REST"},{"data":"Limit Break","floor":28,"key":"SMITH"}],"neow_cost":"NONE","seed_source_timestamp":1143400841159476,"circlet_count":0,"master_deck":["AscendersBane","Defend_R","Defend_R","Defend_R","Bash","Inflame+1","Battle Trance+1","Inflame","Whirlwind+1","Limit Break+1"],"relics":["Burning Blood","Regal Pillow","Bronze Scales","Paper Frog","Champion Belt","Happy Flower","Empty Cage","Torii","Nunchaku"],"potions_floor_usage":[16,16,23,29],"damage_taken":[{"damage":16,"enemies":"Jaw Worm","floor":1,"turns":4},{"damage":4,"enemies":"Small Slimes","floor":2,"turns":4},{"damage":10,"enemies":"2 Louse","floor":11,"turns":3},{"damage":8,"enemies":"Gremlin Nob","floor":12,"turns":3},{"damage":30,"enemies":"3 Sentries","floor":14,"turns":4},{"damage":23,"enemies":"The Guardian","floor":16,"turns":10},{"damage":0,"enemies":"Chosen","floor":18,"turns":3},{"damage":30,"enemies":"Shell Parasite","floor":21,"turns":4},{"damage":39,"enemies":"Slavers","floor":23,"turns":3},{"damage":24,"enemies":"Snake Plant","floor":25,"turns":3},{"damage":0,"enemies":"Chosen and Byrds","floor":29,"turns":2},{"damage":34,"enemies":"Sentry and Sphere","floor":30,"turns":4},{"damage":10,"enemies":"Snake Plant","floor":31,"turns":2}],"seed_played":"4650549472087600182","potions_obtained":[{"floor":2,"key":"FearPotion"},{"floor":14,"key":"SteroidPotion"},{"floor":21,"key":"SpeedPotion"},{"floor":23,"key":"FearPotion"},{"floor":25,"key":"Energy Potion"}],"is_trial":false,"path_per_floor":["M","M","?","T","$","R","$","R","T","?","M","E","?","E","R","B",null,"M","?","?","M","$","E","R","M","T","?","R","M","M","M"],"character_chosen":"IRONCLAD","items_purchased":[],"campfire_rested":1,"item_purchase_floors":[],"current_hp_per_floor":[58,60,60,60,60,60,60,60,60,49,45,43,48,24,24,7,62,68,68,68,44,44,11,50,32,32,32,32,38,10,0],"gold":148,"neow_bonus":"HUNDRED_GOLD","is_prod":false,"is_daily":false,"chose_seed":false,"campfire_upgraded":4,"win_rate":0,"timestamp":1549809364,"path_taken":["M","M","?","?","$","R","$","R","T","?","M","E","?","E","R","BOSS","M","?","?","M","$","E","R","M","T","?","R","M","?","M"],"build_version":"2019-01-23","purchased_purges":2,"victory":false,"max_hp_per_floor":[75,75,75,75,75,75,75,75,75,75,75,75,80,80,80,80,80,80,80,80,80,80,80,80,80,80,80,80,80,80,80],"card_choices":[{"not_picked":["Iron Wave","Warcry"],"picked":"Inflame","floor":1},{"not_picked":["Havoc","Wild Strike"],"picked":"Battle Trance","floor":2},{"not_picked":["Sever Soul","True Grit"],"picked":"Inflame","floor":11},{"not_picked":["Double Tap","Perfected Strike"],"picked":"Whirlwind","floor":12},{"not_picked":["Reckless Charge","Twin Strike","Headbutt"],"picked":"SKIP","floor":14},{"not_picked":["Bludgeon","Immolate"],"picked":"Limit Break","floor":16},{"not_picked":["Dropkick","Fire Breathing","Metallicize"],"picked":"SKIP","floor":18},{"not_picked":["Anger","Entrench","Sentinel"],"picked":"SKIP","floor":21},{"not_picked":["Iron Wave","Barricade","Clothesline"],"picked":"SKIP","floor":23},{"not_picked":["Clash","Twin Strike","Clothesline+1"],"picked":"SKIP","floor":25},{"not_picked":["Inflame","Body Slam","Rampage"],"picked":"SKIP","floor":29},{"not_picked":["Body Slam+1","Thunderclap","Twin Strike"],"picked":"SKIP","floor":30}],"player_experience":719573,"relics_obtained":[{"floor":4,"key":"Regal Pillow"},{"floor":9,"key":"Bronze Scales"},{"floor":12,"key":"Champion Belt"},{"floor":14,"key":"Happy Flower"},{"floor":23,"key":"Nunchaku"}],"event_choices":[{"cards_removed":["Strike_R"],"damage_healed":0,"gold_gain":0,"player_choice":"Card Removal","damage_taken":0,"max_hp_gain":0,"max_hp_loss":0,"event_name":"The Cleric","floor":3,"gold_loss":75},{"damage_healed":0,"gold_gain":0,"player_choice":"Success","damage_taken":11,"relics_obtained":["Paper Frog"],"max_hp_gain":0,"max_hp_loss":0,"event_name":"Scrap Ooze","floor":10,"gold_loss":0},{"damage_healed":0,"gold_gain":0,"player_choice":"Donut","damage_taken":0,"max_hp_gain":5,"max_hp_loss":0,"event_name":"Big Fish","floor":13,"gold_loss":0},{"damage_healed":0,"gold_gain":0,"player_choice":"Obtained Relic","damage_taken":0,"relics_obtained":["Torii"],"max_hp_gain":0,"max_hp_loss":0,"event_name":"Addict","floor":19,"gold_loss":85},{"cards_removed":["Defend_R"],"damage_healed":0,"gold_gain":0,"player_choice":"Elegance","damage_taken":0,"max_hp_gain":0,"max_hp_loss":0,"event_name":"Back to Basics","floor":20,"gold_loss":0},{"damage_healed":0,"gold_gain":0,"player_choice":"Ignored","damage_taken":0,"max_hp_gain":0,"max_hp_loss":0,"event_name":"N\u0027loth","floor":27,"gold_loss":0}],"is_beta":false,"boss_relics":[{"not_picked":["Tiny House","Mark of Pain"],"picked":"Empty Cage"}],"items_purged_floors":[5,22],"is_endless":false,"potions_floor_spawned":[2,14,21,23,25],"killed_by":"Snake Plant","ascension_level":20}