{"gold_per_floor":[119,119,119,119,61,61,71,104,127,147,157,157,4,16,16,90,90,109,128,178,41,41,76,76,87,87,87,115,115,215,58,58,131,131,145,159,52,52,71,97,97,127,174,193,193,238,264,280,280,280,280,280,280,118,144,144],"floor_reached":57,"playtime":2730,"items_purged":["Pain","Strike_B"],"score":3352,"play_id":"991aabc2-92a8-4b1f-8ffd-cc0c8c28c48c","local_time":"20190720094659","is_ascension_mode":true,"campfire_choices":[{"data":"Sunder","floor":6.0,"key":"SMITH"},{"floor":15.0,"key":"REST"},{"floor":24.0,"key":"REST"},{"data":"Strike_B","floor":27.0,"key":"PURGE"},{"data":"Strike_B+1","floor":32.0,"key":"PURGE"},{"floor":41.0,"key":"RECALL"},{"data":"Defend_B+1","floor":49.0,"key":"PURGE"},{"data":"Defend_B+1","floor":53.0,"key":"PURGE"}],"neow_cost":"TEN_PERCENT_HP_LOSS","seed_source_timestamp":0,"circlet_count":0,"master_deck":["AscendersBane","Defend_B+1","Defend_B+1","Zap+1","Dualcast+1","Sunder+1","Coolheaded+1","Beam Cell+1","Skim+1","Darkness+1","Defragment+1","Go for the Eyes+1","Creative AI+1","Glacier+1","Ghostly+1","Ghostly+1","Ghostly+1","Buffer+1","Coolheaded+1","Heatsinks+1","Impatience+1","Reboot+1","Storm+1","Aggregate+1","Turbo+1","Coolheaded+1","Skim","Skim","Turbo"],"special_seed":0,"relics":["Cracked Core","Peace Pipe","Pear","PreservedInsect","WarpedTongs","Fusion Hammer","Molten Egg 2","Symbiotic Virus","Omamori","Torii","Letter Opener","Busted Crown","Mark of the Bloom","Gambling Chip","Calipers","StoneCalendar","Regal Pillow","Lantern","Blood Vial"],"potions_floor_usage":[56,56],"damage_taken":[{"damage":4.0,"enemies":"Jaw Worm","floor":1.0,"turns":4.0},{"damage":0.0,"enemies":"2 Louse","floor":7.0,"turns":1.0},{"damage":27.0,"enemies":"Gremlin Nob","floor":8.0,"turns":4.0},{"damage":7.0,"enemies":"Small Slimes","floor":10.0,"turns":2.0},{"damage":23.0,"enemies":"Gremlin Gang","floor":11.0,"turns":3.0},{"damage":1.0,"enemies":"2 Fungi Beasts","floor":14.0,"turns":4.0},{"damage":20.0,"enemies":"Hexaghost","floor":16.0,"turns":9.0},{"damage":27.0,"enemies":"Chosen","floor":18.0,"turns":5.0},{"damage":14.0,"enemies":"Spheric Guardian","floor":19.0,"turns":4.0},{"damage":13.0,"enemies":"Book of Stabbing","floor":23.0,"turns":4.0},{"damage":3.0,"enemies":"Cultist and Chosen","floor":25.0,"turns":7.0},{"damage":0.0,"enemies":"Gremlin Leader","floor":28.0,"turns":10.0},{"damage":0.0,"enemies":"Colosseum Slavers","floor":30.0,"turns":5.0},{"damage":5.0,"enemies":"Colosseum Nobs","floor":30.0,"turns":6.0},{"damage":1.0,"enemies":"Champ","floor":33.0,"turns":10.0},{"damage":0.0,"enemies":"3 Shapes","floor":35.0,"turns":3.0},{"damage":3.0,"enemies":"3 Darklings","floor":36.0,"turns":5.0},{"damage":0.0,"enemies":"Maw","floor":39.0,"turns":7.0},{"damage":0.0,"enemies":"Reptomancer","floor":40.0,"turns":2.0},{"damage":0.0,"enemies":"Giant Head","floor":42.0,"turns":6.0},{"damage":0.0,"enemies":"Writhing Mass","floor":44.0,"turns":7.0},{"damage":0.0,"enemies":"2 Orb Walkers","floor":46.0,"turns":4.0},{"damage":0.0,"enemies":"Reptomancer","floor":47.0,"turns":5.0},{"damage":0.0,"enemies":"Jaw Worm Horde","floor":48.0,"turns":4.0},{"damage":0.0,"enemies":"Awakened One","floor":50.0,"turns":11.0},{"damage":0.0,"enemies":"Donu and Deca","floor":51.0,"turns":10.0},{"damage":0.0,"enemies":"Shield and Spear","floor":55.0,"turns":7.0},{"damage":0,"enemies":"The Heart","floor":56,"turns":12}],"seed_played":"8955827322905100501","potions_obtained":[{"floor":1.0,"key":"Fire Potion"},{"floor":14.0,"key":"Explosive Potion"},{"floor":19.0,"key":"Strength Potion"},{"floor":23.0,"key":"AttackPotion"},{"floor":25.0,"key":"SkillPotion"},{"floor":30.0,"key":"Fire Potion"},{"floor":42.0,"key":"PowerPotion"}],"is_trial":false,"path_per_floor":["M","?","?","?","$","R","M","E","T","M","M","?","$","M","R","B",null,"M","M","?","$","?","E","R","M","T","R","E","?","?","$","R","B",null,"M","M","$","?","M","E","R","E","T","M","?","?","E","M","R","B","B",null,"R","$","E","B",null],"character_chosen":"DEFECT","items_purchased":["Coolheaded","Defragment","Glacier","Impatience","SkillPotion","Turbo","Coolheaded","Lantern"],"campfire_rested":2,"item_purchase_floors":[5,13,21,31,31,37,37,54],"current_hp_per_floor":[60,60,53,53,53,53,53,36,36,29,6,6,6,5,27,7,57,30,16,16,16,16,3,14,11,11,11,11,11,6,6,6,5,29,29,26,26,26,26,26,26,26,26,26,26,26,26,26,26,26,26,26,26,26,26,26],"gold":144,"neow_bonus":"ONE_RARE_RELIC","is_prod":false,"is_daily":false,"chose_seed":false,"campfire_upgraded":1,"win_rate":0,"timestamp":1563583619,"path_taken":["M","?","?","?","$","R","M","E","T","M","M","?","$","?","R","BOSS","M","?","?","?","?","E","R","?","T","R","E","?","?","$","R","BOSS","M","M","$","?","M","E","R","E","T","M","?","?","E","M","R","BOSS","BOSS","R","$","E","BOSS"],"build_version":"2019-07-17","purchased_purges":2,"victory":true,"max_hp_per_floor":[64,64,64,64,64,64,64,74,74,74,74,74,74,74,74,74,74,74,74,74,74,37,37,37,37,37,37,37,37,37,37,37,37,37,37,37,37,37,37,37,37,37,37,37,35,35,35,35,35,35,35,35,35,35,35,35],"card_choices":[{"not_picked":["Undo","Conserve Battery"],"picked":"Sunder","floor":1.0},{"not_picked":["Conserve Battery","Barrage"],"picked":"Beam Cell","floor":7.0},{"not_picked":["Steam","Chill"],"picked":"Skim","floor":8.0},{"not_picked":["Double Energy","Hologram"],"picked":"Darkness","floor":10.0},{"not_picked":["Reprogram","Static Discharge","Hologram"],"picked":"SKIP","floor":11.0},{"not_picked":["Stack","Hologram"],"picked":"Go for the Eyes","floor":14.0},{"not_picked":["Hyperbeam","Buffer"],"picked":"Creative AI","floor":16.0},{"not_picked":["Hologram","Stack","Reprogram+1"],"picked":"SKIP","floor":18.0},{"not_picked":["Steam Power+1","Rebound+1","Beam Cell"],"picked":"SKIP","floor":19.0},{"not_picked":["Aggregate","Storm+1"],"picked":"Buffer","floor":23.0},{"not_picked":["Melter+1","Static Discharge+1"],"picked":"Coolheaded","floor":25.0},{"not_picked":["Chill","Barrage+1","Reinforced Body"],"picked":"SKIP","floor":28.0},{"not_picked":["Streamline+1","Barrage+1"],"picked":"Heatsinks","floor":30.0},{"not_picked":["Biased Cognition","Electrodynamics"],"picked":"Reboot","floor":33.0},{"not_picked":["Storm"],"picked":"SKIP","floor":35.0},{"not_picked":[],"picked":"Storm","floor":35.0},{"not_picked":["Aggregate+1"],"picked":"SKIP","floor":36.0},{"not_picked":[],"picked":"Aggregate+1","floor":36.0},{"not_picked":["Lockon+1"],"picked":"SKIP","floor":39.0},{"not_picked":["Barrage+1"],"picked":"SKIP","floor":40.0},{"not_picked":[],"picked":"Skim","floor":42.0},{"not_picked":[],"picked":"Skim","floor":44.0},{"not_picked":[],"picked":"Turbo","floor":46.0},{"not_picked":["Streamline+1"],"picked":"SKIP","floor":47.0},{"not_picked":["Aggregate"],"picked":"SKIP","floor":48.0},{"not_picked":["Gash+1"],"picked":"SKIP","floor":55.0}],"player_experience":644230,"relics_obtained":[{"floor":8.0,"key":"Pear"},{"floor":9.0,"key":"PreservedInsect"},{"floor":23.0,"key":"Molten Egg 2"},{"floor":26.0,"key":"Symbiotic Virus"},{"floor":28.0,"key":"Omamori"},{"floor":30.0,"key":"Torii"},{"floor":30.0,"key":"Letter Opener"},{"floor":40.0,"key":"Gambling Chip"},{"floor":42.0,"key":"Calipers"},{"floor":46.0,"key":"StoneCalendar"},{"floor":47.0,"key":"Regal Pillow"},{"floor":55.0,"key":"Blood Vial"}],"event_choices":[{"damage_healed":0.0,"max_hp_gain":0.0,"max_hp_loss":0.0,"gold_gain":0.0,"event_name":"Scrap Ooze","player_choice":"Fled","floor":2.0,"gold_loss":0.0,"damage_taken":0.0},{"cards_removed":["Strike_B"],"damage_healed":0.0,"max_hp_gain":0.0,"max_hp_loss":0.0,"gold_gain":0.0,"event_name":"Golden Wing","player_choice":"Card Removal","floor":3.0,"gold_loss":0.0,"damage_taken":7.0},{"damage_healed":0.0,"max_hp_gain":0.0,"max_hp_loss":0.0,"gold_gain":0.0,"event_name":"The Cleric","player_choice":"Leave","floor":4.0,"gold_loss":0.0,"damage_taken":0.0},{"damage_healed":0.0,"max_hp_gain":0.0,"max_hp_loss":0.0,"gold_gain":0.0,"event_name":"Accursed Blacksmith","player_choice":"Rummage","floor":12.0,"gold_loss":0.0,"damage_taken":0.0,"relics_obtained":["WarpedTongs"],"cards_obtained":["Pain"]},{"damage_healed":0.0,"max_hp_gain":0.0,"max_hp_loss":0.0,"gold_gain":50.0,"event_name":"Nest","player_choice":"Stole From Cult","floor":20.0,"gold_loss":0.0,"damage_taken":0.0},{"damage_healed":0.0,"max_hp_gain":0.0,"max_hp_loss":37.0,"gold_gain":0.0,"event_name":"Ghosts","player_choice":"Became a Ghost","floor":22.0,"gold_loss":0.0,"damage_taken":0.0,"cards_obtained":["Ghostly","Ghostly","Ghostly"]},{"damage_healed":0.0,"max_hp_gain":0.0,"max_hp_loss":0.0,"gold_gain":0.0,"event_name":"Back to Basics","player_choice":"Simplicity","floor":29.0,"gold_loss":0.0,"damage_taken":0.0,"cards_upgraded":["Strike_B","Defend_B","Defend_B","Defend_B","Defend_B"]},{"damage_healed":0.0,"max_hp_gain":0.0,"max_hp_loss":0.0,"gold_gain":0.0,"event_name":"Colosseum","player_choice":"Fight","floor":30.0,"gold_loss":0.0,"damage_taken":0.0},{"damage_healed":0.0,"max_hp_gain":0.0,"max_hp_loss":0.0,"gold_gain":0.0,"event_name":"Colosseum","player_choice":"Fought Nobs","floor":30.0,"gold_loss":0.0,"damage_taken":0.0},{"damage_healed":0.0,"max_hp_gain":0.0,"max_hp_loss":0.0,"gold_gain":0.0,"event_name":"MindBloom","player_choice":"Upgrade","floor":38.0,"gold_loss":0.0,"damage_taken":0.0,"cards_upgraded":["Zap","Dualcast","Coolheaded","Beam Cell","Skim","Darkness","Defragment","Go for the Eyes","Creative AI","Glacier","Ghostly","Ghostly","Ghostly","Buffer","Coolheaded","Heatsinks","Impatience","Reboot","Storm","Turbo","Coolheaded"],"relics_obtained":["Mark of the Bloom"]},{"damage_healed":0.0,"max_hp_gain":0.0,"max_hp_loss":2.0,"gold_gain":0.0,"event_name":"Winding Halls","player_choice":"Max HP","floor":45.0,"gold_loss":0.0,"damage_taken":0.0},{"damage_healed":0.0,"max_hp_gain":0.0,"max_hp_loss":0.0,"gold_gain":0.0,"event_name":"Mysterious Sphere","player_choice":"Fight","floor":46.0,"gold_loss":0.0,"damage_taken":0.0}],"is_beta":false,"boss_relics":[{"not_picked":["Tiny House","Nuclear Battery"],"picked":"Fusion Hammer"},{"not_picked":["Cursed Key","Eternal Feather"],"picked":"Busted Crown"}],"items_purged_floors":[13,21],"is_endless":false,"potions_floor_spawned":[1,14,19,23,25,30,39,42,44,46,48,55],"ascension_level":20}