{"gold_per_floor":[115,127,127,52,102,102,132,169,196,96,176,176,214,269,269,346,346,383,383,426,486,93,93,93],"floor_reached":24,"playtime":2705,"items_purged":["Decay","Strike_B","Strike_B"],"score":412,"play_id":"8c1cf2c3-415c-4ab7-87e8-513e63c824e2","local_time":"20190527173521","is_ascension_mode":true,"campfire_choices":[{"data":"HandOfGreed","floor":6.0,"key":"SMITH"},{"data":"Defragment","floor":12.0,"key":"SMITH"},{"data":"Hologram","floor":15.0,"key":"SMITH"},{"data":"Deep Breath","floor":23,"key":"SMITH"}],"neow_cost":"CURSE","seed_source_timestamp":95970356440755,"circlet_count":0,"master_deck":["AscendersBane","Defend_B","Defend_B","Defend_B","Defend_B","Zap","Dualcast","Deep Breath+1","White Noise","Skim","HandOfGreed+1","Self Repair","Hologram+1","Defragment+1","Fission","Biased Cognition","Coolheaded","Conserve Battery+1","Static Discharge","Machine Learning","Coolheaded","Double Energy"],"special_seed":0,"relics":["Cracked Core","Bag of Marbles","Ancient Tea Set","Oddly Smooth Stone","Orichalcum","Orrery","Medical Kit"],"potions_floor_usage":[],"damage_taken":[{"damage":9.0,"enemies":"Small Slimes","floor":1.0,"turns":4.0},{"damage":6.0,"enemies":"Cultist","floor":2.0,"turns":3.0},{"damage":1.0,"enemies":"2 Louse","floor":5.0,"turns":3.0},{"damage":15.0,"enemies":"Lagavulin","floor":7.0,"turns":6.0},{"damage":14.0,"enemies":"Blue Slaver","floor":8.0,"turns":6.0},{"damage":27.0,"enemies":"3 Sentries","floor":11.0,"turns":6.0},{"damage":0.0,"enemies":"Looter","floor":13.0,"turns":4.0},{"damage":8.0,"enemies":"Hexaghost","floor":16.0,"turns":9.0},{"damage":11.0,"enemies":"Spheric Guardian","floor":18.0,"turns":7.0},{"damage":4.0,"enemies":"Chosen","floor":20.0,"turns":4.0},{"damage":23.0,"enemies":"Sentry and Sphere","floor":21.0,"turns":8.0},{"damage":4,"enemies":"Centurion and Healer","floor":24,"turns":7}],"seed_played":"-2354501827603173137","potions_obtained":[{"floor":2.0,"key":"SteroidPotion"},{"floor":5.0,"key":"Swift Potion"},{"floor":7.0,"key":"FearPotion"},{"floor":21.0,"key":"Poison Potion"}],"is_trial":false,"path_per_floor":["M","M","?","$","M","R","E","M","T","$","E","R","M","T","R","B",null,"M","?","M","M","$","R","M"],"character_chosen":"DEFECT","items_purchased":["Medical Kit","Double Energy"],"campfire_rested":0,"item_purchase_floors":[22,22],"current_hp_per_floor":[55,49,49,49,48,48,40,33,33,33,13,13,20,20,20,19,58,54,54,57,41,41,41,37],"gold":93,"neow_bonus":"RANDOM_COLORLESS_2","is_prod":false,"is_daily":false,"chose_seed":false,"campfire_upgraded":4,"win_rate":0,"timestamp":1558949721,"path_taken":["M","M","?","$","M","R","E","?","T","$","E","R","M","?","R","BOSS","M","?","M","M","$","R","M"],"build_version":"2019-01-23","purchased_purges":3,"victory":false,"max_hp_per_floor":[71,71,71,71,71,71,71,71,71,71,71,71,71,71,71,71,71,71,71,71,71,71,71,71],"card_choices":[{"not_picked":["Rebound","Stack"],"picked":"White Noise","floor":1.0},{"not_picked":["Loop","Hologram"],"picked":"Skim","floor":2.0},{"not_picked":["Steam","Beam Cell"],"picked":"Self Repair","floor":5.0},{"not_picked":["Barrage","Sweeping Beam","Compile Driver"],"picked":"SKIP","floor":7.0},{"not_picked":["Compile Driver","Steam"],"picked":"Hologram","floor":8.0},{"not_picked":["Go for the Eyes","Leap"],"picked":"Defragment","floor":11.0},{"not_picked":["Meteor Strike","Leap","Stack"],"picked":"SKIP","floor":13.0},{"not_picked":["Core Surge","Echo Form"],"picked":"Fission","floor":16.0},{"not_picked":["Coolheaded","Rebound"],"picked":"Biased Cognition","floor":17.0},{"not_picked":["Undo","Consume"],"picked":"Coolheaded","floor":17.0},{"not_picked":["Aggregate+1","Stack"],"picked":"Conserve Battery+1","floor":18.0},{"not_picked":["Gash","Go for the Eyes"],"picked":"Coolheaded","floor":20.0},{"not_picked":["Force Field","Go for the Eyes","Compile Driver"],"picked":"SKIP","floor":21.0}],"player_experience":4883221,"relics_obtained":[{"floor":7.0,"key":"Bag of Marbles"},{"floor":9.0,"key":"Ancient Tea Set"},{"floor":11.0,"key":"Oddly Smooth Stone"},{"floor":14.0,"key":"Orichalcum"}],"event_choices":[{"damage_healed":0.0,"max_hp_gain":0.0,"max_hp_loss":0.0,"gold_gain":0.0,"cards_transformed":["Sadistic Nature"],"event_name":"Transmorgrifier","player_choice":"Transformed","floor":3.0,"gold_loss":0.0,"damage_taken":0.0,"cards_obtained":["HandOfGreed"]},{"damage_healed":0.0,"max_hp_gain":0.0,"max_hp_loss":0.0,"gold_gain":0.0,"cards_transformed":["Strike_B","Strike_B"],"event_name":"Drug Dealer","player_choice":"Became Test Subject","floor":19.0,"gold_loss":0.0,"damage_taken":0.0,"cards_obtained":["Static Discharge","Machine Learning"]}],"is_beta":false,"boss_relics":[{"not_picked":["Philosopher\u0027s Stone","Ectoplasm"],"picked":"Orrery"}],"items_purged_floors":[4,10,22],"is_endless":false,"potions_floor_spawned":[2,5,7,21],"killed_by":"Centurion and Healer","ascension_level":20}