{"gold_per_floor":[109,122,132,57,70,105,105,105,105,105,5,5,17,46,46,148,148,166,201,201,221,96,96,131,131,131,151,151,163,13,33,33,129,129,141,159,90,90,102,102,119,119,119,139,157,379,379,379,379,379],"floor_reached":51,"playtime":1984,"items_purged":["Defend_G","Strike_G","Strike_G","Defend_G"],"score":752,"play_id":"2b62c24c-25c6-4887-8bdd-427530a1b63c","local_time":"20181114161414","is_ascension_mode":false,"campfire_choices":[{"data":"Noxious Fumes","floor":7,"key":"SMITH"},{"data":"Neutralize","floor":10,"key":"SMITH"},{"data":"Terror","floor":12,"key":"SMITH"},{"data":"Survivor","floor":15,"key":"SMITH"},{"data":"Well Laid Plans","floor":23,"key":"SMITH"},{"data":"Footwork","floor":28,"key":"SMITH"},{"data":"Tools of the Trade","floor":32,"key":"SMITH"},{"data":"Night Terror","floor":40,"key":"SMITH"},{"data":"Grand Finale","floor":49,"key":"SMITH"}],"neow_cost":"NONE","seed_source_timestamp":18754720448404,"circlet_count":0,"master_deck":["Defend_G","Defend_G","Defend_G","Strike_G","Survivor+1","Neutralize+1","Terror+1","Infinite Blades","Noxious Fumes+1","Venomology","Well Laid Plans+1","Footwork+1","Cloak And Dagger+1","Tools of the Trade+1","Backflip","Escape Plan","Night Terror+1","Cloak And Dagger+1","Accuracy+1","Grand Finale+1","Acrobatics+1","Backflip+1","Neutralize"],"relics":["Ring of the Snake","Dream Catcher","Paper Crane","Pantograph","Anchor","Cursed Key","Red Mask","Gremlin Horn","WristBlade"],"potions_floor_usage":[6,18,18,19,19,24,27,29,31,33,35,35,35,35,36,39,41,41,44,50,50,50,50],"damage_taken":[{"damage":0,"enemies":"2 Louse","floor":1,"turns":3},{"damage":0,"enemies":"Cultist","floor":2,"turns":5},{"damage":4,"enemies":"Small Slimes","floor":3,"turns":4},{"damage":3,"enemies":"Blue Slaver","floor":5,"turns":4},{"damage":16,"enemies":"Gremlin Nob","floor":6,"turns":3},{"damage":0,"enemies":"Red Slaver","floor":13,"turns":3},{"damage":0,"enemies":"Lagavulin","floor":14,"turns":6},{"damage":18,"enemies":"Hexaghost","floor":16,"turns":10},{"damage":1,"enemies":"Spheric Guardian","floor":18,"turns":6},{"damage":18,"enemies":"Masked Bandits","floor":19,"turns":4},{"damage":0,"enemies":"3 Byrds","floor":21,"turns":6},{"damage":6,"enemies":"Gremlin Leader","floor":24,"turns":6},{"damage":12,"enemies":"Sentry and Sphere","floor":27,"turns":7},{"damage":0,"enemies":"3 Cultists","floor":29,"turns":5},{"damage":0,"enemies":"Snecko","floor":31,"turns":6},{"damage":0,"enemies":"Automaton","floor":33,"turns":12},{"damage":0,"enemies":"3 Darklings","floor":35,"turns":5},{"damage":0,"enemies":"Orb Walker","floor":36,"turns":4},{"damage":0,"enemies":"Maw","floor":39,"turns":5},{"damage":0,"enemies":"Sphere and 2 Shapes","floor":41,"turns":5},{"damage":0,"enemies":"3 Darklings","floor":44,"turns":4},{"damage":0,"enemies":"Transient","floor":45,"turns":5},{"damage":10,"enemies":"Donu and Deca","floor":50,"turns":7}],"seed_played":"4313663507243454489","potions_obtained":[{"floor":1,"key":"Poison Potion"},{"floor":2,"key":"Energy Potion"},{"floor":5,"key":"EssenceOfSteel"},{"floor":13,"key":"Swift Potion"},{"floor":14,"key":"SpeedPotion"},{"floor":24,"key":"Explosive Potion"},{"floor":35,"key":"GhostInAJar"}],"is_trial":false,"path_per_floor":["M","M","M","$","M","E","R","?","T","R","$","R","M","E","R","B",null,"M","?","?","M","$","R","E","?","T","M","R","M","$","M","R","B",null,"M","M","$","?","M","R","M","$","T","M","M","?","T","?","R","B",null],"character_chosen":"THE_SILENT","items_purchased":["Grand Finale"],"campfire_rested":0,"item_purchase_floors":[37],"current_hp_per_floor":[70,70,66,66,63,47,47,47,47,47,47,47,47,47,47,52,70,69,51,51,51,51,51,45,32,32,20,20,20,20,20,20,45,75,75,75,75,75,75,75,75,75,75,75,75,75,75,75,75,65],"gold":379,"neow_bonus":"REMOVE_CARD","is_prod":false,"is_daily":false,"chose_seed":false,"campfire_upgraded":9,"win_rate":0,"timestamp":1542183254,"path_taken":["M","M","M","$","M","E","R","?","T","R","?","R","M","E","R","BOSS","M","?","?","M","$","R","E","?","T","M","R","M","?","M","R","BOSS","M","M","$","?","M","R","M","$","T","M","M","?","?","?","R","BOSS"],"build_version":"2018-11-08","purchased_purges":4,"victory":true,"max_hp_per_floor":[70,70,70,70,70,70,70,70,70,70,70,70,70,70,70,70,70,70,70,70,70,70,70,70,75,75,75,75,75,75,75,75,75,75,75,75,75,75,75,75,75,75,75,75,75,75,75,75,75,75],"card_choices":[{"not_picked":["Slice","Concentrate","Distraction"],"picked":"SKIP","floor":1},{"not_picked":["Predator","Escape Plan"],"picked":"Terror","floor":2},{"not_picked":["Acrobatics","Skewer"],"picked":"Infinite Blades","floor":3},{"not_picked":["Underhanded Strike","PiercingWail","Slice"],"picked":"SKIP","floor":5},{"not_picked":["Distraction","Dagger Spray"],"picked":"Noxious Fumes","floor":6},{"not_picked":["Calculated Gamble","Tactician","Outmaneuver"],"picked":"SKIP","floor":13},{"not_picked":["Riddle With Holes","Masterful Stab","Accuracy"],"picked":"SKIP","floor":14},{"not_picked":["Doppelganger","A Thousand Cuts"],"picked":"Venomology","floor":16},{"not_picked":["PiercingWail","Sucker Punch","Quick Slash"],"picked":"SKIP","floor":18},{"not_picked":["Choke+1","PiercingWail"],"picked":"Well Laid Plans","floor":19},{"not_picked":["Dagger Throw+1","Acrobatics"],"picked":"Cloak And Dagger+1","floor":21},{"not_picked":["Acrobatics","Dagger Spray"],"picked":"Tools of the Trade","floor":24},{"not_picked":["Bane","Concentrate+1"],"picked":"Backflip","floor":27},{"not_picked":["Slice","Dagger Throw"],"picked":"Escape Plan","floor":29},{"not_picked":["Eviscerate+1","Storm of Steel","Underhanded Strike"],"picked":"SKIP","floor":31},{"not_picked":["Envenom","A Thousand Cuts"],"picked":"Night Terror","floor":33},{"not_picked":["Underhanded Strike+1","Flying Knee+1"],"picked":"Cloak And Dagger+1","floor":35},{"not_picked":["Distraction+1","Slice+1"],"picked":"Accuracy+1","floor":36},{"not_picked":["Footwork","Quick Slash+1","Dagger Throw+1"],"picked":"SKIP","floor":39},{"not_picked":["Dodge and Roll+1","Concentrate"],"picked":"Acrobatics+1","floor":41},{"not_picked":["Setup+1","Underhanded Strike","Masterful Stab+1"],"picked":"SKIP","floor":44},{"not_picked":["Flying Knee","Infinite Blades"],"picked":"Backflip+1","floor":45}],"player_experience":1003002,"relics_obtained":[{"floor":6,"key":"Dream Catcher"},{"floor":9,"key":"Pantograph"},{"floor":14,"key":"Anchor"},{"floor":19,"key":"Red Mask"},{"floor":24,"key":"Gremlin Horn"}],"event_choices":[{"damage_healed":0,"gold_gain":0,"player_choice":"Gave Potion","damage_taken":0,"relics_obtained":["Paper Crane"],"max_hp_gain":0,"max_hp_loss":0,"event_name":"WeMeetAgain","floor":8,"gold_loss":0},{"damage_healed":0,"gold_gain":0,"player_choice":"Fought Bandits","damage_taken":0,"max_hp_gain":0,"max_hp_loss":0,"event_name":"Masked Bandits","floor":19,"gold_loss":0},{"damage_healed":0,"gold_gain":0,"player_choice":"Read","damage_taken":0,"max_hp_gain":0,"max_hp_loss":0,"event_name":"The Library","floor":20,"gold_loss":0,"cards_obtained":["Footwork"]},{"damage_healed":0,"gold_gain":0,"player_choice":"Shed Blood","damage_taken":18,"max_hp_gain":5,"max_hp_loss":0,"event_name":"Forgotten Altar","floor":25,"gold_loss":0},{"cards_removed":["Strike_G"],"damage_healed":0,"gold_gain":0,"player_choice":"Removed Attack","damage_taken":0,"max_hp_gain":0,"max_hp_loss":0,"event_name":"Falling","floor":38,"gold_loss":0},{"damage_healed":0,"gold_gain":222,"player_choice":"Wore Mask","damage_taken":0,"max_hp_gain":0,"max_hp_loss":0,"event_name":"Tomb of Lord Red Mask","floor":46,"gold_loss":0},{"damage_healed":0,"gold_gain":0,"player_choice":"1 cards matched","damage_taken":0,"max_hp_gain":0,"max_hp_loss":0,"event_name":"Match and Keep!","floor":48,"gold_loss":0,"cards_obtained":["Neutralize"]}],"is_beta":false,"boss_relics":[{"not_picked":["Fusion Hammer","Ectoplasm"],"picked":"Cursed Key"},{"not_picked":["Black Star","Lizard Tail"],"picked":"WristBlade"}],"items_purged_floors":[4,11,22,30],"is_endless":false,"potions_floor_spawned":[1,2,5,13,14,24,29,31,35,45],"ascension_level":0}