{"gold_per_floor":[118,118,138,152,164,164,192,192,260,287,287,302,331,348,348,424,424,438,467,252,272,322,355,372,372,372,372,402,418,418,433,433,508,508,520,207,225,225,274,308,308,18,18,18,37,37,69,81,81,81,81,81,81,81,116,116],"floor_reached":57,"playtime":4385,"items_purged":["Bash","Defend_R","Defend_R"],"score":2990,"play_id":"61d23245-3f69-4cdd-abfa-91498f1d2a0d","local_time":"20190601112525","is_ascension_mode":true,"campfire_choices":[{"data":"Hemokinesis","floor":6.0,"key":"SMITH"},{"data":"Burning Pact","floor":8.0,"key":"SMITH"},{"data":"Battle Trance","floor":11.0,"key":"SMITH"},{"data":"Disarm","floor":15.0,"key":"SMITH"},{"data":"Burning Pact","floor":25.0,"key":"SMITH"},{"data":"Seeing Red","floor":27.0,"key":"SMITH"},{"data":"Exhume","floor":30.0,"key":"SMITH"},{"floor":32.0,"key":"RECALL"},{"data":"Madness","floor":41.0,"key":"SMITH"},{"data":"Madness","floor":44.0,"key":"SMITH"},{"data":"Power Through","floor":49.0,"key":"SMITH"},{"data":"Power Through","floor":53.0,"key":"SMITH"}],"neow_cost":"TEN_PERCENT_HP_LOSS","seed_source_timestamp":43499310658224,"circlet_count":0,"master_deck":["AscendersBane","Defend_R","Shockwave+1","Hemokinesis+1","Power Through+1","Burning Pact+1","Seeing Red+1","Battle Trance+1","Exhume+1","Disarm+1","Limit Break","Hemokinesis+1","Evolve+1","Reckless Charge+1","Pommel Strike+1","Burning Pact+1","Flash of Steel","Shockwave+1","Rampage+1","Power Through+1","Feed","Madness+1","Madness+1"],"special_seed":0,"relics":["Burning Blood","Gambling Chip","Meat on the Bone","PreservedInsect","Bag of Marbles","Astrolabe","Red Mask","Singing Bowl","Lantern","Orrery","Medical Kit","WingedGreaves","Omamori","Potion Belt","Self Forming Clay","Anchor","Happy Flower"],"potions_floor_usage":[56,56,56,56],"damage_taken":[{"damage":1.0,"enemies":"2 Louse","floor":1.0,"turns":4.0},{"damage":9.0,"enemies":"Cultist","floor":3.0,"turns":5.0},{"damage":7.0,"enemies":"Jaw Worm","floor":4.0,"turns":4.0},{"damage":15.0,"enemies":"Exordium Wildlife","floor":5.0,"turns":4.0},{"damage":13.0,"enemies":"Gremlin Nob","floor":7.0,"turns":3.0},{"damage":36.0,"enemies":"3 Sentries","floor":10.0,"turns":7.0},{"damage":8.0,"enemies":"2 Fungi Beasts","floor":12.0,"turns":4.0},{"damage":4.0,"enemies":"Gremlin Nob","floor":13.0,"turns":3.0},{"damage":12.0,"enemies":"Looter","floor":14.0,"turns":2.0},{"damage":22.0,"enemies":"The Guardian","floor":16.0,"turns":12.0},{"damage":11.0,"enemies":"Shell Parasite","floor":18.0,"turns":4.0},{"damage":25.0,"enemies":"Masked Bandits","floor":19.0,"turns":4.0},{"damage":6.0,"enemies":"Chosen","floor":21.0,"turns":4.0},{"damage":12.0,"enemies":"Gremlin Leader","floor":23.0,"turns":6.0},{"damage":12.0,"enemies":"Centurion and Healer","floor":24.0,"turns":4.0},{"damage":24.0,"enemies":"Slavers","floor":28.0,"turns":5.0},{"damage":8.0,"enemies":"Cultist and Chosen","floor":29.0,"turns":6.0},{"damage":4.0,"enemies":"Snake Plant","floor":31.0,"turns":5.0},{"damage":22.0,"enemies":"Champ","floor":33.0,"turns":11.0},{"damage":4.0,"enemies":"Orb Walker","floor":35.0,"turns":2.0},{"damage":13.0,"enemies":"3 Shapes","floor":37.0,"turns":3.0},{"damage":45.0,"enemies":"2 Orb Walkers","floor":39.0,"turns":5.0},{"damage":6.0,"enemies":"Nemesis","floor":40.0,"turns":5.0},{"damage":3.0,"enemies":"Sphere and 2 Shapes","floor":45.0,"turns":4.0},{"damage":0.0,"enemies":"Giant Head","floor":47.0,"turns":5.0},{"damage":0.0,"enemies":"Writhing Mass","floor":48.0,"turns":5.0},{"damage":16.0,"enemies":"Donu and Deca","floor":50.0,"turns":5.0},{"damage":72.0,"enemies":"Time Eater","floor":51.0,"turns":12.0},{"damage":17.0,"enemies":"Shield and Spear","floor":55.0,"turns":6.0},{"damage":57,"enemies":"The Heart","floor":56,"turns":7}],"seed_played":"7184673921536059493","potions_obtained":[{"floor":1.0,"key":"Explosive Potion"},{"floor":5.0,"key":"Explosive Potion"},{"floor":7.0,"key":"Weak Potion"},{"floor":12.0,"key":"Swift Potion"},{"floor":19.0,"key":"EntropicBrew"},{"floor":33.0,"key":"Energy Potion"},{"floor":37.0,"key":"Strength Potion"},{"floor":45.0,"key":"SkillPotion"},{"floor":47.0,"key":"EssenceOfSteel"}],"is_trial":false,"path_per_floor":["M","?","M","M","M","R","E","R","T","E","R","M","E","M","R","B",null,"M","?","$","M","?","E","M","R","T","R","E","M","R","M","R","B",null,"M","$","M","?","?","E","R","$","T","R","M","?","E","M","R","B","B",null,"R","$","E","B",null],"character_chosen":"IRONCLAD","items_purchased":["Burning Pact","Flash of Steel","Medical Kit","Potion Belt"],"campfire_rested":0,"item_purchase_floors":[20,20,36,42],"current_hp_per_floor":[68,68,65,64,55,55,48,48,48,30,30,40,42,48,48,44,62,57,50,50,50,50,44,50,50,50,50,44,44,44,48,48,44,75,82,82,80,63,38,55,55,55,55,55,63,63,74,82,82,75,24,94,94,94,88,49],"gold":116,"neow_bonus":"REMOVE_TWO","is_prod":false,"is_daily":false,"chose_seed":false,"campfire_upgraded":11,"win_rate":0,"timestamp":1559359525,"path_taken":["M","?","?","M","M","R","E","R","T","E","R","M","E","M","R","BOSS","M","?","$","M","?","E","M","R","T","R","E","M","R","M","R","BOSS","M","$","M","?","?","E","R","$","T","R","M","?","E","M","R","BOSS","BOSS","R","$","E","BOSS"],"build_version":"2019-01-23","purchased_purges":3,"victory":true,"max_hp_per_floor":[68,68,68,68,68,68,68,68,68,68,68,68,68,68,68,68,68,68,68,68,68,68,68,68,68,68,68,68,70,70,72,72,72,82,87,87,92,92,94,99,99,99,99,99,104,104,109,111,111,114,117,117,117,117,122,122],"card_choices":[{"not_picked":["Warcry","Clash"],"picked":"Shockwave","floor":1.0},{"not_picked":["Headbutt","Twin Strike"],"picked":"Hemokinesis","floor":3.0},{"not_picked":["Wild Strike","Iron Wave"],"picked":"Power Through","floor":4.0},{"not_picked":["Ghostly Armor","Clothesline"],"picked":"Burning Pact","floor":5.0},{"not_picked":["Sever Soul","Flex"],"picked":"Seeing Red","floor":7.0},{"not_picked":["Feel No Pain","Disarm"],"picked":"Battle Trance","floor":10.0},{"not_picked":["Cleave","Armaments"],"picked":"Exhume","floor":12.0},{"not_picked":["Wild Strike","Shrug It Off"],"picked":"Disarm","floor":13.0},{"not_picked":["Headbutt","Anger","Iron Wave"],"picked":"SKIP","floor":14.0},{"not_picked":["Double Tap","Immolate"],"picked":"Limit Break","floor":16.0},{"not_picked":["True Grit","Evolve"],"picked":"Pommel Strike+1","floor":18.0},{"not_picked":["Sword Boomerang","Flame Barrier","Dual Wield"],"picked":"SKIP","floor":21.0},{"not_picked":["Headbutt","Reckless Charge"],"picked":"Shockwave+1","floor":23.0},{"not_picked":["Rage","Wild Strike"],"picked":"Rampage+1","floor":24.0},{"not_picked":["Ghostly Armor","Iron Wave"],"picked":"Power Through","floor":28.0},{"not_picked":["Combust","Wild Strike","Sword Boomerang+1"],"picked":"Singing Bowl","floor":29.0},{"not_picked":["Intimidate","Cleave","Demon Form"],"picked":"Singing Bowl","floor":31.0},{"not_picked":["Brutality","Bludgeon"],"picked":"Feed","floor":33.0},{"not_picked":["Body Slam","Sword Boomerang","Heavy Blade"],"picked":"Singing Bowl","floor":34.0},{"not_picked":["Sword Boomerang","Shrug It Off","Combust"],"picked":"Singing Bowl","floor":34.0},{"not_picked":["Brutality","Rupture","Wild Strike"],"picked":"Singing Bowl","floor":34.0},{"not_picked":["Anger","Body Slam","Metallicize"],"picked":"Singing Bowl","floor":34.0},{"not_picked":["Pommel Strike","Barricade","Flex"],"picked":"Singing Bowl","floor":34.0},{"not_picked":["Shrug It Off","Heavy Blade","Searing Blow"],"picked":"Singing Bowl","floor":35.0},{"not_picked":["Thunderclap+1","Body Slam","Headbutt"],"picked":"Singing Bowl","floor":37.0},{"not_picked":["Pummel","Shrug It Off","Flex+1"],"picked":"Singing Bowl","floor":39.0},{"not_picked":["Flex","Twin Strike","Intimidate"],"picked":"Singing Bowl","floor":40.0},{"not_picked":["Dual Wield","Clothesline","Infernal Blade"],"picked":"Singing Bowl","floor":45.0},{"not_picked":["Clothesline","Juggernaut","Armaments"],"picked":"Singing Bowl","floor":47.0},{"not_picked":["Body Slam","Carnage","Corruption"],"picked":"Singing Bowl","floor":48.0},{"not_picked":["Clash","Sever Soul","Juggernaut"],"picked":"Singing Bowl","floor":55.0}],"player_experience":4950205,"relics_obtained":[{"floor":7.0,"key":"Gambling Chip"},{"floor":9.0,"key":"Meat on the Bone"},{"floor":10.0,"key":"PreservedInsect"},{"floor":13.0,"key":"Bag of Marbles"},{"floor":19.0,"key":"Red Mask"},{"floor":23.0,"key":"Singing Bowl"},{"floor":28.0,"key":"Lantern"},{"floor":39.0,"key":"WingedGreaves"},{"floor":40.0,"key":"Omamori"},{"floor":43.0,"key":"Self Forming Clay"},{"floor":47.0,"key":"Anchor"},{"floor":55.0,"key":"Happy Flower"}],"event_choices":[{"damage_healed":0.0,"max_hp_gain":0.0,"max_hp_loss":0.0,"gold_gain":0.0,"event_name":"Upgrade Shrine","player_choice":"Upgraded","floor":2.0,"gold_loss":0.0,"damage_taken":0.0,"cards_upgraded":["Shockwave"]},{"damage_healed":0.0,"max_hp_gain":0.0,"max_hp_loss":0.0,"gold_gain":0.0,"event_name":"Masked Bandits","player_choice":"Fought Bandits","floor":19.0,"gold_loss":0.0,"damage_taken":0.0},{"damage_healed":0.0,"max_hp_gain":0.0,"max_hp_loss":0.0,"gold_gain":50.0,"event_name":"Nest","player_choice":"Stole From Cult","floor":22.0,"gold_loss":0.0,"damage_taken":0.0},{"damage_healed":0.0,"max_hp_gain":0.0,"max_hp_loss":0.0,"gold_gain":0.0,"event_name":"Winding Halls","player_choice":"Embrace Madness","floor":38.0,"gold_loss":0.0,"damage_taken":17.0,"cards_obtained":["Madness","Madness"]},{"damage_healed":0.0,"max_hp_gain":0.0,"max_hp_loss":0.0,"gold_gain":0.0,"event_name":"Mysterious Sphere","player_choice":"Fight","floor":39.0,"gold_loss":0.0,"damage_taken":0.0},{"cards_removed":["Defend_R"],"damage_healed":0.0,"max_hp_gain":0.0,"max_hp_loss":0.0,"gold_gain":0.0,"event_name":"Purifier","player_choice":"Purged","floor":46.0,"gold_loss":0.0,"damage_taken":0.0}],"is_beta":false,"boss_relics":[{"not_picked":["Calling Bell","Runic Cube"],"picked":"Astrolabe"},{"not_picked":["Black Blood","Eternal Feather"],"picked":"Orrery"}],"items_purged_floors":[20,36,42],"is_endless":false,"potions_floor_spawned":[1,5,7,12,18,19,23,29,33,37,45,47],"ascension_level":20}