{"gold_per_floor":[111,61,71,71,17,17,35,52,52,27,27,27,41,56,56,155,155,166,166,166,186,186,186,186],"floor_reached":24,"playtime":1216,"items_purged":[],"score":195,"play_id":"253b173d-c529-4b25-ad92-43b26ad0f35c","local_time":"20190706150353","is_ascension_mode":true,"campfire_choices":[{"data":"Anger","floor":6,"key":"SMITH"},{"data":"Anger","floor":11,"key":"SMITH"},{"data":"Reckless Charge","floor":15,"key":"SMITH"},{"floor":23,"key":"REST"}],"neow_cost":"NONE","seed_source_timestamp":541125250061626,"circlet_count":0,"master_deck":["Strike_R","Strike_R","Strike_R","Strike_R","Strike_R","Defend_R","Bash","Reckless Charge+1","Clash","Anger+1","Anger+1","Pummel","Sword Boomerang","Sword Boomerang","Barricade","Iron Wave","Clothesline","Infernal Blade","Battle Trance","Twin Strike","Shrug It Off+1","Anger"],"relics":["Burning Blood","Potion Belt","Orrery"],"potions_floor_usage":[],"damage_taken":[{"damage":0,"enemies":"2 Louse","floor":1,"turns":3},{"damage":0,"enemies":"Small Slimes","floor":3,"turns":2},{"damage":6,"enemies":"Jaw Worm","floor":7,"turns":2},{"damage":7,"enemies":"Blue Slaver","floor":8,"turns":2},{"damage":4,"enemies":"2 Fungi Beasts","floor":13,"turns":2},{"damage":11,"enemies":"Large Slime","floor":14,"turns":3},{"damage":43,"enemies":"Slime Boss","floor":16,"turns":8},{"damage":20,"enemies":"Spheric Guardian","floor":18,"turns":4},{"damage":13,"enemies":"Shell Parasite","floor":21,"turns":5},{"damage":0,"enemies":"Cultist and Chosen","floor":24,"turns":1}],"seed_played":"7977973919949214587","potions_obtained":[{"floor":1,"key":"AttackPotion"}],"is_trial":false,"path_per_floor":["M","?","M","?","$","R","M","M","T","$","R","$","M","M","R","B",null,"M","?","?","M","?","R","M"],"character_chosen":"IRONCLAD","items_purchased":["Anger","Sword Boomerang"],"campfire_rested":1,"item_purchase_floors":[5,10],"current_hp_per_floor":[80,80,80,73,73,73,73,72,72,72,72,72,74,69,69,32,80,66,51,51,44,28,53,53],"gold":186,"neow_bonus":"REMOVE_CARD","is_prod":false,"is_daily":false,"chose_seed":false,"campfire_upgraded":3,"win_rate":0,"timestamp":1562443433,"path_taken":["M","?","M","?","$","R","M","M","T","?","R","?","M","M","R","BOSS","M","?","?","M","?","R","M"],"build_version":"2019-07-05","purchased_purges":0,"victory":false,"max_hp_per_floor":[80,80,80,80,80,80,80,80,80,80,80,80,80,80,80,80,80,80,85,85,85,85,85,85],"card_choices":[{"not_picked":["Bloodletting","Metallicize"],"picked":"Reckless Charge","floor":1},{"not_picked":["Spot Weakness","Shrug It Off"],"picked":"Clash","floor":3},{"not_picked":["Metallicize","Heavy Blade"],"picked":"Anger","floor":7},{"not_picked":["Burning Pact","Headbutt"],"picked":"Pummel","floor":8},{"not_picked":["Shockwave","Perfected Strike"],"picked":"Sword Boomerang","floor":13},{"not_picked":["Corruption","Fire Breathing","Body Slam"],"picked":"SKIP","floor":14},{"not_picked":["Brutality","Reaper"],"picked":"Barricade","floor":16},{"not_picked":["Reckless Charge","Anger"],"picked":"Iron Wave","floor":17},{"not_picked":["Metallicize","Thunderclap"],"picked":"Clothesline","floor":17},{"not_picked":["Armaments","Headbutt"],"picked":"Infernal Blade","floor":17},{"not_picked":["Carnage","Heavy Blade"],"picked":"Battle Trance","floor":17},{"not_picked":["Blood for Blood","Body Slam"],"picked":"Twin Strike","floor":17},{"not_picked":["Whirlwind+1","Headbutt"],"picked":"Shrug It Off+1","floor":18},{"not_picked":["Sever Soul","Feed"],"picked":"Anger","floor":21}],"player_experience":17709,"relics_obtained":[{"floor":9,"key":"Potion Belt"}],"event_choices":[{"cards_removed":["Defend_R"],"damage_healed":0,"gold_gain":0,"player_choice":"Card Removal","damage_taken":0,"max_hp_gain":0,"max_hp_loss":0,"event_name":"The Cleric","floor":2,"gold_loss":50},{"cards_removed":["Defend_R"],"damage_healed":0,"gold_gain":0,"player_choice":"Card Removal","damage_taken":7,"max_hp_gain":0,"max_hp_loss":0,"event_name":"Golden Wing","floor":4,"gold_loss":0},{"damage_healed":0,"gold_gain":0,"player_choice":"Shed Blood","damage_taken":20,"max_hp_gain":5,"max_hp_loss":0,"event_name":"Forgotten Altar","floor":19,"gold_loss":0},{"damage_healed":0,"gold_gain":0,"player_choice":"Ignored","damage_taken":0,"max_hp_gain":0,"max_hp_loss":0,"event_name":"Ghosts","floor":20,"gold_loss":0},{"damage_healed":0,"gold_gain":0,"player_choice":"Obtained Book","damage_taken":16,"max_hp_gain":0,"max_hp_loss":0,"event_name":"Cursed Tome","floor":22,"gold_loss":0}],"is_beta":false,"boss_relics":[{"not_picked":["Runic Cube","White Beast Statue"],"picked":"Orrery"}],"items_purged_floors":[],"is_endless":false,"potions_floor_spawned":[1],"killed_by":"Cultist and Chosen","ascension_level":1}