{"gold_per_floor":[219,70,84,84,98,98,130,130,178,205,205,280,280,280,280,399,399,413,433,295,295,220,220,220,270,270,270,294,310,323,198,198,321,321,334,348,371,221,236,236,256,256,256,256,279,295,313,58,58,58],"floor_reached":51,"playtime":2386,"items_purged":["Strike_G","Strike_G","Strike_G","Defend_G","Defend_G"],"score":932,"play_id":"46abfa04-4d5d-4a79-a085-0a1ffb6ea161","local_time":"20181016201036","is_ascension_mode":false,"campfire_choices":[{"data":"Bouncing Flask","floor":6.0,"key":"SMITH"},{"data":"Well Laid Plans","floor":8,"key":"SMITH"},{"data":"Footwork","floor":15,"key":"SMITH"},{"data":"Footwork","floor":23,"key":"SMITH"},{"data":"Footwork","floor":27,"key":"SMITH"},{"data":"Footwork","floor":32,"key":"SMITH"},{"data":"Footwork","floor":40,"key":"SMITH"},{"data":"Catalyst","floor":42,"key":"SMITH"},{"data":"Tools of the Trade","floor":44,"key":"SMITH"},{"data":"Noxious Fumes","floor":49,"key":"SMITH"}],"neow_cost":"NONE","seed_source_timestamp":42533247361156,"circlet_count":0,"master_deck":["Defend_G","Survivor","Neutralize","Footwork+1","Bouncing Flask+1","Well Laid Plans+1","Footwork+1","Tools of the Trade+1","Backflip","Footwork+1","Footwork+1","Deflect+1","Dodge and Roll+1","Venomology","Catalyst+1","Footwork+1","Footwork+1","Noxious Fumes+1"],"special_seed":0,"relics":["Ring of the Snake","Happy Flower","Bag of Preparation","Letter Opener","Meat on the Bone","Golden Idol","Philosopher\u0027s Stone","Thread and Needle","Empty Cage","Singing Bowl"],"potions_floor_usage":[7,35,36,37,39,41,45,46,47,50,50,50],"damage_taken":[{"damage":0.0,"enemies":"2 Louse","floor":1.0,"turns":3.0},{"damage":0.0,"enemies":"Small Slimes","floor":3.0,"turns":3.0},{"damage":0.0,"enemies":"Jaw Worm","floor":5.0,"turns":4.0},{"damage":29,"enemies":"3 Sentries","floor":7,"turns":11},{"damage":0,"enemies":"Lagavulin","floor":10,"turns":7},{"damage":0,"enemies":"Hexaghost","floor":16,"turns":8},{"damage":0,"enemies":"Spheric Guardian","floor":18,"turns":3},{"damage":47,"enemies":"3 Byrds","floor":19,"turns":7},{"damage":0,"enemies":"Snake Plant","floor":28,"turns":5},{"damage":0,"enemies":"Snecko","floor":29,"turns":6},{"damage":0,"enemies":"Centurion and Healer","floor":30,"turns":7},{"damage":0,"enemies":"Automaton","floor":33,"turns":16},{"damage":0,"enemies":"3 Shapes","floor":35,"turns":6},{"damage":0,"enemies":"Orb Walker","floor":36,"turns":5},{"damage":0,"enemies":"Maw","floor":37,"turns":8},{"damage":4,"enemies":"3 Darklings","floor":39,"turns":8},{"damage":0,"enemies":"Spire Growth","floor":41,"turns":5},{"damage":12,"enemies":"Sphere and 2 Shapes","floor":45,"turns":7},{"damage":0,"enemies":"3 Darklings","floor":46,"turns":7},{"damage":0,"enemies":"Spire Growth","floor":47,"turns":6},{"damage":0,"enemies":"Time Eater","floor":50,"turns":7}],"seed_played":"-4810264516074174444","potions_obtained":[{"floor":3.0,"key":"SteroidPotion"},{"floor":5.0,"key":"Regen Potion"},{"floor":10,"key":"SteroidPotion"},{"floor":16,"key":"Energy Potion"},{"floor":46,"key":"Dexterity Potion"}],"is_trial":false,"path_per_floor":["M","$","M","$","M","R","E","R","T","E","?","?","?","?","R","B",null,"M","M","$","?","?","R","?","?","T","R","M","M","M","$","R","B",null,"M","M","M","$","M","R","M","R","T","R","M","M","M","$","R","B"],"character_chosen":"THE_SILENT","items_purchased":["Bouncing Flask","Footwork","Noxious Fumes"],"campfire_rested":0,"item_purchase_floors":[2,20,48],"current_hp_per_floor":[70,70,70,70,70,70,56,56,56,56,49,38,26,9,9,21,70,70,35,35,35,35,35,35,35,35,35,47,47,47,47,47,47,70,70,70,70,70,66,66,66,66,66,66,56,58,58,58,58,58],"gold":58,"neow_bonus":"HUNDRED_GOLD","is_prod":false,"is_daily":false,"chose_seed":false,"campfire_upgraded":10,"win_rate":0,"timestamp":1539691836,"path_taken":["M","$","M","$","M","R","E","R","T","E","?","?","?","?","R","BOSS","M","?","$","?","?","R","?","?","T","R","M","M","?","$","R","BOSS","M","M","M","$","M","R","M","R","T","R","M","M","M","$","R","BOSS"],"build_version":"2018-10-11","purchased_purges":5,"victory":true,"max_hp_per_floor":[70,70,70,70,70,70,70,70,70,70,70,70,70,70,70,70,70,70,70,70,70,70,70,70,70,70,70,70,70,70,70,70,70,70,70,70,70,70,70,70,70,70,70,70,72,74,74,74,74,74],"card_choices":[{"not_picked":["Slice","Prepared"],"picked":"Footwork","floor":1.0},{"not_picked":["Flying Knee","PiercingWail"],"picked":"Well Laid Plans","floor":3.0},{"not_picked":["Blade Dance","Tactician"],"picked":"Footwork","floor":5.0},{"not_picked":["Eviscerate","Deflect","Sucker Punch"],"picked":"SKIP","floor":7},{"not_picked":["Heel Hook","Prepared","Flying Knee"],"picked":"SKIP","floor":10},{"not_picked":["Grand Finale","Envenom"],"picked":"Tools of the Trade","floor":16},{"not_picked":["Deflect","Dagger Throw","Blade Dance"],"picked":"SKIP","floor":18},{"not_picked":["Sucker Punch+1","Tactician+1"],"picked":"Backflip","floor":19},{"not_picked":["Poisoned Stab","Acrobatics","Dagger Throw"],"picked":"SKIP","floor":28},{"not_picked":["Crippling Poison","Cloak And Dagger"],"picked":"Deflect+1","floor":29},{"not_picked":["Wraith Form v2","Slice"],"picked":"Dodge and Roll+1","floor":30},{"not_picked":["Wraith Form v2","A Thousand Cuts"],"picked":"Venomology","floor":33},{"not_picked":["Riddle With Holes","Poisoned Stab+1","PiercingWail+1"],"picked":"SKIP","floor":35},{"not_picked":["Prepared+1","Dash+1","PiercingWail"],"picked":"SKIP","floor":36},{"not_picked":["Caltrops","All Out Attack"],"picked":"Catalyst","floor":37},{"not_picked":["Caltrops+1","Tactician"],"picked":"Footwork","floor":39},{"not_picked":["Dagger Spray","Skewer+1","Quick Slash+1"],"picked":"SKIP","floor":41},{"not_picked":["Finisher+1","Acrobatics","Outmaneuver+1"],"picked":"Singing Bowl","floor":45},{"not_picked":["Dagger Throw","Cloak And Dagger","PiercingWail+1"],"picked":"Singing Bowl","floor":46},{"not_picked":["Flying Knee","Poisoned Stab+1"],"picked":"Footwork+1","floor":47}],"player_experience":261707,"relics_obtained":[{"floor":7,"key":"Happy Flower"},{"floor":9,"key":"Bag of Preparation"},{"floor":10,"key":"Letter Opener"},{"floor":26,"key":"Thread and Needle"},{"floor":43,"key":"Singing Bowl"}],"event_choices":[{"event_name":"Golden Wing","player_choice":"Card Removal","floor":11,"damage_taken":0},{"event_name":"World of Goop","player_choice":"Gather Gold","floor":12,"damage_taken":0},{"event_name":"Scrap Ooze","player_choice":"success","floor":13,"damage_taken":12},{"event_name":"Golden Idol","player_choice":"Take Damage","floor":14,"damage_taken":0},{"event_name":"Cursed Tome","player_choice":"Ignored","floor":21,"damage_taken":0},{"event_name":"Beggar","player_choice":"Gave Gold","floor":22,"damage_taken":0},{"event_name":"The Library","player_choice":"Read","floor":24,"damage_taken":0},{"event_name":"The Joust","player_choice":"Bet on Murderer","floor":25,"damage_taken":0}],"is_beta":false,"boss_relics":[{"not_picked":["Busted Crown","White Beast Statue"],"picked":"Philosopher\u0027s Stone"},{"not_picked":["Sozu","Ring of the Serpent"],"picked":"Empty Cage"}],"items_purged_floors":[2,20,31,38,48],"is_endless":false,"potions_floor_spawned":[3,5,10,16,28,30,36,39,46,47],"ascension_level":0}