{"gold_per_floor":[110,110,127,15,15,47,71,89,169,169,184,219,231,249,249,249],"floor_reached":16,"playtime":330,"items_purged":["Strike_B"],"score":274,"play_id":"ca9ff09b-563a-4188-98de-3cf068de53f9","local_time":"20190720215622","is_ascension_mode":true,"campfire_choices":[{"data":"Sunder","floor":10.0,"key":"SMITH"},{"data":"Chaos","floor":15.0,"key":"SMITH"}],"neow_cost":"NONE","seed_source_timestamp":0,"circlet_count":0,"master_deck":["AscendersBane","Strike_B","Strike_B","Strike_B","Defend_B","Defend_B","Defend_B","Defend_B","Zap","Dualcast","Ball Lightning","Heatsinks","Reboot","Sunder+1","Chaos+1","Fission"],"special_seed":0,"relics":["Cracked Core","NeowsBlessing","Question Card","Letter Opener","Centennial Puzzle","Girya"],"potions_floor_usage":[16,16],"damage_taken":[{"damage":0.0,"enemies":"2 Louse","floor":1.0,"turns":1.0},{"damage":0.0,"enemies":"Cultist","floor":3.0,"turns":1.0},{"damage":0.0,"enemies":"Gremlin Nob","floor":6.0,"turns":1.0},{"damage":2.0,"enemies":"Jaw Worm","floor":8.0,"turns":3.0},{"damage":15.0,"enemies":"Gremlin Gang","floor":11.0,"turns":3.0},{"damage":15.0,"enemies":"3 Sentries","floor":12.0,"turns":5.0},{"damage":12.0,"enemies":"Exordium Wildlife","floor":13.0,"turns":3.0},{"damage":1.0,"enemies":"3 Louse","floor":14.0,"turns":2.0},{"damage":28,"enemies":"Hexaghost","floor":16,"turns":9}],"seed_played":"6963146916372235078","potions_obtained":[{"floor":11.0,"key":"FearPotion"},{"floor":12.0,"key":"GamblersBrew"},{"floor":14.0,"key":"FocusPotion"}],"is_trial":false,"path_per_floor":["M","?","M","$","?","E","T","M","T","R","M","E","M","M","R","B"],"character_chosen":"DEFECT","items_purchased":["Heatsinks"],"campfire_rested":0,"item_purchase_floors":[4],"current_hp_per_floor":[64,64,64,64,69,69,69,67,67,67,52,37,25,24,24,0],"gold":249,"neow_bonus":"THREE_ENEMY_KILL","is_prod":false,"is_daily":false,"chose_seed":false,"campfire_upgraded":2,"win_rate":0,"timestamp":1563627382,"path_taken":["M","?","?","$","?","E","?","M","T","R","M","E","?","M","R","BOSS"],"build_version":"2019-07-17","purchased_purges":1,"victory":false,"max_hp_per_floor":[71,71,71,71,76,76,76,76,76,76,76,76,76,76,76,76],"card_choices":[{"not_picked":["Leap","Tempest"],"picked":"Double Energy","floor":1.0},{"not_picked":["Storm","Hologram","Beam Cell"],"picked":"Ball Lightning","floor":3.0},{"not_picked":["Hello World","Sweeping Beam","Beam Cell"],"picked":"Reboot","floor":6.0},{"not_picked":["Double Energy","Redo","BootSequence"],"picked":"Sunder","floor":8.0},{"not_picked":["Ball Lightning","Undo","Redo"],"picked":"Chaos","floor":11.0},{"not_picked":["Redo","Ball Lightning","Hologram","Scrape"],"picked":"SKIP","floor":12.0},{"not_picked":["Melter","Cold Snap","Ball Lightning"],"picked":"Fission","floor":13.0},{"not_picked":["Steam","Cold Snap","Redo","Leap"],"picked":"SKIP","floor":14.0}],"player_experience":646960,"relics_obtained":[{"floor":6.0,"key":"Letter Opener"},{"floor":7.0,"key":"Centennial Puzzle"},{"floor":12.0,"key":"Girya"}],"event_choices":[{"cards_removed":["Double Energy"],"damage_healed":0.0,"max_hp_gain":0.0,"max_hp_loss":0.0,"gold_gain":0.0,"event_name":"WeMeetAgain","player_choice":"Gave Card","floor":2.0,"gold_loss":0.0,"damage_taken":0.0,"relics_obtained":["Question Card"]},{"damage_healed":0.0,"max_hp_gain":5.0,"max_hp_loss":0.0,"gold_gain":0.0,"event_name":"Big Fish","player_choice":"Donut","floor":5.0,"gold_loss":0.0,"damage_taken":0.0}],"is_beta":false,"boss_relics":[],"items_purged_floors":[4],"is_endless":false,"potions_floor_spawned":[11,12,13,14],"killed_by":"Hexaghost","ascension_level":20}