{"path_per_floor":["M","M","$","?","?","E","R","?","T","R","E","M","M","T","R","B",null,"M","?","?","?","M","E","M","M","T","?","R","$","M","M","R"],"character_chosen":"IRONCLAD","items_purchased":["Girya","Bottled Tornado","Art of War"],"gold_per_floor":[109,121,46,46,46,75,75,250,250,250,277,292,310,310,310,414,414,434,434,634,634,646,673,691,711,780,780,780,72,82,95,95],"floor_reached":33,"campfire_rested":2,"playtime":2820,"current_hp_per_floor":[80,80,80,80,80,42,42,42,42,66,48,54,20,34,34,24,94,94,94,94,94,92,50,47,26,26,26,54,54,53,56,56],"items_purged":["Defend_R"],"gold":95,"score":275,"play_id":"f904bc9a-5041-4429-9ecf-038a8a2ef075","local_time":"20180305203035","is_prod":false,"is_daily":false,"is_ascension_mode":false,"campfire_upgraded":2,"timestamp":1520278235,"path_taken":["M","M","$","?","?","E","R","?","T","R","E","M","?","?","R","BOSS","M","?","?","?","M","E","M","M","T","?","R","$","M","M","R","BOSS"],"build_version":"2018-03-01-PROD1","purchased_purges":1,"victory":false,"master_deck":["Bash+1","Body Slam+1","Sword Boomerang","Offering","Clash","Juggernaut","Ghostly Armor","Doubt","Disarm","Metallicize","Bludgeon+1","Impervious","Armaments","Shrug It Off","Inflame","Dual Wield","Pommel Strike","Pommel Strike","Infernal Blade","Bloodletting+1","Iron Wave+1","Entrench","Seeing Red"],"max_hp_per_floor":[80,80,80,80,80,80,80,80,80,80,80,80,80,94,94,94,94,94,94,94,94,94,94,94,94,94,94,94,94,94,94,94],"relics":["Burning Blood","Anchor","Unceasing Top","Oddly Smooth Stone","Mango","Pandora\u0027s Box","Centennial Puzzle","Gremlin Horn","Girya","Bottled Tornado","Art of War"],"card_choices":[{"not_picked":["True Grit","Pommel Strike"],"picked":"Body Slam"},{"not_picked":["Headbutt","Perfected Strike"],"picked":"Sword Boomerang"},{"not_picked":["Perfected Strike","Rage"],"picked":"Ghostly Armor"},{"not_picked":["Pummel","Dropkick"],"picked":"Disarm"},{"not_picked":["Combust","Sword Boomerang"],"picked":"Metallicize"},{"not_picked":["Reckless Charge","Battle Trance"],"picked":"Bludgeon"},{"not_picked":["Dark Embrace","Demon Form"],"picked":"Impervious"},{"not_picked":["Body Slam","Sword Boomerang"],"picked":"Bloodletting"},{"not_picked":["Inflame","Metallicize"],"picked":"Iron Wave"},{"not_picked":["True Grit","Offering"],"picked":"Entrench"},{"not_picked":["Armaments","Intimidate"],"picked":"Seeing Red"}],"player_experience":87221,"potions_floor_usage":[11,16,23,23,23,25,33,33],"damage_taken":[{"damage":0,"enemies":"2 Louse","floor":1,"turns":3},{"damage":1,"enemies":"Cultist","floor":2,"turns":3},{"damage":44,"enemies":"Gremlin Nob","floor":6,"turns":5},{"damage":24,"enemies":"3 Sentries","floor":11,"turns":9},{"damage":0,"enemies":"Jaw Worm","floor":12,"turns":5},{"damage":40,"enemies":"Exordium Thugs","floor":13,"turns":5},{"damage":16,"enemies":"Hexaghost","floor":16,"turns":9},{"damage":4,"enemies":"3 Byrds","floor":18,"turns":4},{"damage":8,"enemies":"2 Thieves","floor":22,"turns":4},{"damage":48,"enemies":"Gremlin Leader","floor":23,"turns":9},{"damage":9,"enemies":"Centurion and Healer","floor":24,"turns":4},{"damage":27,"enemies":"Cultist and Chosen","floor":25,"turns":7},{"damage":7,"enemies":"3 Cultists","floor":30,"turns":5},{"damage":3,"enemies":"Snecko","floor":31,"turns":4},{"damage":70,"enemies":"Champ","floor":33,"turns":7}],"event_choices":[{"event_name":"Match and Keep!","player_choice":"2 cards matched","floor":4,"damage_taken":0},{"event_name":"Living Wall","player_choice":"Change","floor":5,"damage_taken":0},{"event_name":"Liars Game","player_choice":"agreed","floor":8,"damage_taken":0},{"event_name":"Vampires","player_choice":"Ignored","floor":19,"damage_taken":0},{"event_name":"Wheel of Change","player_choice":"Gold","floor":20,"damage_taken":0},{"event_name":"The Lab","player_choice":"Got Potions","floor":21,"damage_taken":0},{"event_name":"Upgrade Shrine","player_choice":"Upgraded","floor":27,"damage_taken":0}],"boss_relics":[{"not_picked":["Calling Bell","Runic Dome"],"picked":"Pandora\u0027s Box"}],"potions_floor_spawned":[6,12,24,25,31],"seed_played":"9037137202940304472","killed_by":"Champ","ascension_level":0,"is_trial":false}