{"gold_per_floor":[115,190,190,211,3,3,3,3,3,3,17,36,36,54,54,174,174,162,101,125,150,175,175,188,188,188,221,320,320,320,335,335,464,464,483,506,506,416,265,265,279,304,304,317,317,0,0,0,0,0],"floor_reached":51,"playtime":1272,"items_purged":["Strike_R","Strike_R"],"score":757,"play_id":"4edfcc6c-ed27-490d-a74a-ed038b478540","local_time":"20190717195352","is_ascension_mode":false,"campfire_choices":[{"data":"Rampage","floor":6.0,"key":"SMITH"},{"data":"Fire Breathing","floor":8.0,"key":"SMITH"},{"data":"Bash","floor":10.0,"key":"SMITH"},{"data":"Shrug It Off","floor":15.0,"key":"SMITH"},{"data":"True Grit","floor":23.0,"key":"SMITH"},{"data":"Fiend Fire","floor":25.0,"key":"SMITH"},{"floor":29.0,"key":"REST"},{"data":"Defend_R","floor":32.0,"key":"SMITH"},{"data":"Defend_R","floor":40.0,"key":"SMITH"},{"floor":45,"key":"REST"},{"floor":49,"key":"RECALL"}],"neow_cost":"PERCENT_DAMAGE","seed_source_timestamp":7816522208958,"circlet_count":0,"master_deck":["Defend_R+1","Defend_R+1","Defend_R+1","Defend_R+1","Bash+1","Rampage+1","Fire Breathing+1","Shrug It Off+1","Fiend Fire+1","True Grit+1","Battle Trance+1"],"special_seed":0,"relics":["Black Blood","Golden Idol","Membership Card","Blue Candle","Potion Belt","Calipers","Cursed Key","TheAbacus","Red Mask"],"potions_floor_usage":[],"damage_taken":[{"damage":1.0,"enemies":"Small Slimes","floor":1.0,"turns":4.0},{"damage":0.0,"enemies":"Cultist","floor":4.0,"turns":3.0},{"damage":1.0,"enemies":"Jaw Worm","floor":11.0,"turns":3.0},{"damage":8.0,"enemies":"Lots of Slimes","floor":12.0,"turns":4.0},{"damage":2.0,"enemies":"Blue Slaver","floor":14.0,"turns":3.0},{"damage":64.0,"enemies":"Hexaghost","floor":16.0,"turns":9.0},{"damage":8.0,"enemies":"2 Thieves","floor":18.0,"turns":4.0},{"damage":2.0,"enemies":"Shell Parasite","floor":20.0,"turns":7.0},{"damage":7.0,"enemies":"Snecko","floor":21.0,"turns":4.0},{"damage":21.0,"enemies":"Chosen and Byrds","floor":22.0,"turns":6.0},{"damage":15.0,"enemies":"Snake Plant","floor":24.0,"turns":4.0},{"damage":26.0,"enemies":"Slavers","floor":27.0,"turns":8.0},{"damage":7.0,"enemies":"Centurion and Healer","floor":31.0,"turns":4.0},{"damage":79.0,"enemies":"Automaton","floor":33.0,"turns":10.0},{"damage":4.0,"enemies":"3 Darklings","floor":35.0,"turns":5.0},{"damage":7.0,"enemies":"Orb Walker","floor":36.0,"turns":3.0},{"damage":0.0,"enemies":"Sphere and 2 Shapes","floor":41.0,"turns":4.0},{"damage":13.0,"enemies":"Jaw Worm Horde","floor":42.0,"turns":4.0},{"damage":0,"enemies":"Spire Growth","floor":44,"turns":4},{"damage":8,"enemies":"Time Eater","floor":50,"turns":5}],"seed_played":"-1862504213721961209","potions_obtained":[{"floor":11.0,"key":"Ancient Potion"},{"floor":12.0,"key":"Weak Potion"},{"floor":16.0,"key":"Explosive Potion"},{"floor":21.0,"key":"FearPotion"},{"floor":22.0,"key":"Fire Potion"},{"floor":33.0,"key":"GamblersBrew"},{"floor":41.0,"key":"Swift Potion"}],"is_trial":false,"path_per_floor":["M","?","?","M","$","R","?","R","T","R","M","M","?","M","R","B",null,"M","$","M","M","M","R","M","R","T","E","?","R","?","M","R","B",null,"M","M","?","?","$","R","M","M","T","M","R","?","?","$","R","B",null],"character_chosen":"IRONCLAD","items_purchased":["Membership Card","True Grit","TheAbacus"],"campfire_rested":2,"item_purchase_floors":[5,19,39],"current_hp_per_floor":[61,50,30,36,36,36,41,41,41,41,46,44,85,85,85,27,85,85,85,85,85,74,74,69,69,69,53,53,78,78,81,81,12,85,85,85,85,85,85,85,85,82,82,85,85,85,81,81,81,81],"gold":0,"neow_bonus":"TRANSFORM_TWO_CARDS","is_prod":false,"is_daily":false,"chose_seed":false,"campfire_upgraded":8,"win_rate":0,"timestamp":1563364432,"path_taken":["M","?","?","M","$","R","?","R","T","R","M","M","?","M","R","BOSS","M","$","M","M","?","R","M","R","T","E","?","R","?","?","R","BOSS","M","M","?","?","$","R","?","M","T","M","R","?","?","?","R","BOSS"],"build_version":"2019-07-05","purchased_purges":2,"victory":true,"max_hp_per_floor":[80,80,80,80,80,80,85,85,85,85,85,85,85,85,85,85,85,85,85,85,85,85,85,85,85,85,85,85,85,85,85,85,85,85,85,85,85,85,85,85,85,85,85,85,85,85,81,81,81,81],"card_choices":[{"not_picked":["Heavy Blade","Perfected Strike"],"picked":"Shrug It Off","floor":1.0},{"not_picked":["Whirlwind","Clothesline","Heavy Blade"],"picked":"SKIP","floor":4.0},{"not_picked":["Iron Wave","Uppercut","Cleave"],"picked":"SKIP","floor":11.0},{"not_picked":["Clash","Ghostly Armor","Cleave"],"picked":"SKIP","floor":12.0},{"not_picked":["Searing Blow","Feel No Pain","Shrug It Off"],"picked":"SKIP","floor":14.0},{"not_picked":["Berserk","Brutality"],"picked":"Fiend Fire","floor":16.0},{"not_picked":["Clash","Sword Boomerang+1","Blood for Blood"],"picked":"SKIP","floor":18.0},{"not_picked":["Headbutt","Body Slam+1","Iron Wave+1"],"picked":"SKIP","floor":20.0},{"not_picked":["Metallicize","Exhume","Body Slam+1"],"picked":"SKIP","floor":21.0},{"not_picked":["Inflame+1","Sword Boomerang","Whirlwind"],"picked":"SKIP","floor":22.0},{"not_picked":["Perfected Strike+1","Hemokinesis"],"picked":"Battle Trance+1","floor":24.0},{"not_picked":["Wild Strike+1","Shrug It Off","Metallicize+1"],"picked":"SKIP","floor":27.0},{"not_picked":["Iron Wave","Spot Weakness","Body Slam"],"picked":"SKIP","floor":31.0},{"not_picked":["Pommel Strike+1","Perfected Strike+1","Dual Wield"],"picked":"SKIP","floor":35.0},{"not_picked":["Flame Barrier","Shrug It Off+1","Perfected Strike+1"],"picked":"SKIP","floor":36.0},{"not_picked":["Flex","Clothesline+1","Warcry+1"],"picked":"SKIP","floor":41.0},{"not_picked":["Uppercut+1","Twin Strike","Flex+1"],"picked":"SKIP","floor":42.0},{"not_picked":["Disarm","Cleave","Pummel"],"picked":"SKIP","floor":44}],"player_experience":5765781,"relics_obtained":[{"floor":9.0,"key":"Blue Candle"},{"floor":26.0,"key":"Potion Belt"},{"floor":27.0,"key":"Calipers"}],"event_choices":[{"damage_healed":0.0,"max_hp_gain":0.0,"max_hp_loss":0.0,"gold_gain":75.0,"event_name":"World of Goop","player_choice":"Gather Gold","floor":2.0,"gold_loss":0.0,"damage_taken":11.0},{"damage_healed":0.0,"max_hp_gain":0.0,"max_hp_loss":0.0,"gold_gain":0.0,"event_name":"Golden Idol","player_choice":"Take Damage","floor":3.0,"gold_loss":0.0,"damage_taken":20.0,"relics_obtained":["Golden Idol"]},{"damage_healed":0.0,"max_hp_gain":5.0,"max_hp_loss":0.0,"gold_gain":0.0,"event_name":"Big Fish","player_choice":"Donut","floor":7.0,"gold_loss":0.0,"damage_taken":0.0},{"damage_healed":41.0,"max_hp_gain":0.0,"max_hp_loss":0.0,"gold_gain":0.0,"event_name":"Wheel of Change","player_choice":"Full Heal","floor":13.0,"gold_loss":0.0,"damage_taken":0.0},{"damage_healed":0.0,"max_hp_gain":0.0,"max_hp_loss":0.0,"gold_gain":99.0,"event_name":"Nest","player_choice":"Stole From Cult","floor":28.0,"gold_loss":0.0,"damage_taken":0.0},{"damage_healed":0.0,"max_hp_gain":0.0,"max_hp_loss":0.0,"gold_gain":0.0,"event_name":"Accursed Blacksmith","player_choice":"Forge","floor":30.0,"gold_loss":0.0,"damage_taken":0.0,"cards_upgraded":["Defend_R"]},{"damage_healed":0.0,"max_hp_gain":0.0,"max_hp_loss":0.0,"gold_gain":0.0,"event_name":"SensoryStone","player_choice":"Memory 1","floor":37.0,"gold_loss":0.0,"damage_taken":0.0},{"cards_removed":["Strike_R"],"damage_healed":0.0,"max_hp_gain":0.0,"max_hp_loss":0.0,"gold_gain":0.0,"event_name":"Designer","player_choice":"Upgrade and Remove","floor":38.0,"gold_loss":90.0,"damage_taken":0.0,"cards_upgraded":["Defend_R"]},{"damage_healed":0,"gold_gain":0,"player_choice":"Paid","damage_taken":0,"relics_obtained":["Red Mask"],"max_hp_gain":0,"max_hp_loss":0,"event_name":"Tomb of Lord Red Mask","floor":46,"gold_loss":317},{"damage_healed":0,"gold_gain":0,"player_choice":"Max HP","damage_taken":0,"max_hp_gain":0,"max_hp_loss":4,"event_name":"Winding Halls","floor":47,"gold_loss":0}],"is_beta":false,"boss_relics":[{"not_picked":["Mark of Pain","Tiny House"],"picked":"Black Blood"},{"not_picked":["Snecko Eye","Pandora\u0027s Box"],"picked":"Cursed Key"}],"items_purged_floors":[19,39],"is_endless":false,"potions_floor_spawned":[11,12,16,21,22,33,41],"ascension_level":0}