{"gold_per_floor":[110,110,35,54,54,80,91,91,140,152,177,189,218,263,275,358,370,394,406,9,25,25,25,54,107,132,132,149,164,11,11,11,82,82,96,110,127,139,139,171,171,171,171,186,186,220,220,231,231,231,231],"floor_reached":52,"playtime":4357,"items_purged":["Regret","Strike_G"],"score":2005,"play_id":"01764cf6-2652-4cc3-99bf-d1fe7c574af9","local_time":"20190720004934","is_ascension_mode":true,"campfire_choices":[{"floor":8.0,"key":"REST"},{"floor":12.0,"key":"REST"},{"data":"Deadly Poison","floor":15.0,"key":"SMITH"},{"floor":23.0,"key":"REST"},{"floor":27.0,"key":"REST"},{"floor":32.0,"key":"REST"},{"floor":45,"key":"REST"},{"data":"Neutralize","floor":47,"key":"SMITH"},{"floor":49,"key":"REST"}],"neow_cost":"NONE","seed_source_timestamp":7498329440213,"circlet_count":0,"master_deck":["AscendersBane","Strike_G","Defend_G","Defend_G","Defend_G","Defend_G","Defend_G","Survivor","Neutralize+1","Dagger Spray","Bouncing Flask","Quick Slash","Backflip","Well Laid Plans+1","Deadly Poison+1","Caltrops","Bullet Time","Riddle With Holes+1","Crippling Poison","Footwork+1","Footwork+1","Necronomicurse","Flechettes","Cloak And Dagger","Dodge and Roll+1","Night Terror","After Image+1","Dash+1","Unload+1","Bane+1","Dash+1","Bullet Time","PiercingWail","Apotheosis","Dodge and Roll+1"],"special_seed":0,"relics":["Ring of the Snake","Potion Belt","Bronze Scales","Question Card","Dodecahedron","MawBank","Vajra","Darkstone Periapt","Snecko Eye","Frozen Egg 2","Necronomicon","Thread and Needle","Boot","Astrolabe","Mercury Hourglass","Nunchaku","Pear","Prayer Wheel"],"potions_floor_usage":[40,46,50],"damage_taken":[{"damage":0.0,"enemies":"2 Louse","floor":1.0,"turns":4.0},{"damage":0.0,"enemies":"Small Slimes","floor":4.0,"turns":4.0},{"damage":30.0,"enemies":"Gremlin Nob","floor":6.0,"turns":4.0},{"damage":1.0,"enemies":"Cultist","floor":7.0,"turns":3.0},{"damage":0.0,"enemies":"2 Fungi Beasts","floor":11.0,"turns":2.0},{"damage":8.0,"enemies":"Blue Slaver","floor":13.0,"turns":3.0},{"damage":15.0,"enemies":"3 Sentries","floor":14.0,"turns":6.0},{"damage":13.0,"enemies":"Hexaghost","floor":16.0,"turns":8.0},{"damage":14.0,"enemies":"Chosen","floor":18.0,"turns":4.0},{"damage":16.0,"enemies":"Spheric Guardian","floor":21.0,"turns":4.0},{"damage":25.0,"enemies":"Book of Stabbing","floor":24.0,"turns":4.0},{"damage":2.0,"enemies":"Snake Plant","floor":28.0,"turns":3.0},{"damage":3.0,"enemies":"Centurion and Healer","floor":29.0,"turns":4.0},{"damage":2.0,"enemies":"Collector","floor":33.0,"turns":7.0},{"damage":0,"enemies":"Orb Walker","floor":35,"turns":3},{"damage":0,"enemies":"3 Shapes","floor":36,"turns":4},{"damage":12,"enemies":"Sphere and 2 Shapes","floor":37,"turns":9},{"damage":0,"enemies":"Jaw Worm Horde","floor":38,"turns":4},{"damage":0,"enemies":"Reptomancer","floor":40,"turns":9},{"damage":1,"enemies":"4 Shapes","floor":44,"turns":3},{"damage":0,"enemies":"Nemesis","floor":46,"turns":7},{"damage":8,"enemies":"Writhing Mass","floor":48,"turns":4},{"damage":0,"enemies":"Awakened One","floor":50,"turns":15},{"damage":24,"enemies":"Donu and Deca","floor":51,"turns":11}],"seed_played":"3980978792330231225","potions_obtained":[{"floor":6.0,"key":"Fire Potion"},{"floor":13.0,"key":"Fire Potion"},{"floor":18.0,"key":"Fruit Juice"},{"floor":21.0,"key":"Block Potion"},{"floor":33.0,"key":"SkillPotion"},{"floor":36,"key":"AttackPotion"},{"floor":40,"key":"SpeedPotion"},{"floor":44,"key":"SneckoOil"}],"is_trial":false,"path_per_floor":["M","?","$","M","?","E","M","R","T","?","M","R","M","E","R","B",null,"M","?","$","M","?","R","E","T","T","R","M","M","$","?","R","B",null,"M","M","M","M","?","E","?","T","T","M","R","E","R","M","R","B","B",null],"character_chosen":"THE_SILENT","items_purchased":["Frozen Egg 2","Footwork+1","Night Terror"],"campfire_rested":7,"item_purchase_floors":[20,20,30],"current_hp_per_floor":[59,59,59,59,48,18,17,36,36,36,36,55,47,32,32,19,54,40,40,40,24,14,37,12,12,12,35,33,30,30,30,53,51,71,71,71,59,59,59,59,49,49,59,58,82,82,82,74,83,83,59],"gold":231,"neow_bonus":"RANDOM_COMMON_RELIC","is_prod":false,"is_daily":false,"chose_seed":false,"campfire_upgraded":2,"win_rate":0,"timestamp":1563576574,"path_taken":["M","?","$","M","?","E","M","R","T","?","?","R","M","E","R","BOSS","M","?","$","M","?","R","E","?","T","R","?","M","$","?","R","BOSS","M","M","?","M","?","E","?","?","T","M","R","E","R","M","R","BOSS","BOSS"],"build_version":"2019-07-17","purchased_purges":2,"victory":true,"max_hp_per_floor":[66,66,66,66,66,66,66,66,66,66,66,66,66,66,66,66,66,66,66,66,66,77,77,77,77,77,77,77,77,77,77,77,77,77,77,77,77,77,73,73,73,73,83,83,83,83,83,83,83,83,83],"card_choices":[{"not_picked":["Underhanded Strike","Sucker Punch"],"picked":"Dagger Spray","floor":1.0},{"not_picked":["Deadly Poison","Setup"],"picked":"Bouncing Flask","floor":4.0},{"not_picked":["All Out Attack","Acrobatics","Terror"],"picked":"Quick Slash","floor":6.0},{"not_picked":["Blur","Endless Agony","Calculated Gamble"],"picked":"Backflip","floor":7.0},{"not_picked":["Masterful Stab","Tactician","Poisoned Stab"],"picked":"Well Laid Plans","floor":11.0},{"not_picked":["Sucker Punch","Acrobatics","Backflip"],"picked":"Deadly Poison","floor":13.0},{"not_picked":["Quick Slash","All Out Attack","Slice"],"picked":"Caltrops","floor":14.0},{"not_picked":["Die Die Die","Storm of Steel","Night Terror"],"picked":"Bullet Time","floor":16.0},{"not_picked":["Blade Dance+1","Slice","Prepared"],"picked":"Riddle With Holes+1","floor":18.0},{"not_picked":["Slice+1","Cloak And Dagger+1","Blade Dance"],"picked":"Footwork+1","floor":21.0},{"not_picked":["Concentrate","Calculated Gamble","Dagger Spray"],"picked":"Flechettes","floor":24.0},{"not_picked":["Skewer","Outmaneuver","Slice"],"picked":"Cloak And Dagger","floor":28.0},{"not_picked":["Choke","Cloak And Dagger","Deflect"],"picked":"Dodge and Roll+1","floor":29.0},{"not_picked":["Glass Knife","Night Terror","Bullet Time"],"picked":"After Image+1","floor":33.0},{"not_picked":["Outmaneuver","Prepared","Slice","Poisoned Stab"],"picked":"SKIP","floor":35},{"not_picked":["Sucker Punch","Poisoned Stab","Finisher","Bane"],"picked":"SKIP","floor":36},{"not_picked":["Prepared","Sucker Punch+1","Backstab"],"picked":"Dash+1","floor":37},{"not_picked":["Eviscerate","Sucker Punch","Quick Slash"],"picked":"Bullet Time","floor":38},{"not_picked":["Venomology","Poisoned Stab","Predator"],"picked":"PiercingWail","floor":40},{"not_picked":["Panache+1","Finesse","Discovery"],"picked":"Apotheosis","floor":41},{"not_picked":["Masterful Stab","Underhanded Strike","Dagger Throw+1","Setup"],"picked":"SKIP","floor":44},{"not_picked":["Flying Knee+1","Setup","Cloak And Dagger"],"picked":"Dodge and Roll+1","floor":46},{"not_picked":["Predator","Poisoned Stab","Reflex","Cloak And Dagger"],"picked":"SKIP","floor":48},{"not_picked":["Acrobatics","Tactician+1","Finisher","Deflect+1"],"picked":"SKIP","floor":48}],"player_experience":714814,"relics_obtained":[{"floor":6.0,"key":"Dodecahedron"},{"floor":9.0,"key":"MawBank"},{"floor":14.0,"key":"Darkstone Periapt"},{"floor":22.0,"key":"Necronomicon"},{"floor":24.0,"key":"Thread and Needle"},{"floor":26.0,"key":"Boot"},{"floor":40,"key":"Mercury Hourglass"},{"floor":42,"key":"Nunchaku"},{"floor":43,"key":"Pear"},{"floor":46,"key":"Prayer Wheel"}],"event_choices":[{"damage_healed":0.0,"max_hp_gain":0.0,"max_hp_loss":0.0,"gold_gain":0.0,"event_name":"Big Fish","player_choice":"Box","floor":2.0,"gold_loss":0.0,"damage_taken":0.0,"relics_obtained":["Bronze Scales"],"cards_obtained":["Regret"]},{"damage_healed":0.0,"max_hp_gain":0.0,"max_hp_loss":0.0,"gold_gain":0.0,"event_name":"Scrap Ooze","player_choice":"Success","floor":5.0,"gold_loss":0.0,"damage_taken":11.0,"relics_obtained":["Question Card"]},{"damage_healed":0.0,"max_hp_gain":0.0,"max_hp_loss":0.0,"gold_gain":0.0,"event_name":"WeMeetAgain","player_choice":"Gave Potion","floor":10.0,"gold_loss":0.0,"damage_taken":0.0,"relics_obtained":["Vajra"]},{"damage_healed":0.0,"max_hp_gain":0.0,"max_hp_loss":0.0,"gold_gain":0.0,"event_name":"The Library","player_choice":"Read","floor":19.0,"gold_loss":0.0,"damage_taken":0.0,"cards_obtained":["Crippling Poison"]},{"damage_healed":0.0,"max_hp_gain":0.0,"max_hp_loss":0.0,"gold_gain":0.0,"event_name":"Cursed Tome","player_choice":"Obtained Book","floor":22.0,"gold_loss":0.0,"damage_taken":21.0},{"damage_healed":0.0,"max_hp_gain":0.0,"max_hp_loss":0.0,"gold_gain":0.0,"event_name":"Accursed Blacksmith","player_choice":"Forge","floor":31.0,"gold_loss":0.0,"damage_taken":0.0,"cards_upgraded":["Well Laid Plans"]},{"damage_healed":0,"gold_gain":0,"player_choice":"Max HP","damage_taken":0,"max_hp_gain":0,"max_hp_loss":4,"event_name":"Winding Halls","floor":39,"gold_loss":0},{"damage_healed":0,"gold_gain":0,"player_choice":"Memory 3","damage_taken":10,"max_hp_gain":0,"max_hp_loss":0,"event_name":"SensoryStone","floor":41,"gold_loss":0}],"is_beta":false,"boss_relics":[{"not_picked":["Pandora\u0027s Box","Philosopher\u0027s Stone"],"picked":"Snecko Eye"},{"not_picked":["Empty Cage","Tiny House"],"picked":"Astrolabe"}],"items_purged_floors":[3,20],"is_endless":false,"potions_floor_spawned":[6,13,18,21,33,36,40,44],"ascension_level":20}