{"gold_per_floor":[119,119,134,146,162,162,195,195,195,223,223,255,255,269,269,344,344,355,355,355,373,148,148,168,179,179,179,198,198,211,227,227,304,304,314,314,314,369,383,408,408,439,466,478,495,511,511,525,525,525,525,525,19,52,52],"floor_reached":56,"playtime":3302,"items_purged":["Strike_G","All Out Attack+1"],"score":2429,"play_id":"39521cb7-4bc3-4986-9332-618ff19d9318","local_time":"20190228012239","is_ascension_mode":true,"campfire_choices":[{"data":"Neutralize","floor":6.0,"key":"SMITH"},{"data":"Deadly Poison","floor":11.0,"key":"SMITH"},{"data":"Dash","floor":13.0,"key":"SMITH"},{"data":"After Image","floor":15.0,"key":"SMITH"},{"data":"Footwork","floor":23.0,"key":"SMITH"},{"data":"Calculated Gamble","floor":27.0,"key":"SMITH"},{"data":"Reflex","floor":29.0,"key":"SMITH"},{"data":"Flechettes","floor":32.0,"key":"SMITH"},{"data":"Concentrate","floor":41,"key":"SMITH"},{"floor":49,"key":"RECALL"},{"data":"Acrobatics","floor":52,"key":"SMITH"}],"neow_cost":"PERCENT_DAMAGE","seed_source_timestamp":880724030636228,"circlet_count":0,"master_deck":["AscendersBane","Defend_G","Defend_G","Defend_G","Defend_G","Defend_G","Survivor","Neutralize+1","Deadly Poison+1","Backstab+1","After Image+1","Backflip","After Image","Acrobatics+1","Footwork+1","Reflex+1","Calculated Gamble+1","Acrobatics","Flechettes+1","Concentrate+1","Escape Plan","Tactician+1","Well Laid Plans"],"special_seed":0,"relics":["Ring of the Snake","Bronze Scales","Pantograph","Dodecahedron","Ancient Tea Set","Coffee Dripper","Bag of Preparation","Whetstone","Philosopher\u0027s Stone","Bird Faced Urn","Meat on the Bone","Dream Catcher","Bottled Lightning","Happy Flower","Centennial Puzzle"],"potions_floor_usage":[40,48],"damage_taken":[{"damage":0.0,"enemies":"Cultist","floor":1.0,"turns":3.0},{"damage":0.0,"enemies":"2 Louse","floor":3.0,"turns":2.0},{"damage":0.0,"enemies":"Small Slimes","floor":4.0,"turns":3.0},{"damage":0.0,"enemies":"Red Slaver","floor":5.0,"turns":3.0},{"damage":17.0,"enemies":"Gremlin Nob","floor":7.0,"turns":5.0},{"damage":5.0,"enemies":"3 Sentries","floor":10.0,"turns":9.0},{"damage":0.0,"enemies":"Lagavulin","floor":12.0,"turns":5.0},{"damage":0.0,"enemies":"Lots of Slimes","floor":14.0,"turns":2.0},{"damage":0.0,"enemies":"The Guardian","floor":16.0,"turns":11.0},{"damage":0.0,"enemies":"Chosen","floor":18.0,"turns":5.0},{"damage":8.0,"enemies":"2 Thieves","floor":21.0,"turns":4.0},{"damage":0.0,"enemies":"Cultist and Chosen","floor":24.0,"turns":9.0},{"damage":0.0,"enemies":"Sentry and Sphere","floor":25.0,"turns":7.0},{"damage":0.0,"enemies":"Centurion and Healer","floor":28.0,"turns":6.0},{"damage":0.0,"enemies":"Shelled Parasite and Fungi","floor":30.0,"turns":6.0},{"damage":0.0,"enemies":"3 Cultists","floor":31.0,"turns":5.0},{"damage":0.0,"enemies":"Automaton","floor":33.0,"turns":9.0},{"damage":0,"enemies":"3 Shapes","floor":35,"turns":7},{"damage":0,"enemies":"2 Orb Walkers","floor":38,"turns":5},{"damage":0,"enemies":"Orb Walker","floor":39,"turns":3},{"damage":0,"enemies":"Nemesis","floor":40,"turns":11},{"damage":0,"enemies":"Giant Head","floor":42,"turns":5},{"damage":0,"enemies":"Spire Growth","floor":44,"turns":3},{"damage":0,"enemies":"Maw","floor":45,"turns":6},{"damage":0,"enemies":"4 Shapes","floor":46,"turns":3},{"damage":0,"enemies":"Sphere and 2 Shapes","floor":48,"turns":4},{"damage":0,"enemies":"Awakened One","floor":50,"turns":7},{"damage":0,"enemies":"Shield and Spear","floor":54,"turns":5},{"damage":39,"enemies":"The Heart","floor":55,"turns":9}],"seed_played":"-5560314336612247192","potions_obtained":[{"floor":4.0,"key":"Regen Potion"},{"floor":5.0,"key":"Energy Potion"},{"floor":10.0,"key":"SteroidPotion"},{"floor":16.0,"key":"GamblersBrew"},{"floor":21.0,"key":"Block Potion"},{"floor":44,"key":"Regen Potion"}],"is_trial":false,"path_per_floor":["M","?","M","M","M","R","E","?","T","E","R","E","R","M","R","B",null,"M","T","?","M","$","R","M","M","T","R","M","R","M","M","R","B",null,"M","?","?","?","M","E","R","E","T","M","M","M","?","M","R","B",null,"R","$","E","B",null],"character_chosen":"THE_SILENT","items_purchased":["Footwork","Reflex","Bottled Lightning","Happy Flower"],"campfire_rested":0,"item_purchase_floors":[22,22,53,53],"current_hp_per_floor":[44,37,37,37,37,37,20,20,20,30,30,30,30,30,30,55,63,63,63,66,58,58,58,58,58,58,58,58,58,58,58,58,66,66,66,66,66,66,66,66,66,66,66,66,66,66,66,66,66,66,66,66,66,66,39],"gold":52,"neow_bonus":"TRANSFORM_TWO_CARDS","is_prod":false,"is_daily":false,"chose_seed":false,"campfire_upgraded":10,"win_rate":0,"timestamp":1551288159,"path_taken":["M","?","M","M","M","R","E","?","T","E","R","E","R","M","R","BOSS","M","?","?","?","$","R","?","M","T","R","M","R","M","M","R","BOSS","M","?","?","?","M","E","R","E","T","M","M","?","?","M","R","BOSS","R","$","E","BOSS"],"build_version":"2019-01-23","purchased_purges":2,"victory":true,"max_hp_per_floor":[66,66,66,66,66,66,66,66,66,66,66,66,66,66,66,66,66,66,66,66,66,66,66,66,66,66,66,66,66,66,66,66,66,66,66,66,66,66,66,66,66,66,66,66,66,66,66,66,66,66,66,66,66,66,66],"card_choices":[{"not_picked":["Slice","Quick Slash"],"picked":"Deadly Poison","floor":1.0},{"not_picked":["Infinite Blades","Slice"],"picked":"Backstab","floor":3.0},{"not_picked":["Skewer","Sucker Punch"],"picked":"Dash","floor":4.0},{"not_picked":["Dodge and Roll","Slice","Deadly Poison"],"picked":"SKIP","floor":5.0},{"not_picked":["Deadly Poison","Eviscerate"],"picked":"After Image","floor":7.0},{"not_picked":["Distraction","Night Terror"],"picked":"Backflip","floor":10.0},{"not_picked":["Backflip","Bullet Time","Choke"],"picked":"SKIP","floor":12.0},{"not_picked":["Dagger Spray","Flying Knee","Flechettes"],"picked":"SKIP","floor":14.0},{"not_picked":["Venomology","Tools of the Trade"],"picked":"After Image","floor":16.0},{"not_picked":["Prepared","Deadly Poison","Dodge and Roll"],"picked":"SKIP","floor":18.0},{"not_picked":["Sucker Punch","Flying Knee"],"picked":"Acrobatics","floor":21.0},{"not_picked":["Sucker Punch","Crippling Poison","Outmaneuver"],"picked":"SKIP","floor":24.0},{"not_picked":["Quick Slash+1","Flying Knee"],"picked":"Calculated Gamble","floor":25.0},{"not_picked":["Tools of the Trade","Riddle With Holes"],"picked":"Acrobatics","floor":28.0},{"not_picked":["Terror","Sucker Punch","Dagger Throw"],"picked":"SKIP","floor":30.0},{"not_picked":["Prepared","Endless Agony"],"picked":"Flechettes","floor":31.0},{"not_picked":["Dash","Noxious Fumes"],"picked":"Concentrate","floor":35},{"not_picked":["Flying Knee+1","Endless Agony","Dodge and Roll"],"picked":"SKIP","floor":39},{"not_picked":["Dagger Throw","Deadly Poison","Poisoned Stab+1"],"picked":"SKIP","floor":40},{"not_picked":["Deflect","Acrobatics"],"picked":"Escape Plan","floor":42},{"not_picked":["Deflect","Predator","Sucker Punch+1"],"picked":"SKIP","floor":44},{"not_picked":["Finisher","Setup","Riddle With Holes"],"picked":"SKIP","floor":45},{"not_picked":["Deadly Poison","Sucker Punch+1"],"picked":"Tactician+1","floor":46},{"not_picked":["Bane","Deadly Poison"],"picked":"Well Laid Plans","floor":48},{"not_picked":["Bane","Poisoned Stab","Heel Hook"],"picked":"SKIP","floor":54}],"player_experience":1036330,"relics_obtained":[{"floor":7.0,"key":"Bronze Scales"},{"floor":9.0,"key":"Pantograph"},{"floor":10.0,"key":"Dodecahedron"},{"floor":12.0,"key":"Ancient Tea Set"},{"floor":19.0,"key":"Bag of Preparation"},{"floor":26.0,"key":"Whetstone"},{"floor":38,"key":"Bird Faced Urn"},{"floor":40,"key":"Meat on the Bone"},{"floor":42,"key":"Dream Catcher"},{"floor":54,"key":"Centennial Puzzle"}],"event_choices":[{"cards_removed":["Strike_G"],"damage_healed":0.0,"max_hp_gain":0.0,"max_hp_loss":0.0,"gold_gain":0.0,"event_name":"Golden Wing","player_choice":"Card Removal","floor":2.0,"gold_loss":0.0,"damage_taken":7.0},{"cards_removed":["Strike_G"],"damage_healed":0.0,"max_hp_gain":0.0,"max_hp_loss":0.0,"gold_gain":0.0,"event_name":"Purifier","player_choice":"Purged","floor":8.0,"gold_loss":0.0,"damage_taken":0.0},{"cards_removed":["Riddle With Holes"],"damage_healed":3.0,"max_hp_gain":0.0,"max_hp_loss":0.0,"gold_gain":0.0,"event_name":"Bonfire Elementals","player_choice":"Offered Uncommon","floor":20.0,"gold_loss":0.0,"damage_taken":0.0},{"damage_healed":0,"gold_gain":0,"player_choice":"Ignored","damage_taken":0,"max_hp_gain":0,"max_hp_loss":0,"event_name":"Tomb of Lord Red Mask","floor":36,"gold_loss":0},{"cards_removed":["Dash"],"damage_healed":0,"gold_gain":0,"player_choice":"Removed Attack","damage_taken":0,"max_hp_gain":0,"max_hp_loss":0,"event_name":"Falling","floor":37,"gold_loss":0},{"damage_healed":0,"gold_gain":0,"player_choice":"Fight","damage_taken":0,"max_hp_gain":0,"max_hp_loss":0,"event_name":"Mysterious Sphere","floor":38,"gold_loss":0},{"damage_healed":0,"gold_gain":0,"player_choice":"0 cards matched","damage_taken":0,"max_hp_gain":0,"max_hp_loss":0,"event_name":"Match and Keep!","floor":47,"gold_loss":0,"cards_obtained":[]}],"is_beta":false,"boss_relics":[{"not_picked":["HoveringKite","Busted Crown"],"picked":"Coffee Dripper"},{"not_picked":["Pandora\u0027s Box","WristBlade"],"picked":"Philosopher\u0027s Stone"}],"items_purged_floors":[22,53],"is_endless":false,"potions_floor_spawned":[4,5,7,10,16,21,25,28,35,39,44],"ascension_level":15}