{"gold_per_floor":[115,126,126,143,143,143,156,180,180,180,195,209,11,11,11,131,131,149,149,149,231,131,131,131,131,131,144,169,169,184,59,59,178,178,194,214,235,260,260,260,110,110,133,133,466,466,484,484,484,484],"floor_reached":51,"playtime":2086,"items_purged":["Strike_G","Strike_G","Defend_G","Strike_G"],"score":739,"play_id":"f15ce074-bb55-4357-a0d2-7e263ab00acc","local_time":"20181021210244","is_ascension_mode":false,"campfire_choices":[{"data":"Neutralize","floor":6.0,"key":"SMITH"},{"data":"Predator","floor":10.0,"key":"SMITH"},{"data":"Noxious Fumes","floor":15.0,"key":"SMITH"},{"data":"Backflip","floor":23.0,"key":"SMITH"},{"data":"Phantasmal Killer","floor":25.0,"key":"SMITH"},{"data":"Terror","floor":29.0,"key":"SMITH"},{"data":"Prepared","floor":32.0,"key":"SMITH"},{"data":"Prepared","floor":40,"key":"SMITH"},{"data":"Defend_G","floor":42,"key":"SMITH"},{"data":"Defend_G","floor":44,"key":"SMITH"},{"data":"Defend_G","floor":46,"key":"SMITH"},{"data":"Defend_G","floor":49,"key":"SMITH"}],"neow_cost":"NONE","seed_source_timestamp":44981125339476,"circlet_count":0,"master_deck":["Defend_G+1","Defend_G+1","Defend_G+1","Defend_G+1","Survivor","Neutralize+1","Backstab","Predator+1","Dagger Throw","Grand Finale+1","Backflip+1","Noxious Fumes+1","Corpse Explosion","Prepared+1","Phantasmal Killer+1","Terror+1","Prepared+1","Grand Finale+1","Prepared"],"special_seed":0,"relics":["Ring of the Snake","WingedGreaves","Molten Egg 2","Thread and Needle","Runic Pyramid","Pear","Darkstone Periapt","Pen Nib"],"potions_floor_usage":[50,50],"damage_taken":[{"damage":0.0,"enemies":"Cultist","floor":1.0,"turns":4.0},{"damage":5.0,"enemies":"Small Slimes","floor":2.0,"turns":5.0},{"damage":0.0,"enemies":"Jaw Worm","floor":4.0,"turns":3.0},{"damage":1.0,"enemies":"3 Louse","floor":7.0,"turns":2.0},{"damage":0.0,"enemies":"Large Slime","floor":8.0,"turns":6.0},{"damage":0.0,"enemies":"Exordium Thugs","floor":11.0,"turns":2.0},{"damage":10.0,"enemies":"2 Fungi Beasts","floor":12.0,"turns":3.0},{"damage":6.0,"enemies":"The Guardian","floor":16.0,"turns":12.0},{"damage":0.0,"enemies":"Shell Parasite","floor":18.0,"turns":3.0},{"damage":1.0,"enemies":"2 Thieves","floor":21.0,"turns":3.0},{"damage":0.0,"enemies":"Gremlin Leader","floor":27.0,"turns":4.0},{"damage":10.0,"enemies":"2 Thieves","floor":28.0,"turns":3.0},{"damage":0.0,"enemies":"3 Cultists","floor":30.0,"turns":3.0},{"damage":14.0,"enemies":"Automaton","floor":33.0,"turns":6.0},{"damage":0.0,"enemies":"3 Darklings","floor":35.0,"turns":4.0},{"damage":0.0,"enemies":"Orb Walker","floor":36.0,"turns":3.0},{"damage":0,"enemies":"Spire Growth","floor":37,"turns":3},{"damage":0,"enemies":"Writhing Mass","floor":38,"turns":4},{"damage":0,"enemies":"Maw","floor":47,"turns":4},{"damage":15,"enemies":"Awakened One","floor":50,"turns":4}],"seed_played":"5641865622274836019","potions_obtained":[{"floor":2.0,"key":"Strength Potion"},{"floor":11.0,"key":"EssenceOfSteel"},{"floor":16.0,"key":"SteroidPotion"},{"floor":18.0,"key":"Fire Potion"},{"floor":33.0,"key":"FearPotion"},{"floor":38,"key":"FearPotion"}],"is_trial":false,"path_per_floor":["M","M","?","M","?","R","M","M","T","R","M","M","$","T","R","B",null,"M","?","?","T","$","R","?","R","T","E","M","R","M","$","R","B",null,"M","M","M","M","?","R","$","R","T","R","?","R","M","?","R","B"],"character_chosen":"THE_SILENT","items_purchased":["Noxious Fumes","AttackPotion"],"campfire_rested":0,"item_purchase_floors":[13,13],"current_hp_per_floor":[70,65,58,58,41,41,40,40,40,40,40,30,30,30,30,24,70,70,70,70,79,79,79,79,79,79,79,69,69,69,69,69,55,80,80,80,80,80,80,80,80,80,80,80,80,80,80,80,80,65],"gold":484,"neow_bonus":"REMOVE_CARD","is_prod":false,"is_daily":false,"chose_seed":false,"campfire_upgraded":12,"win_rate":0,"timestamp":1540126964,"path_taken":["M","M","?","?","?","R","M","M","T","R","M","M","$","?","R","BOSS","M","?","?","?","?","R","?","R","T","E","M","R","M","$","R","BOSS","M","?","?","M","?","R","$","R","T","R","?","R","?","?","R","BOSS"],"build_version":"2018-10-18","purchased_purges":4,"victory":true,"max_hp_per_floor":[70,70,70,70,70,70,70,70,70,70,70,70,70,70,70,70,70,70,70,70,80,80,80,80,80,80,80,80,80,80,80,80,80,80,80,80,80,80,80,80,80,80,80,80,80,80,80,80,80,80],"card_choices":[{"not_picked":["Flying Knee","Skewer","Cloak And Dagger"],"picked":"SKIP","floor":1.0},{"not_picked":["PiercingWail","Dagger Throw"],"picked":"Backstab","floor":2.0},{"not_picked":["Concentrate","Blur"],"picked":"Predator","floor":4.0},{"not_picked":["Distraction","Finisher","Slice"],"picked":"SKIP","floor":7.0},{"not_picked":["Prepared","Sucker Punch"],"picked":"Dagger Throw","floor":8.0},{"not_picked":["Noxious Fumes","Calculated Gamble"],"picked":"Grand Finale+1","floor":11.0},{"not_picked":["Riddle With Holes+1","Sucker Punch+1"],"picked":"Backflip","floor":12.0},{"not_picked":["A Thousand Cuts","Envenom"],"picked":"Corpse Explosion","floor":16.0},{"not_picked":["Poisoned Stab+1","Flying Knee+1"],"picked":"Prepared","floor":18.0},{"not_picked":["Sucker Punch+1","Dash+1"],"picked":"Terror","floor":27.0},{"not_picked":["Outmaneuver","Skewer+1","Blur"],"picked":"SKIP","floor":28.0},{"not_picked":["Dodge and Roll","Quick Slash+1"],"picked":"Prepared","floor":30.0},{"not_picked":["A Thousand Cuts","Tools of the Trade"],"picked":"Grand Finale+1","floor":33.0},{"not_picked":["Slice+1","Quick Slash+1","Underhanded Strike+1"],"picked":"SKIP","floor":35.0},{"not_picked":["Choke+1","Dagger Spray+1","Outmaneuver+1"],"picked":"SKIP","floor":36.0},{"not_picked":["Backstab+1","Riddle With Holes+1","Underhanded Strike+1"],"picked":"SKIP","floor":37},{"not_picked":["Deadly Poison+1","Caltrops"],"picked":"Prepared","floor":38},{"not_picked":["Eviscerate+1","Noxious Fumes","Cloak And Dagger+1"],"picked":"SKIP","floor":47}],"player_experience":474232,"relics_obtained":[{"floor":9.0,"key":"Molten Egg 2"},{"floor":14.0,"key":"Thread and Needle"},{"floor":21.0,"key":"Pear"},{"floor":26.0,"key":"Darkstone Periapt"},{"floor":43,"key":"Pen Nib"}],"event_choices":[{"damage_healed":0.0,"max_hp_gain":0.0,"max_hp_loss":0.0,"gold_gain":0.0,"event_name":"Scrap Ooze","player_choice":"Success","floor":3.0,"gold_loss":0.0,"damage_taken":7.0,"relics_obtained":["WingedGreaves"]},{"damage_healed":0.0,"max_hp_gain":0.0,"max_hp_loss":0.0,"gold_gain":0.0,"event_name":"Golden Idol","player_choice":"Take Damage","floor":5.0,"gold_loss":0.0,"damage_taken":17.0,"relics_obtained":["Golden Idol"]},{"damage_healed":0.0,"max_hp_gain":0.0,"max_hp_loss":0.0,"gold_gain":0.0,"event_name":"The Woman in Blue","player_choice":"Bought 0 Potions","floor":19.0,"gold_loss":0.0,"damage_taken":0.0},{"damage_healed":0.0,"max_hp_gain":0.0,"max_hp_loss":0.0,"gold_gain":0.0,"event_name":"The Mausoleum","player_choice":"Ignored","floor":20.0,"gold_loss":0.0,"damage_taken":0.0},{"damage_healed":0.0,"max_hp_gain":0.0,"max_hp_loss":0.0,"gold_gain":0.0,"cards_transformed":["Strike_G"],"event_name":"Transmorgrifier","player_choice":"Transformed","floor":24.0,"gold_loss":0.0,"damage_taken":0.0,"cards_obtained":["Phantasmal Killer"]},{"damage_healed":0,"gold_gain":0,"player_choice":"Ignored","damage_taken":0,"max_hp_gain":0,"max_hp_loss":0,"event_name":"Mysterious Sphere","floor":39,"gold_loss":0},{"damage_healed":0,"gold_gain":333,"player_choice":"Gave Idol","damage_taken":0,"max_hp_gain":0,"max_hp_loss":0,"event_name":"The Moai Head","floor":45,"relics_lost":["Golden Idol"],"gold_loss":0},{"damage_healed":0,"gold_gain":0,"player_choice":"Got Potions","damage_taken":0,"max_hp_gain":0,"max_hp_loss":0,"event_name":"The Lab","floor":48,"gold_loss":0}],"is_beta":false,"boss_relics":[{"not_picked":["Sozu","Tiny House"],"picked":"Runic Pyramid"},{"not_picked":["Snecko Eye","HoveringKite","Velvet Choker"]}],"items_purged_floors":[13,22,31,41],"is_endless":false,"potions_floor_spawned":[2,11,16,18,28,33,35,38,47],"ascension_level":0}