{"gold_per_floor":[118,43,56,74,86,86,98,111,141,168,168,187,187,214,214,310,310,326,326,226,226,236,236,247,259,259,259,439,452,452,472,472,575,575,586,604,604,604,624,624,290,309,377,389,389,408,408,45,45,45],"floor_reached":51,"playtime":1826,"items_purged":["Strike_G","Defend_G","Strike_G","Survivor"],"score":778,"play_id":"bf6f8605-e0f5-43cc-90c4-d11a18c6b64c","local_time":"20181018183311","is_ascension_mode":false,"campfire_choices":[{"data":"Bouncing Flask","floor":11.0,"key":"SMITH"},{"data":"Footwork","floor":15.0,"key":"SMITH"},{"data":"Adrenaline","floor":23.0,"key":"SMITH"},{"data":"Noxious Fumes","floor":27.0,"key":"SMITH"},{"data":"Defend_G","floor":30.0,"key":"SMITH"},{"data":"Defend_G","floor":32.0,"key":"SMITH"},{"data":"Well Laid Plans","floor":40,"key":"SMITH"},{"data":"Catalyst","floor":45,"key":"SMITH"},{"floor":47,"key":"REST"},{"data":"Backflip","floor":49,"key":"SMITH"}],"neow_cost":"NONE","seed_source_timestamp":34070198026102,"circlet_count":0,"master_deck":["Defend_G+1","Defend_G+1","Defend_G+1","Defend_G+1","Strike_G","Neutralize+1","Poisoned Stab","Backstab","Bouncing Flask+1","Footwork+1","Adrenaline+1","Noxious Fumes+1","Glass Knife","Well Laid Plans+1","Catalyst+1","Backflip+1"],"special_seed":0,"relics":["Ring of the Serpent","Tiny Chest","The Specimen","WarpedTongs","Lantern","Empty Cage","Ninja Scroll","TwistedFunnel","The Courier","War Paint","Orichalcum"],"potions_floor_usage":[50],"damage_taken":[{"damage":0.0,"enemies":"Cultist","floor":1.0,"turns":3.0},{"damage":0.0,"enemies":"2 Louse","floor":3.0,"turns":2.0},{"damage":0.0,"enemies":"Small Slimes","floor":4.0,"turns":5.0},{"damage":0.0,"enemies":"Exordium Wildlife","floor":5.0,"turns":6.0},{"damage":4.0,"enemies":"Blue Slaver","floor":7.0,"turns":4.0},{"damage":0.0,"enemies":"2 Fungi Beasts","floor":8.0,"turns":3.0},{"damage":16.0,"enemies":"Lagavulin","floor":10.0,"turns":7.0},{"damage":3.0,"enemies":"Looter","floor":12.0,"turns":3.0},{"damage":10.0,"enemies":"Lagavulin Event","floor":14.0,"turns":7.0},{"damage":25.0,"enemies":"Hexaghost","floor":16.0,"turns":9.0},{"damage":0.0,"enemies":"Chosen","floor":18.0,"turns":3.0},{"damage":0.0,"enemies":"Colosseum Slavers","floor":21.0,"turns":6.0},{"damage":3.0,"enemies":"3 Byrds","floor":22.0,"turns":7.0},{"damage":7.0,"enemies":"Snake Plant","floor":24.0,"turns":5.0},{"damage":1.0,"enemies":"Centurion and Healer","floor":25.0,"turns":6.0},{"damage":0.0,"enemies":"Sentry and Sphere","floor":29.0,"turns":4.0},{"damage":0.0,"enemies":"Snecko","floor":31.0,"turns":4.0},{"damage":47.0,"enemies":"Champ","floor":33.0,"turns":10.0},{"damage":0.0,"enemies":"Orb Walker","floor":35.0,"turns":3.0},{"damage":6.0,"enemies":"3 Darklings","floor":36.0,"turns":5.0},{"damage":0,"enemies":"Sphere and 2 Shapes","floor":39,"turns":5},{"damage":12,"enemies":"Spire Growth","floor":42,"turns":5},{"damage":0,"enemies":"4 Shapes","floor":44,"turns":5},{"damage":10,"enemies":"3 Darklings","floor":46,"turns":4},{"damage":28,"enemies":"Time Eater","floor":50,"turns":8}],"seed_played":"3595462939369662498","potions_obtained":[{"floor":1.0,"key":"Regen Potion"},{"floor":7.0,"key":"Explosive Potion"},{"floor":14.0,"key":"Block Potion"},{"floor":25.0,"key":"FearPotion"},{"floor":31.0,"key":"Dexterity Potion"},{"floor":35.0,"key":"LiquidBronze"},{"floor":36.0,"key":"EntropicBrew"},{"floor":44,"key":"AttackPotion"}],"is_trial":false,"path_per_floor":["M","$","M","M","M","$","M","M","T","E","R","M","?","?","R","B",null,"M","?","$","?","M","R","M","M","T","R","?","M","R","M","R","B",null,"M","M","?","?","M","R","$","M","T","M","R","M","R","$","R","B"],"character_chosen":"THE_SILENT","items_purchased":["TwistedFunnel","War Paint","Orichalcum"],"campfire_rested":1,"item_purchase_floors":[41,48,48],"current_hp_per_floor":[70,70,70,70,70,70,66,66,66,50,50,47,47,37,37,12,70,70,70,70,70,67,67,70,69,69,69,48,48,48,48,48,1,70,70,64,64,64,64,64,64,52,52,52,52,42,63,63,63,35],"gold":45,"neow_bonus":"UPGRADE_CARD","is_prod":false,"is_daily":false,"chose_seed":false,"campfire_upgraded":9,"win_rate":0,"timestamp":1539858791,"path_taken":["M","$","M","M","?","?","M","?","T","E","R","M","?","?","R","BOSS","M","?","$","?","M","R","M","?","T","R","?","M","R","M","R","BOSS","M","?","?","?","M","R","$","M","T","M","R","M","R","$","R","BOSS"],"build_version":"2018-10-11","purchased_purges":4,"victory":true,"max_hp_per_floor":[70,70,70,70,70,70,70,70,70,70,70,70,70,70,70,70,70,70,70,70,70,70,70,70,70,70,70,70,70,70,70,70,70,70,70,70,70,70,70,70,70,70,70,70,70,70,70,70,70,70],"card_choices":[{"not_picked":["Prepared","Cloak And Dagger"],"picked":"Poisoned Stab","floor":1.0},{"not_picked":["Terror","Blade Dance"],"picked":"Backstab","floor":3.0},{"not_picked":["Bane","PiercingWail","Cloak And Dagger"],"picked":"SKIP","floor":4.0},{"not_picked":["Slice","Poisoned Stab"],"picked":"Bouncing Flask","floor":5.0},{"not_picked":["Riddle With Holes","Dagger Spray","Cloak And Dagger"],"picked":"SKIP","floor":7.0},{"not_picked":["Flying Knee","Concentrate","Endless Agony"],"picked":"SKIP","floor":8.0},{"not_picked":["Leg Sweep","Underhanded Strike"],"picked":"Footwork","floor":10.0},{"not_picked":["Concentrate","Underhanded Strike","Infinite Blades"],"picked":"SKIP","floor":12.0},{"not_picked":["Storm of Steel","Tools of the Trade"],"picked":"Adrenaline","floor":16.0},{"not_picked":["Endless Agony","Bane+1","Outmaneuver+1"],"picked":"SKIP","floor":18.0},{"not_picked":["Riddle With Holes","Underhanded Strike","Acrobatics"],"picked":"SKIP","floor":22.0},{"not_picked":["Underhanded Strike","Sucker Punch","Backstab"],"picked":"SKIP","floor":24.0},{"not_picked":["Flying Knee","Blade Dance+1"],"picked":"Noxious Fumes","floor":25.0},{"not_picked":["Backstab+1","Sucker Punch+1","Dagger Throw"],"picked":"SKIP","floor":29.0},{"not_picked":["Flying Knee+1","Cloak And Dagger","Concentrate"],"picked":"SKIP","floor":31.0},{"not_picked":["Unload","After Image"],"picked":"Glass Knife","floor":33.0},{"not_picked":["Prepared","Slice","Outmaneuver+1"],"picked":"SKIP","floor":35.0},{"not_picked":["Masterful Stab+1","Slice+1","Concentrate+1"],"picked":"SKIP","floor":36.0},{"not_picked":["Bane","Noxious Fumes+1"],"picked":"Well Laid Plans","floor":39},{"not_picked":["Riddle With Holes","Bane"],"picked":"Catalyst","floor":42},{"not_picked":["Dodge and Roll+1","Deflect+1","Outmaneuver+1"],"picked":"SKIP","floor":44},{"not_picked":["Reflex","Expertise+1"],"picked":"Backflip","floor":46}],"player_experience":342826,"relics_obtained":[{"floor":9.0,"key":"Tiny Chest"},{"floor":10.0,"key":"The Specimen"},{"floor":26.0,"key":"Ninja Scroll"},{"floor":43,"key":"The Courier"}],"event_choices":[{"event_name":"Accursed Blacksmith","player_choice":"Rummage","floor":13.0,"damage_taken":0.0},{"event_name":"Dead Adventurer","player_choice":"Searched \u00273\u0027 times","floor":14.0,"damage_taken":0.0},{"event_name":"Back to Basics","player_choice":"Elegance","floor":19.0,"damage_taken":0.0},{"event_name":"Colosseum","player_choice":"Fight","floor":21.0,"damage_taken":0.0},{"event_name":"Colosseum","player_choice":"Fled From Nobs","floor":21.0,"damage_taken":0.0},{"event_name":"Knowing Skull","player_choice":"GOLD GOLD ","floor":28.0,"damage_taken":0.0},{"event_name":"SensoryStone","player_choice":"Memory 1","floor":37.0,"damage_taken":0.0},{"event_name":"Mysterious Sphere","player_choice":"Ignore","floor":38.0,"damage_taken":0.0}],"is_beta":false,"boss_relics":[{"not_picked":["Black Star","Snecko Eye"],"picked":"Empty Cage"},{"not_picked":["WristBlade","Pandora\u0027s Box"],"picked":"Ring of the Serpent"}],"items_purged_floors":[2,20,41,48],"is_endless":false,"potions_floor_spawned":[1,7,14,16,21,25,29,31,35,36,44],"ascension_level":0}