{"gold_per_floor":[114,39,55,5,5,5,24,24,24,24,42,59,59,73,73,177,177,191,191,191,116,129,129,29,56,56,56,72,98,98,6,6,108,108,120,342,362,381,381,381,408,408,408,508,508,508,524,537,537,537],"floor_reached":51,"playtime":1544,"items_purged":["Strike_R","Defend_R"],"score":908,"play_id":"c0dec35f-fd25-4767-8786-4d768c0132e1","local_time":"20190804055007","is_ascension_mode":false,"campfire_choices":[{"data":"Inflame","floor":6,"key":"SMITH"},{"data":"Pommel Strike","floor":8,"key":"SMITH"},{"data":"Limit Break","floor":13,"key":"SMITH"},{"data":"Second Wind","floor":15,"key":"SMITH"},{"data":"Power Through","floor":23,"key":"SMITH"},{"data":"Reaper","floor":27,"key":"SMITH"},{"data":"Flash of Steel","floor":32,"key":"SMITH"},{"floor":40,"key":"REST"},{"floor":42,"key":"REST"},{"floor":45,"key":"REST"},{"floor":49,"key":"RECALL"}],"neow_cost":"TEN_PERCENT_HP_LOSS","seed_source_timestamp":40644107325625,"circlet_count":0,"master_deck":["Defend_R","Defend_R","Inflame+1","Power Through+1","Pommel Strike+1","Second Wind+1","Limit Break+1","Reaper+1","Fiend Fire+1","Shrug It Off+1","Infernal Blade+1","Flash of Steel+1","Master of Strategy+1","Finesse+1","Madness+1","Burning Pact+1","Evolve+1"],"relics":["Burning Blood","Incense Burner","Question Card","Astrolabe","Red Mask","Darkstone Periapt","Oddly Smooth Stone","Toxic Egg 2","Fusion Hammer","Ginger","Gambling Chip","Nunchaku"],"potions_floor_usage":[28,50,50],"damage_taken":[{"damage":4,"enemies":"Cultist","floor":1,"turns":4},{"damage":2,"enemies":"2 Louse","floor":3,"turns":3},{"damage":0,"enemies":"Jaw Worm","floor":7,"turns":3},{"damage":2,"enemies":"Exordium Wildlife","floor":11,"turns":4},{"damage":13,"enemies":"Exordium Thugs","floor":12,"turns":6},{"damage":1,"enemies":"2 Fungi Beasts","floor":14,"turns":4},{"damage":53,"enemies":"Hexaghost","floor":16,"turns":8},{"damage":10,"enemies":"Shell Parasite","floor":18,"turns":6},{"damage":0,"enemies":"2 Thieves","floor":22,"turns":5},{"damage":32,"enemies":"Masked Bandits","floor":25,"turns":6},{"damage":5,"enemies":"Centurion and Healer","floor":28,"turns":9},{"damage":34,"enemies":"Slavers","floor":29,"turns":8},{"damage":8,"enemies":"Automaton","floor":33,"turns":7},{"damage":3,"enemies":"3 Shapes","floor":35,"turns":4},{"damage":1,"enemies":"Orb Walker","floor":37,"turns":2},{"damage":3,"enemies":"Writhing Mass","floor":38,"turns":3},{"damage":0,"enemies":"Giant Head","floor":41,"turns":2},{"damage":0,"enemies":"Mind Bloom Boss Battle","floor":44,"turns":2},{"damage":7,"enemies":"Spire Growth","floor":47,"turns":2},{"damage":0,"enemies":"4 Shapes","floor":48,"turns":2},{"damage":0,"enemies":"Donu and Deca","floor":50,"turns":1}],"seed_played":"6005636614943764915","potions_obtained":[{"floor":3,"key":"Weak Potion"},{"floor":11,"key":"EssenceOfSteel"},{"floor":14,"key":"Poison Potion"},{"floor":16,"key":"FearPotion"},{"floor":28,"key":"BloodPotion"},{"floor":35,"key":"Swift Potion"},{"floor":41,"key":"Strength Potion"}],"is_trial":false,"path_per_floor":["M","$","M","?","$","R","M","R","T","$","M","M","R","M","R","B",null,"M","?","?","?","M","R","$","?","T","R","M","E","T","$","R","B",null,"M","?","M","M","?","R","E","R","T","?","R","?","M","M","R","B",null],"character_chosen":"IRONCLAD","items_purchased":["Flash of Steel"],"campfire_rested":3,"item_purchase_floors":[31],"current_hp_per_floor":[72,72,72,72,72,72,72,72,72,72,72,65,65,70,70,23,72,68,68,55,55,77,77,77,51,51,51,68,74,74,74,74,72,77,77,77,77,77,67,77,77,77,77,77,77,77,76,77,77,77],"gold":537,"neow_bonus":"ONE_RARE_RELIC","is_prod":false,"is_daily":false,"chose_seed":false,"campfire_upgraded":7,"win_rate":0,"timestamp":1564869007,"path_taken":["M","?","M","?","$","R","M","R","T","?","?","M","R","M","R","BOSS","M","?","?","?","M","R","$","?","T","R","M","E","?","$","R","BOSS","M","?","M","M","?","R","E","R","T","?","R","?","M","M","R","BOSS"],"build_version":"2019-07-17","purchased_purges":2,"victory":true,"max_hp_per_floor":[72,72,72,72,72,72,72,72,72,72,72,72,72,72,72,72,72,72,72,77,77,77,77,77,77,77,77,77,77,77,77,77,77,77,77,77,77,77,77,77,77,77,77,77,77,77,77,77,77,77],"card_choices":[{"not_picked":["Flex","Headbutt"],"picked":"Inflame","floor":1},{"not_picked":["Shrug It Off","Seeing Red"],"picked":"Power Through","floor":3},{"not_picked":["Clothesline","Cleave"],"picked":"Pommel Strike","floor":7},{"not_picked":["Sword Boomerang","Heavy Blade","Iron Wave"],"picked":"Second Wind","floor":11},{"not_picked":["Headbutt","Armaments","Perfected Strike"],"picked":"Limit Break","floor":12},{"not_picked":["Searing Blow","Rampage","Warcry","Thunderclap"],"picked":"SKIP","floor":14},{"not_picked":["Immolate","Double Tap","Demon Form"],"picked":"Reaper","floor":16},{"not_picked":["Clash+1","Dual Wield+1","Rage","Twin Strike+1"],"picked":"SKIP","floor":18},{"not_picked":["Dropkick","Thunderclap","Twin Strike","Metallicize"],"picked":"SKIP","floor":22},{"not_picked":["Clothesline","Cleave","Flame Barrier","Warcry"],"picked":"SKIP","floor":28},{"not_picked":["Anger+1","Pommel Strike","True Grit","Warcry"],"picked":"SKIP","floor":29},{"not_picked":["True Grit+1","Warcry+1","Rupture+1","Dropkick"],"picked":"SKIP","floor":35},{"not_picked":["Warcry+1","Pommel Strike+1","Impervious+1","Shrug It Off+1"],"picked":"SKIP","floor":37},{"not_picked":["Wild Strike+1","Whirlwind","Twin Strike","Perfected Strike"],"picked":"SKIP","floor":38},{"not_picked":["Enlightenment+1","Deep Breath+1","Dark Shackles+1"],"picked":"Master of Strategy+1","floor":39},{"not_picked":["Metamorphosis+1","Violence+1","Apotheosis+1"],"picked":"Finesse+1","floor":39},{"not_picked":["Secret Weapon+1","Bandage Up+1","Mind Blast"],"picked":"Madness+1","floor":39},{"not_picked":["Spot Weakness+1","Pummel","Flame Barrier+1","Uppercut+1"],"picked":"SKIP","floor":41},{"not_picked":["Combust","Armaments+1","Twin Strike+1"],"picked":"Burning Pact+1","floor":44},{"not_picked":["Warcry+1","Rupture","Dropkick+1"],"picked":"Evolve+1","floor":47},{"not_picked":["Inflame","Wild Strike","Anger+1","Burning Pact+1"],"picked":"SKIP","floor":48}],"player_experience":5864887,"relics_obtained":[{"floor":9,"key":"Question Card"},{"floor":25,"key":"Red Mask"},{"floor":26,"key":"Darkstone Periapt"},{"floor":29,"key":"Oddly Smooth Stone"},{"floor":30,"key":"Toxic Egg 2"},{"floor":41,"key":"Ginger"},{"floor":43,"key":"Gambling Chip"},{"floor":44,"key":"Nunchaku"}],"event_choices":[{"cards_removed":["Strike_R"],"damage_healed":0,"gold_gain":0,"player_choice":"Card Removal","damage_taken":0,"max_hp_gain":0,"max_hp_loss":0,"event_name":"The Cleric","floor":4,"gold_loss":50},{"cards_removed":["Bash"],"damage_healed":0,"gold_gain":0,"player_choice":"Elegance","damage_taken":0,"max_hp_gain":0,"max_hp_loss":0,"event_name":"Back to Basics","floor":19,"gold_loss":0},{"damage_healed":0,"gold_gain":0,"player_choice":"Shed Blood","damage_taken":18,"max_hp_gain":5,"max_hp_loss":0,"event_name":"Forgotten Altar","floor":20,"gold_loss":0},{"cards_removed":["Defend_R"],"damage_healed":0,"gold_gain":0,"player_choice":"Gave Gold","damage_taken":0,"max_hp_gain":0,"max_hp_loss":0,"event_name":"Beggar","floor":21,"gold_loss":75},{"damage_healed":0,"gold_gain":0,"player_choice":"Fought Bandits","damage_taken":0,"max_hp_gain":0,"max_hp_loss":0,"event_name":"Masked Bandits","floor":25,"gold_loss":0},{"damage_healed":0,"gold_gain":222,"player_choice":"Wore Mask","damage_taken":0,"max_hp_gain":0,"max_hp_loss":0,"event_name":"Tomb of Lord Red Mask","floor":36,"gold_loss":0},{"damage_healed":0,"gold_gain":0,"player_choice":"Memory 3","damage_taken":10,"max_hp_gain":0,"max_hp_loss":0,"event_name":"SensoryStone","floor":39,"gold_loss":0},{"damage_healed":0,"gold_gain":0,"player_choice":"Fight","damage_taken":0,"max_hp_gain":0,"max_hp_loss":0,"event_name":"MindBloom","floor":44,"gold_loss":0},{"damage_healed":0,"gold_gain":0,"player_choice":"Ignored","damage_taken":0,"max_hp_gain":0,"max_hp_loss":0,"event_name":"Mysterious Sphere","floor":46,"gold_loss":0}],"is_beta":false,"boss_relics":[{"not_picked":["Sozu","Snecko Eye"],"picked":"Astrolabe"},{"not_picked":["Empty Cage","Calling Bell"],"picked":"Fusion Hammer"}],"items_purged_floors":[2,24],"is_endless":false,"potions_floor_spawned":[3,11,14,16,28,29,33,35,37,41,44,48],"ascension_level":0}