{"path_per_floor":["M","?","$","M","?","R","M","R","T","?","E","$","E","M","R","B",null,"M","?","$","?","$","E","M","M","T","?","M","E","R","M","R","B",null,"M","M","?","?","$","E","$","E","T","M","T","R","$","M","R","B"],"character_chosen":"DEFECT","items_purchased":["Bird Faced Urn","Art of War","Happy Flower","FTL+1"],"gold_per_floor":[112,112,37,50,50,50,67,67,67,88,113,13,39,59,59,162,162,173,323,36,36,36,64,75,92,118,68,83,141,141,151,151,249,249,262,273,325,325,12,47,47,75,75,86,86,86,30,41,41,41],"floor_reached":51,"campfire_rested":1,"playtime":5257,"item_purchase_floors":[20,39,39,47],"current_hp_per_floor":[70,70,70,70,70,70,70,70,70,62,40,40,26,18,40,25,75,72,72,72,56,56,19,46,58,58,58,73,54,54,66,66,75,75,75,75,75,75,75,52,52,49,49,75,75,75,75,75,75,16],"items_purged":["Strike_B","Defend_B"],"gold":41,"score":801,"play_id":"af195fd9-868f-4342-ac9b-fa3202c10a6d","local_time":"20180614210023","is_prod":false,"is_daily":false,"chose_seed":false,"is_ascension_mode":false,"campfire_upgraded":6,"win_rate":0.0,"timestamp":1529002823,"campfire_choices":[{"data":"Zap","floor":6,"key":"SMITH"},{"data":"Dualcast","floor":8,"key":"SMITH"},{"floor":15,"key":"REST"},{"data":"Creative AI","floor":30,"key":"SMITH"},{"data":"Buffer","floor":32,"key":"SMITH"},{"data":"Electrodynamics","floor":46,"key":"SMITH"},{"data":"Static Discharge","floor":49,"key":"SMITH"}],"path_taken":["M","?","$","M","?","R","M","R","T","?","E","$","E","?","R","BOSS","M","?","$","?","?","E","M","?","T","?","?","E","R","M","R","BOSS","M","M","?","?","?","E","?","E","T","M","?","R","?","M","R","BOSS"],"build_version":"2018-06-07v3","seed_source_timestamp":6723793965385,"purchased_purges":2,"victory":true,"master_deck":["Strike_B","Defend_B","Zap+1","Dualcast+1","White Noise+1","Multi-Cast+1","Force Field+1","Coolheaded","Decay","Compile Driver","Electrodynamics+1","Creative AI+1","Buffer+1","Coolheaded+1","Glacier","Conserve Battery","Coolheaded+1","Static Discharge+1","Coolheaded+1","FTL+1","Force Field"],"max_hp_per_floor":[75,75,75,75,75,75,75,75,75,75,75,75,75,75,75,75,75,75,75,75,75,75,75,75,75,75,75,75,75,75,75,75,75,75,75,75,75,75,75,75,75,75,75,75,75,75,75,75,75,75],"relics":["Astrolabe","Ornamental Fan","Odd Mushroom","Ancient Tea Set","Matryoshka","Nuclear Battery","Bird Faced Urn","Nilry\u0027s Codex","Thread and Needle","Toolbox","Orichalcum","Tiny Chest","Sozu","Du-Vu Doll","Art of War","Happy Flower","Pen Nib","Blue Candle","Potion Belt","The Courier","Molten Egg 2"],"card_choices":[{"not_picked":["Hello World","Ball Lightning"],"picked":"Cold Snap","floor":1},{"not_picked":["Go for the Eyes","Beam Cell"],"picked":"Coolheaded","floor":4},{"not_picked":["Leap","Go for the Eyes"],"picked":"Compile Driver","floor":7},{"not_picked":["Gash","Compile Driver"],"picked":"Electrodynamics","floor":11},{"not_picked":["Auto Shields","Capacitor"],"picked":"Creative AI","floor":13},{"not_picked":["Redo","Ball Lightning","Go for the Eyes"],"picked":"SKIP","floor":14},{"not_picked":["Machine Learning","Electrodynamics"],"picked":"Buffer","floor":16},{"not_picked":["Beam Cell","Steam"],"picked":"Coolheaded+1","floor":18},{"not_picked":["Heatsinks","Beam Cell"],"picked":"Glacier","floor":23},{"not_picked":["Gash","Ball Lightning","Stack"],"picked":"SKIP","floor":24},{"not_picked":["Reinforced Body","Compile Driver+1","Scrape"],"picked":"SKIP","floor":25},{"not_picked":["Streamline+1","Steam","Genetic Algorithm"],"picked":"SKIP","floor":28},{"not_picked":["Ball Lightning","Hologram+1","Darkness"],"picked":"SKIP","floor":29},{"not_picked":["Leap","BootSequence","Steam+1"],"picked":"SKIP","floor":31},{"not_picked":["Leap+1","Go for the Eyes+1"],"picked":"Conserve Battery","floor":35},{"not_picked":["Blizzard+1","BootSequence","Biased Cognition"],"picked":"SKIP","floor":36},{"not_picked":["Gash+1","Sweeping Beam"],"picked":"Coolheaded+1","floor":37},{"not_picked":["Redo","Beam Cell+1","Hologram+1"],"picked":"SKIP","floor":40},{"not_picked":["Reprogram+1","Lockon+1"],"picked":"Static Discharge","floor":42},{"not_picked":["Ball Lightning+1","Gash+1"],"picked":"Coolheaded+1","floor":44},{"not_picked":["Steam","Sweeping Beam+1"],"picked":"Force Field","floor":48}],"player_experience":235269,"potions_floor_usage":[42,42,44],"damage_taken":[{"damage":5,"enemies":"2 Louse","floor":1,"turns":3},{"damage":0,"enemies":"Cultist","floor":4,"turns":3},{"damage":0,"enemies":"Jaw Worm","floor":7,"turns":4},{"damage":8,"floor":10,"turns":5},{"damage":22,"enemies":"Lagavulin","floor":11,"turns":5},{"damage":14,"enemies":"3 Sentries","floor":13,"turns":3},{"damage":8,"enemies":"Red Slaver","floor":14,"turns":2},{"damage":15,"enemies":"The Guardian","floor":16,"turns":10},{"damage":3,"enemies":"Shell Parasite","floor":18,"turns":8},{"damage":60,"enemies":"Book of Stabbing","floor":23,"turns":5},{"damage":0,"enemies":"Spheric Guardian","floor":24,"turns":6},{"damage":0,"enemies":"Snecko","floor":25,"turns":4},{"damage":6,"enemies":"3 Cultists","floor":28,"turns":5},{"damage":32,"enemies":"Gremlin Leader","floor":29,"turns":9},{"damage":8,"enemies":"Centurion and Healer","floor":31,"turns":6},{"damage":0,"enemies":"Champ","floor":33,"turns":15},{"damage":5,"enemies":"3 Darklings","floor":35,"turns":5},{"damage":0,"enemies":"Orb Walker","floor":36,"turns":3},{"damage":0,"floor":37,"turns":3},{"damage":23,"enemies":"2 Orb Walkers","floor":40,"turns":5},{"damage":25,"enemies":"Nemesis","floor":42,"turns":7},{"damage":5,"enemies":"4 Shapes","floor":44,"turns":6},{"damage":0,"enemies":"Sphere and 2 Shapes","floor":48,"turns":4},{"damage":75,"enemies":"Awakened One","floor":50,"turns":7}],"relics_obtained":[{"floor":9,"key":"Ornamental Fan"},{"floor":10,"key":"Odd Mushroom"},{"floor":11,"key":"Ancient Tea Set"},{"floor":13,"key":"Matryoshka"},{"floor":21,"key":"Nilry\u0027s Codex"},{"floor":23,"key":"Thread and Needle"},{"floor":26,"key":"Toolbox"},{"floor":26,"key":"Orichalcum"},{"floor":29,"key":"Tiny Chest"},{"floor":37,"key":"Du-Vu Doll"},{"floor":40,"key":"Pen Nib"},{"floor":42,"key":"Blue Candle"},{"floor":43,"key":"Potion Belt"},{"floor":43,"key":"The Courier"},{"floor":45,"key":"Molten Egg 2"}],"event_choices":[{"event_name":"Living Wall","player_choice":"Forget","floor":2,"damage_taken":0},{"event_name":"Wheel of Change","player_choice":"Curse","floor":5,"damage_taken":0},{"event_name":"Mushrooms","player_choice":"Fought Mushrooms","floor":10,"damage_taken":0},{"event_name":"Nest","player_choice":"Stole From Cult","floor":19,"damage_taken":0},{"event_name":"Cursed Tome","player_choice":"Obtained Book","floor":21,"damage_taken":0},{"event_name":"The Joust","player_choice":"Bet on Murderer","floor":27,"damage_taken":0},{"event_name":"Mysterious Sphere","player_choice":"Fight","floor":37,"damage_taken":0},{"event_name":"Falling","player_choice":"Removed Attack","floor":38,"damage_taken":0}],"boss_relics":[{"not_picked":["Inserter","Runic Pyramid"],"picked":"Nuclear Battery"},{"not_picked":["Calling Bell","Snecko Eye"],"picked":"Sozu"}],"items_purged_floors":[3,12],"potions_floor_spawned":[1,7,14,23,24,28,29,33,37,40,42,44],"seed_played":"-940798352881686744","ascension_level":0,"potions_obtained":[{"floor":1,"key":"Swift Potion"},{"floor":7,"key":"Strength Potion"},{"floor":14,"key":"SteroidPotion"},{"floor":23,"key":"SkillPotion"},{"floor":24,"key":"SteroidPotion"}],"is_trial":false}