{"gold_per_floor":[113,188,34,34,49,74,88,107,152,163,163,180,207,207],"floor_reached":14,"playtime":278,"items_purged":["Strike_B"],"score":203,"play_id":"d019549b-135d-448b-9e07-62e808cab3d5","local_time":"20181026142207","is_ascension_mode":true,"campfire_choices":[],"neow_cost":"NONE","seed_source_timestamp":82921280224855,"circlet_count":0,"master_deck":["Strike_B","Strike_B","Defend_B","Defend_B","Defend_B","Defend_B","Zap","Dualcast","AscendersBane","Go for the Eyes","Beam Cell","Leap","Streamline","Gash","Sweeping Beam","Cold Snap","Hologram"],"special_seed":0,"relics":["Cracked Core","NeowsBlessing","Mummified Hand","Blood Vial","Dream Catcher"],"potions_floor_usage":[13,13],"damage_taken":[{"damage":0.0,"enemies":"Small Slimes","floor":1.0,"turns":1.0},{"damage":0.0,"enemies":"2 Louse","floor":5.0,"turns":1.0},{"damage":0.0,"enemies":"Gremlin Nob","floor":6.0,"turns":1.0},{"damage":0.0,"enemies":"Cultist","floor":7.0,"turns":3.0},{"damage":38.0,"enemies":"Gremlin Gang","floor":8.0,"turns":4.0},{"damage":14.0,"enemies":"3 Louse","floor":10.0,"turns":2.0},{"damage":4,"enemies":"2 Fungi Beasts","floor":12,"turns":3},{"damage":6,"enemies":"Lagavulin","floor":13,"turns":8},{"damage":0,"enemies":"Red Slaver","floor":14,"turns":1}],"seed_played":"9150326292696215840","potions_obtained":[{"floor":6.0,"key":"Weak Potion"},{"floor":7.0,"key":"Dexterity Potion"}],"is_trial":false,"path_per_floor":["M","?","$","$","M","E","M","M","T","M","?","M","E"],"character_chosen":"DEFECT","items_purchased":["Beam Cell","Leap"],"campfire_rested":0,"item_purchase_floors":[3,3],"current_hp_per_floor":[68,57,57,57,57,57,57,19,19,7,7,5,1,3],"gold":207,"neow_bonus":"THREE_ENEMY_KILL","is_prod":false,"is_daily":false,"chose_seed":false,"campfire_upgraded":0,"win_rate":0,"timestamp":1540534927,"path_taken":["M","?","?","$","?","E","M","M","T","?","?","M","E","M"],"build_version":"2018-10-25","purchased_purges":1,"victory":false,"max_hp_per_floor":[75,75,75,75,75,75,75,75,75,75,75,75,75,75],"card_choices":[{"not_picked":["Rebound","Doom and Gloom"],"picked":"Go for the Eyes","floor":1.0},{"not_picked":["Loop","Go for the Eyes","Static Discharge"],"picked":"SKIP","floor":5.0},{"not_picked":["Rebound","Redo"],"picked":"Streamline","floor":6.0},{"not_picked":["Steam","Capacitor"],"picked":"Gash","floor":7.0},{"not_picked":["Undo","Hello World"],"picked":"Sweeping Beam","floor":8.0},{"not_picked":["Stack","Aggregate","White Noise"],"picked":"SKIP","floor":10.0},{"not_picked":["Steam","Barrage"],"picked":"Hologram","floor":12},{"not_picked":["Cold Snap","Turbo","Streamline"],"picked":"SKIP","floor":13}],"player_experience":400771,"relics_obtained":[{"floor":6.0,"key":"Mummified Hand"},{"floor":9.0,"key":"Blood Vial"},{"floor":13,"key":"Dream Catcher"}],"event_choices":[{"damage_healed":0.0,"max_hp_gain":0.0,"max_hp_loss":0.0,"gold_gain":75.0,"event_name":"World of Goop","player_choice":"Gather Gold","floor":2.0,"gold_loss":0.0,"damage_taken":11.0},{"damage_healed":0,"gold_gain":0,"cards_transformed":["Strike_B"],"player_choice":"Transformed","damage_taken":0,"max_hp_gain":0,"max_hp_loss":0,"event_name":"Transmorgrifier","floor":11,"gold_loss":0,"cards_obtained":["Cold Snap"]}],"is_beta":false,"boss_relics":[],"items_purged_floors":[3],"is_endless":false,"potions_floor_spawned":[6,7,8,12],"killed_by":"Red Slaver","ascension_level":12}