{"gold_per_floor":[115,115,115,115,115,115,156,176,176,199,240,240,281,299,299,388,388,361,385,139,157,207,241,259,259,311,311,325,325,344,388,388,483,483,508,522,547,563,7,48,48,83,152,188,188,188,206,539,539,539,539,539,539,26,55,55],"floor_reached":57,"playtime":2751,"items_purged":["Phantasmal Killer","Storm of Steel","Survivor"],"score":3100,"play_id":"99008f6a-8372-4f2f-b701-58be0b98eb91","local_time":"20190210114334","is_ascension_mode":true,"campfire_choices":[{"data":"Neutralize","floor":6.0,"key":"SMITH"},{"data":"Acrobatics","floor":12.0,"key":"SMITH"},{"data":"Strike_G","floor":15.0,"key":"PURGE"},{"data":"Calculated Gamble","floor":25.0,"key":"SMITH"},{"data":"Acrobatics","floor":27.0,"key":"SMITH"},{"data":"Eviscerate","floor":29.0,"key":"SMITH"},{"data":"Footwork","floor":32.0,"key":"SMITH"},{"data":"Wraith Form v2","floor":41.0,"key":"SMITH"},{"floor":46.0,"key":"RECALL"},{"data":"Malaise","floor":49.0,"key":"SMITH"},{"data":"Backflip","floor":53.0,"key":"SMITH"}],"neow_cost":"NONE","seed_source_timestamp":8492879066655,"circlet_count":0,"master_deck":["AscendersBane","Neutralize+1","PiercingWail","Endless Agony","Finisher+1","Acrobatics+1","Acrobatics+1","Footwork+1","Malaise+1","Malaise+1","Calculated Gamble+1","Eviscerate+1","Terror+1","Backflip+1","Wraith Form v2+1","Thinking Ahead"],"special_seed":0,"relics":["Ring of the Snake","NeowsBlessing","Shuriken","Gambling Chip","Whetstone","Peace Pipe","Pandora\u0027s Box","Happy Flower","War Paint","Smiling Mask","Omamori","WristBlade","Medical Kit","Pantograph","Lantern","The Courier","PreservedInsect","Strawberry","ClockworkSouvenir","Vajra"],"potions_floor_usage":[56,56],"damage_taken":[{"damage":0.0,"enemies":"Jaw Worm","floor":1.0,"turns":1.0},{"damage":0.0,"enemies":"3 Sentries","floor":7.0,"turns":1.0},{"damage":0.0,"enemies":"2 Louse","floor":8.0,"turns":2.0},{"damage":0.0,"enemies":"Cultist","floor":10.0,"turns":2.0},{"damage":17.0,"enemies":"Lagavulin","floor":11.0,"turns":6.0},{"damage":0.0,"enemies":"Gremlin Nob","floor":13.0,"turns":3.0},{"damage":0.0,"enemies":"Large Slime","floor":14.0,"turns":4.0},{"damage":36.0,"enemies":"The Guardian","floor":16.0,"turns":9.0},{"damage":6.0,"enemies":"2 Thieves","floor":18.0,"turns":4.0},{"damage":11.0,"enemies":"Spheric Guardian","floor":19.0,"turns":5.0},{"damage":7.0,"enemies":"Snake Plant","floor":21.0,"turns":5.0},{"damage":0.0,"enemies":"Gremlin Leader","floor":23.0,"turns":5.0},{"damage":0.0,"enemies":"Cultist and Chosen","floor":24.0,"turns":5.0},{"damage":0.0,"enemies":"3 Cultists","floor":28.0,"turns":3.0},{"damage":0.0,"enemies":"Centurion and Healer","floor":30.0,"turns":3.0},{"damage":1.0,"enemies":"Slavers","floor":31.0,"turns":2.0},{"damage":0.0,"enemies":"Automaton","floor":33.0,"turns":4.0},{"damage":1.0,"enemies":"3 Shapes","floor":35.0,"turns":3.0},{"damage":5.0,"enemies":"3 Darklings","floor":36.0,"turns":3.0},{"damage":0.0,"enemies":"Maw","floor":37.0,"turns":5.0},{"damage":0.0,"enemies":"Transient","floor":38.0,"turns":6.0},{"damage":19.0,"enemies":"Nemesis","floor":40.0,"turns":3.0},{"damage":2.0,"enemies":"Reptomancer","floor":42.0,"turns":3.0},{"damage":0.0,"enemies":"Nemesis","floor":44.0,"turns":3.0},{"damage":0.0,"enemies":"3 Darklings","floor":47.0,"turns":2.0},{"damage":17.0,"enemies":"Awakened One","floor":50.0,"turns":7.0},{"damage":45.0,"enemies":"Time Eater","floor":51.0,"turns":11.0},{"damage":0.0,"enemies":"Shield and Spear","floor":55.0,"turns":3.0},{"damage":69,"enemies":"The Heart","floor":56,"turns":7}],"seed_played":"3364703745862323838","potions_obtained":[{"floor":7.0,"key":"PowerPotion"},{"floor":11.0,"key":"GamblersBrew"},{"floor":13.0,"key":"Fire Potion"},{"floor":19.0,"key":"Regen Potion"},{"floor":28.0,"key":"Poison Potion"},{"floor":30.0,"key":"AttackPotion"},{"floor":33.0,"key":"Energy Potion"},{"floor":40.0,"key":"FearPotion"},{"floor":47.0,"key":"FearPotion"}],"is_trial":false,"path_per_floor":["M","?","?","?","?","R","E","M","T","M","E","R","E","M","R","B",null,"M","M","$","M","?","E","M","R","T","R","M","R","M","E","R","B",null,"M","M","M","M","$","E","R","E","T","E","?","R","M","?","R","B","B",null,"R","$","E","B",null],"character_chosen":"THE_SILENT","items_purchased":["Happy Flower","Medical Kit","Pantograph","Strawberry","ClockworkSouvenir","Thinking Ahead"],"campfire_rested":0,"item_purchase_floors":[20,39,39,54,54,54],"current_hp_per_floor":[59,64,64,64,64,64,64,64,64,64,47,47,47,47,47,11,51,45,34,34,41,41,41,41,41,41,41,41,41,41,40,40,40,58,57,52,52,52,52,33,33,31,31,31,31,31,31,31,31,39,19,53,53,60,60,2],"gold":55,"neow_bonus":"THREE_ENEMY_KILL","is_prod":false,"is_daily":false,"chose_seed":false,"campfire_upgraded":9,"win_rate":0,"timestamp":1549770214,"path_taken":["M","?","?","?","?","R","E","?","T","M","E","R","E","M","R","BOSS","M","?","$","M","?","E","M","R","T","R","M","R","M","E","R","BOSS","M","M","M","M","$","E","R","E","T","E","?","R","?","?","R","BOSS","BOSS","R","$","E","BOSS"],"build_version":"2019-01-23","purchased_purges":3,"victory":true,"max_hp_per_floor":[66,71,64,64,64,64,64,64,64,64,64,64,64,64,64,64,64,64,64,64,64,64,64,64,64,64,64,64,64,64,64,64,64,64,64,64,64,64,64,64,64,64,64,64,64,64,64,64,64,64,64,64,64,71,71,71],"card_choices":[{"not_picked":["Prepared","Quick Slash","Outmaneuver"],"picked":"SKIP","floor":1.0},{"not_picked":["All Out Attack","Prepared"],"picked":"Endless Agony","floor":7.0},{"not_picked":["Sucker Punch","Dodge and Roll"],"picked":"Finisher","floor":8.0},{"not_picked":["Dagger Spray","Heel Hook"],"picked":"Storm of Steel","floor":10.0},{"not_picked":["Eviscerate","Bullet Time"],"picked":"Acrobatics","floor":11.0},{"not_picked":["Prepared","Slice","Dash"],"picked":"SKIP","floor":13.0},{"not_picked":["Slice","Poisoned Stab","Dodge and Roll"],"picked":"SKIP","floor":14.0},{"not_picked":["Prepared","Dagger Throw","Quick Slash"],"picked":"SKIP","floor":18.0},{"not_picked":["Sucker Punch","Deadly Poison+1","Outmaneuver"],"picked":"SKIP","floor":19.0},{"not_picked":["Slice","Cloak And Dagger"],"picked":"Backflip","floor":21.0},{"not_picked":["Deflect","Endless Agony","Terror"],"picked":"SKIP","floor":23.0},{"not_picked":["Footwork","Prepared+1","Outmaneuver"],"picked":"SKIP","floor":24.0},{"not_picked":["Footwork","Prepared+1","Outmaneuver"],"picked":"SKIP","floor":24.0},{"not_picked":["Masterful Stab","Dagger Throw","Flying Knee"],"picked":"SKIP","floor":28.0},{"not_picked":["Deflect","Flying Knee","Corpse Explosion"],"picked":"SKIP","floor":30.0},{"not_picked":["Bane","Dagger Spray","Deadly Poison"],"picked":"SKIP","floor":31.0},{"not_picked":["Envenom","Die Die Die"],"picked":"Wraith Form v2","floor":33.0},{"not_picked":["Cloak And Dagger","Bane","Sucker Punch"],"picked":"SKIP","floor":35.0},{"not_picked":["Slice+1","Backflip+1","Deadly Poison"],"picked":"SKIP","floor":36.0},{"not_picked":["Sucker Punch+1","Bouncing Flask","Dodge and Roll"],"picked":"SKIP","floor":37.0},{"not_picked":["Unload","Dash+1","Choke"],"picked":"SKIP","floor":38.0},{"not_picked":["Deflect","Dagger Throw","Prepared"],"picked":"SKIP","floor":40.0},{"not_picked":["Deflect","Dagger Throw","Prepared"],"picked":"SKIP","floor":40.0},{"not_picked":["Dodge and Roll","Catalyst","Flying Knee"],"picked":"SKIP","floor":42.0},{"not_picked":["Dodge and Roll+1","All Out Attack","Cloak And Dagger"],"picked":"SKIP","floor":44.0},{"not_picked":["Catalyst","Slice","Poisoned Stab"],"picked":"SKIP","floor":47.0},{"not_picked":["Distraction","Prepared","Blade Dance"],"picked":"SKIP","floor":55.0}],"player_experience":2564429,"relics_obtained":[{"floor":7.0,"key":"Shuriken"},{"floor":9.0,"key":"Gambling Chip"},{"floor":11.0,"key":"Whetstone"},{"floor":13.0,"key":"Peace Pipe"},{"floor":23.0,"key":"War Paint"},{"floor":26.0,"key":"Smiling Mask"},{"floor":31.0,"key":"Omamori"},{"floor":40.0,"key":"Lantern"},{"floor":42.0,"key":"The Courier"},{"floor":44.0,"key":"PreservedInsect"},{"floor":55.0,"key":"Vajra"}],"event_choices":[{"damage_healed":0.0,"max_hp_gain":5.0,"max_hp_loss":0.0,"gold_gain":0.0,"event_name":"Big Fish","player_choice":"Donut","floor":2.0,"gold_loss":0.0,"damage_taken":0.0},{"damage_healed":0.0,"max_hp_gain":0.0,"max_hp_loss":7.0,"gold_gain":0.0,"event_name":"Golden Idol","player_choice":"Lose Max HP","floor":3.0,"gold_loss":0.0,"damage_taken":0.0,"relics_obtained":["Golden Idol"]},{"damage_healed":0.0,"max_hp_gain":0.0,"max_hp_loss":0.0,"gold_gain":0.0,"cards_transformed":["Strike_G"],"event_name":"Living Wall","player_choice":"Change","floor":4.0,"gold_loss":0.0,"damage_taken":0.0,"cards_obtained":["PiercingWail"]},{"damage_healed":0.0,"max_hp_gain":0.0,"max_hp_loss":0.0,"gold_gain":0.0,"event_name":"Liars Game","player_choice":"Ignored","floor":5.0,"gold_loss":0.0,"damage_taken":0.0},{"damage_healed":0.0,"max_hp_gain":0.0,"max_hp_loss":0.0,"gold_gain":50.0,"event_name":"Golden Shrine","player_choice":"Pray","floor":22.0,"gold_loss":0.0,"damage_taken":0.0},{"damage_healed":0.0,"max_hp_gain":0.0,"max_hp_loss":0.0,"gold_gain":0.0,"event_name":"SecretPortal","player_choice":"Ignored","floor":45.0,"gold_loss":0.0,"damage_taken":0.0},{"damage_healed":0.0,"max_hp_gain":0.0,"max_hp_loss":0.0,"gold_gain":333.0,"event_name":"The Moai Head","player_choice":"Gave Idol","floor":48.0,"relics_lost":["Golden Idol"],"gold_loss":0.0,"damage_taken":0.0}],"is_beta":false,"boss_relics":[{"not_picked":["Coffee Dripper","Orrery"],"picked":"Pandora\u0027s Box"},{"not_picked":["Calling Bell","Astrolabe"],"picked":"WristBlade"}],"items_purged_floors":[20,39,54],"is_endless":false,"potions_floor_spawned":[7,11,13,14,19,28,30,33,35,36,40,47],"ascension_level":20}