{"gold_per_floor":[116,135,153,164,178,178,158,191,191,191,206,5,15,15],"floor_reached":14,"playtime":334,"items_purged":[],"score":188,"play_id":"d7393db5-c802-45f8-913e-567c977e1b81","local_time":"20190223004508","is_ascension_mode":true,"campfire_choices":[{"data":"Zap","floor":6.0,"key":"SMITH"},{"data":"Double Energy","floor":10.0,"key":"SMITH"}],"neow_cost":"PERCENT_DAMAGE","seed_source_timestamp":449427826237924,"circlet_count":0,"master_deck":["AscendersBane","Strike_B","Strike_B","Strike_B","Strike_B","Defend_B","Defend_B","Defend_B","Defend_B","Zap+1","Dualcast","Double Energy+1","BootSequence","Ball Lightning","Compile Driver","Chaos","Coolheaded","Self Repair","Reinforced Body"],"special_seed":0,"relics":["Cracked Core","Du-Vu Doll","Singing Bowl","Girya"],"potions_floor_usage":[14,14],"damage_taken":[{"damage":3.0,"enemies":"2 Louse","floor":1.0,"turns":3.0},{"damage":0.0,"enemies":"Cultist","floor":2.0,"turns":3.0},{"damage":8.0,"enemies":"Small Slimes","floor":3.0,"turns":3.0},{"damage":0.0,"enemies":"2 Fungi Beasts","floor":4.0,"turns":3.0},{"damage":7.0,"enemies":"Large Slime","floor":5.0,"turns":5.0},{"damage":10.0,"enemies":"3 Sentries","floor":8.0,"turns":7.0},{"damage":0.0,"enemies":"Looter","floor":11.0,"turns":2.0},{"damage":3.0,"enemies":"Blue Slaver","floor":13.0,"turns":3.0},{"damage":52,"enemies":"Gremlin Nob","floor":14,"turns":3}],"seed_played":"-3492437067341830576","potions_obtained":[{"floor":1.0,"key":"Ancient Potion"},{"floor":3.0,"key":"Ancient Potion"},{"floor":7.0,"key":"SpeedPotion"},{"floor":13.0,"key":"Regen Potion"}],"is_trial":false,"path_per_floor":["M","M","M","M","M","R","?","E","T","R","M","$","M","E"],"character_chosen":"DEFECT","items_purchased":["Coolheaded","Self Repair","AttackPotion"],"campfire_rested":0,"item_purchase_floors":[12,12,12],"current_hp_per_floor":[43,43,35,35,28,28,28,20,20,20,20,20,17,0],"gold":15,"neow_bonus":"ONE_RARE_RELIC","is_prod":false,"is_daily":false,"chose_seed":false,"campfire_upgraded":2,"win_rate":0,"timestamp":1550853908,"path_taken":["M","M","M","M","M","R","?","E","T","R","M","$","?","E"],"build_version":"2019-01-23","purchased_purges":0,"victory":false,"max_hp_per_floor":[71,71,71,71,71,71,71,73,73,73,73,73,73,73],"card_choices":[{"not_picked":["Heatsinks","Sweeping Beam"],"picked":"Double Energy","floor":1.0},{"not_picked":["Redo","Rebound"],"picked":"BootSequence","floor":2.0},{"not_picked":["Stack","Streamline"],"picked":"Ball Lightning","floor":3.0},{"not_picked":["Gash","Streamline","Barrage"],"picked":"SKIP","floor":4.0},{"not_picked":["Leap","Creative AI"],"picked":"Compile Driver","floor":5.0},{"not_picked":["Streamline","Redo","BootSequence"],"picked":"Singing Bowl","floor":8.0},{"not_picked":["Rip and Tear","Stack"],"picked":"Chaos","floor":11.0},{"not_picked":["Gash","Hello World"],"picked":"Reinforced Body","floor":13.0}],"player_experience":922363,"relics_obtained":[{"floor":8.0,"key":"Singing Bowl"},{"floor":9.0,"key":"Girya"}],"event_choices":[{"damage_healed":0.0,"max_hp_gain":0.0,"max_hp_loss":0.0,"gold_gain":0.0,"event_name":"The Woman in Blue","player_choice":"Bought 1 Potion","floor":7.0,"gold_loss":0.0,"damage_taken":0.0}],"is_beta":false,"boss_relics":[],"items_purged_floors":[],"is_endless":false,"potions_floor_spawned":[1,3,13],"killed_by":"Gremlin Nob","ascension_level":20}