{"gold_per_floor":[368,383,393,40,60,60,85,85,108,139,139,155,171,206,206,206],"floor_reached":16,"playtime":714,"items_purged":[],"score":244,"play_id":"e216869a-4d93-4a28-877b-ae8de64183b6","local_time":"20190717221759","is_ascension_mode":true,"campfire_choices":[{"data":"Uppercut","floor":6,"key":"SMITH"},{"data":"Defend_R","floor":8,"key":"SMITH"},{"data":"Defend_R","floor":15,"key":"SMITH"}],"neow_cost":"TEN_PERCENT_HP_LOSS","seed_source_timestamp":46262449308563,"circlet_count":0,"master_deck":["AscendersBane","Strike_R","Strike_R","Strike_R","Strike_R","Strike_R","Defend_R","Defend_R","Defend_R+1","Defend_R+1","Bash","Uppercut+1","Twin Strike","Carnage","Feel No Pain","Pommel Strike+1","Reaper+1","Thunderclap+1"],"relics":["Burning Blood","Molten Egg 2","Dream Catcher","Centennial Puzzle","Anchor","Bottled Tornado"],"potions_floor_usage":[7,12,16],"damage_taken":[{"damage":6,"enemies":"Cultist","floor":1,"turns":3},{"damage":4,"enemies":"Small Slimes","floor":2,"turns":4},{"damage":1,"enemies":"2 Louse","floor":3,"turns":3},{"damage":9,"enemies":"Exordium Wildlife","floor":5,"turns":4},{"damage":6,"enemies":"Gremlin Nob","floor":7,"turns":3},{"damage":30,"enemies":"Lagavulin","floor":10,"turns":5},{"damage":6,"enemies":"Red Slaver","floor":12,"turns":3},{"damage":16,"enemies":"Blue Slaver","floor":13,"turns":5},{"damage":22,"enemies":"3 Sentries","floor":14,"turns":6},{"damage":58,"enemies":"Slime Boss","floor":16,"turns":7}],"seed_played":"-7611621690996595122","potions_obtained":[{"floor":1,"key":"Regen Potion"},{"floor":3,"key":"Poison Potion"},{"floor":12,"key":"Strength Potion"},{"floor":14,"key":"FearPotion"}],"is_trial":false,"path_per_floor":["M","M","M","$","M","R","E","R","T","E","?","M","M","E","R","B"],"character_chosen":"IRONCLAD","items_purchased":["Molten Egg 2","Feel No Pain"],"campfire_rested":0,"item_purchase_floors":[4,4],"current_hp_per_floor":[68,68,68,68,65,65,65,65,65,41,46,55,50,49,49,0],"gold":206,"neow_bonus":"TWO_FIFTY_GOLD","is_prod":false,"is_daily":false,"chose_seed":false,"campfire_upgraded":3,"win_rate":0,"timestamp":1563394679,"path_taken":["M","M","M","$","M","R","E","R","T","E","?","M","M","E","R","BOSS"],"build_version":"2019-07-05","purchased_purges":0,"victory":false,"max_hp_per_floor":[68,68,68,68,68,68,68,68,68,68,73,73,73,73,73,73],"card_choices":[{"not_picked":["Infernal Blade","Clothesline"],"picked":"Uppercut","floor":1},{"not_picked":["Corruption","Iron Wave"],"picked":"Twin Strike","floor":2},{"not_picked":["True Grit","Infernal Blade"],"picked":"Carnage","floor":3},{"not_picked":["Warcry","True Grit"],"picked":"Pommel Strike+1","floor":5},{"not_picked":["Whirlwind+1","Combust"],"picked":"Reaper+1","floor":7},{"not_picked":["True Grit","Seeing Red","Infernal Blade"],"picked":"SKIP","floor":10},{"not_picked":["Sever Soul+1","True Grit","Headbutt+1"],"picked":"SKIP","floor":12},{"not_picked":["Cleave+1","Bloodletting"],"picked":"Thunderclap+1","floor":13},{"not_picked":["Cleave+1","Clothesline+1","Rampage+1"],"picked":"SKIP","floor":14}],"player_experience":709482,"relics_obtained":[{"floor":7,"key":"Dream Catcher"},{"floor":9,"key":"Centennial Puzzle"},{"floor":10,"key":"Anchor"},{"floor":14,"key":"Bottled Tornado"}],"event_choices":[{"damage_healed":0,"gold_gain":0,"player_choice":"Donut","damage_taken":0,"max_hp_gain":5,"max_hp_loss":0,"event_name":"Big Fish","floor":11,"gold_loss":0}],"is_beta":false,"boss_relics":[],"items_purged_floors":[],"is_endless":false,"potions_floor_spawned":[1,3,12,14],"killed_by":"Slime Boss","ascension_level":20}