{"gold_per_floor":[118,132,151,151,165,165,165,165,165,90,110,151,174,174,174,264,264,280,330,280,301,301,301,301,345,397,397,431,452,466,481,481,577,577,598,212,212,233,233,267,290,330,355,93,114,134,169,194,194,194,194,194,194,4,37,37],"floor_reached":57,"playtime":3412,"items_purged":["Pain"],"score":2843,"play_id":"dd731ac2-03c8-4dc2-b357-3cf9e9982d77","local_time":"20190308145935","is_ascension_mode":true,"campfire_choices":[{"data":"Defragment","floor":6.0,"key":"SMITH"},{"data":"Zap","floor":8.0,"key":"SMITH"},{"data":"Fusion","floor":15.0,"key":"SMITH"},{"data":"Coolheaded","floor":24.0,"key":"SMITH"},{"floor":27.0,"key":"REST"},{"data":"Defragment","floor":32.0,"key":"SMITH"},{"floor":49.0,"key":"RECALL"},{"data":"Buffer","floor":53.0,"key":"SMITH"}],"neow_cost":"TEN_PERCENT_HP_LOSS","seed_source_timestamp":500336110602140,"circlet_count":0,"master_deck":["AscendersBane","Defend_B","Defend_B","Defend_B","Defend_B","Zap+1","Dualcast","Static Discharge","Static Discharge","Ball Lightning","Defragment+1","Cold Snap","Cold Snap","Fusion+1","Undo+1","Creative AI+1","Sunder+1","Defragment+1","Coolheaded+1","Hologram+1","Force Field","Buffer+1","Capacitor+1","Hologram","Compile Driver","Coolheaded+1","Hologram+1","Core Surge","Skim+1","Storm","Capacitor","Stack"],"special_seed":0,"relics":["Cracked Core","Golden Idol","Pear","Mango","Meat on the Bone","Snecko Eye","WarpedTongs","Ornamental Fan","Regal Pillow","Bag of Marbles","Coffee Dripper","Oddly Smooth Stone","Kunai","Juzu Bracelet","Mummified Hand","Du-Vu Doll","War Paint"],"potions_floor_usage":[56,56],"damage_taken":[{"damage":14.0,"enemies":"2 Louse","floor":1.0,"turns":3.0},{"damage":0.0,"enemies":"Small Slimes","floor":2.0,"turns":2.0},{"damage":7.0,"enemies":"Jaw Worm","floor":3.0,"turns":3.0},{"damage":7.0,"enemies":"Looter","floor":5.0,"turns":4.0},{"damage":11.0,"enemies":"Large Slime","floor":11.0,"turns":4.0},{"damage":4.0,"enemies":"Gremlin Nob","floor":12.0,"turns":3.0},{"damage":5.0,"enemies":"Gremlin Gang","floor":13.0,"turns":3.0},{"damage":16.0,"enemies":"Slime Boss","floor":16.0,"turns":6.0},{"damage":8.0,"enemies":"Chosen","floor":18.0,"turns":4.0},{"damage":2.0,"enemies":"Spheric Guardian","floor":21.0,"turns":4.0},{"damage":41.0,"enemies":"Book of Stabbing","floor":25.0,"turns":4.0},{"damage":32.0,"enemies":"Slavers","floor":28.0,"turns":8.0},{"damage":15.0,"enemies":"Snake Plant","floor":29.0,"turns":3.0},{"damage":17.0,"enemies":"Cultist and Chosen","floor":30.0,"turns":5.0},{"damage":10.0,"enemies":"3 Cultists","floor":31.0,"turns":7.0},{"damage":17.0,"enemies":"Automaton","floor":33.0,"turns":11.0},{"damage":2.0,"enemies":"3 Shapes","floor":35.0,"turns":8.0},{"damage":3.0,"enemies":"Orb Walker","floor":38.0,"turns":3.0},{"damage":33.0,"enemies":"Reptomancer","floor":40.0,"turns":5.0},{"damage":17.0,"enemies":"Jaw Worm Horde","floor":41.0,"turns":4.0},{"damage":13.0,"enemies":"Nemesis","floor":42.0,"turns":11.0},{"damage":0.0,"enemies":"Maw","floor":45.0,"turns":10.0},{"damage":15.0,"enemies":"Writhing Mass","floor":46.0,"turns":5.0},{"damage":0.0,"enemies":"Giant Head","floor":47.0,"turns":9.0},{"damage":0.0,"enemies":"Transient","floor":48.0,"turns":6.0},{"damage":11.0,"enemies":"Donu and Deca","floor":50.0,"turns":8.0},{"damage":33.0,"enemies":"Awakened One","floor":51.0,"turns":9.0},{"damage":43.0,"enemies":"Shield and Spear","floor":55.0,"turns":6.0},{"damage":36,"enemies":"The Heart","floor":56,"turns":8}],"seed_played":"-4477913667167045714","potions_obtained":[{"floor":11.0,"key":"FocusPotion"},{"floor":12.0,"key":"Dexterity Potion"},{"floor":13.0,"key":"Fire Potion"},{"floor":16.0,"key":"LiquidBronze"},{"floor":21.0,"key":"Explosive Potion"},{"floor":29.0,"key":"AttackPotion"},{"floor":30.0,"key":"Ancient Potion"},{"floor":41.0,"key":"Regen Potion"},{"floor":45.0,"key":"Regen Potion"},{"floor":46.0,"key":"LiquidBronze"},{"floor":48.0,"key":"GamblersBrew"}],"is_trial":false,"path_per_floor":["M","M","M","?","M","R","?","R","T","?","M","E","M","T","R","B",null,"M","?","?","M","?","?","R","E","T","R","E","M","M","M","R","B",null,"M","$","?","M","?","E","M","E","T","$","M","M","E","M","R","B","B",null,"R","$","E","B",null],"character_chosen":"DEFECT","items_purchased":["Hologram","Oddly Smooth Stone","Blizzard","Mummified Hand","AttackPotion","Capacitor","Fire Potion"],"campfire_rested":1,"item_purchase_floors":[36,36,36,44,54,54,54],"current_hp_per_floor":[50,50,43,36,29,29,29,29,39,39,28,38,33,33,33,29,69,61,61,61,59,59,59,59,30,30,69,49,46,41,43,43,38,71,69,69,69,66,66,45,40,42,42,42,42,51,51,51,51,52,31,69,69,69,38,14],"gold":37,"neow_bonus":"TRANSFORM_TWO_CARDS","is_prod":false,"is_daily":false,"chose_seed":false,"campfire_upgraded":6,"win_rate":0,"timestamp":1552028375,"path_taken":["M","M","M","?","M","R","?","R","T","?","M","E","M","?","R","BOSS","M","?","?","?","?","?","R","E","T","R","E","M","?","M","R","BOSS","M","$","?","M","?","E","M","E","T","$","M","M","E","M","R","BOSS","BOSS","R","$","E","BOSS"],"build_version":"2019-01-23","purchased_purges":1,"victory":true,"max_hp_per_floor":[64,64,64,64,64,64,58,58,68,68,68,82,82,82,82,82,82,82,82,82,82,82,82,82,82,82,82,82,82,82,82,82,82,82,82,82,82,82,82,82,82,82,82,82,82,82,82,82,82,82,82,82,82,82,82,82],"card_choices":[{"not_picked":["Barrage","Rebound"],"picked":"Ball Lightning","floor":1.0},{"not_picked":["Aggregate","Redo"],"picked":"Defragment","floor":2.0},{"not_picked":["Beam Cell","Sweeping Beam","Stack"],"picked":"SKIP","floor":3.0},{"not_picked":["Blizzard","Leap"],"picked":"Cold Snap","floor":5.0},{"not_picked":["Stack","Chaos"],"picked":"Cold Snap","floor":11.0},{"not_picked":["Go for the Eyes","Reboot"],"picked":"Fusion","floor":12.0},{"not_picked":["Ball Lightning","Barrage"],"picked":"Undo","floor":13.0},{"not_picked":["Machine Learning","Fission"],"picked":"Creative AI","floor":16.0},{"not_picked":["Defragment","Rebound+1"],"picked":"Sunder","floor":18.0},{"not_picked":["Aggregate","Compile Driver"],"picked":"Defragment","floor":21.0},{"not_picked":["Biased Cognition","Coolheaded"],"picked":"Hologram+1","floor":25.0},{"not_picked":["Scrape","Chaos"],"picked":"Force Field","floor":28.0},{"not_picked":["Steam","Chaos","Hello World"],"picked":"SKIP","floor":29.0},{"not_picked":["Stack","Rip and Tear","Beam Cell"],"picked":"SKIP","floor":30.0},{"not_picked":["Barrage","Beam Cell","Redo"],"picked":"SKIP","floor":31.0},{"not_picked":["Biased Cognition","Rainbow"],"picked":"Buffer","floor":33.0},{"not_picked":["Conserve Battery","Leap"],"picked":"Capacitor+1","floor":35.0},{"not_picked":["Beam Cell","Sweeping Beam"],"picked":"Compile Driver","floor":38.0},{"not_picked":["Ball Lightning","BootSequence+1","Steam+1"],"picked":"SKIP","floor":40.0},{"not_picked":["Steam","Rip and Tear+1"],"picked":"Coolheaded+1","floor":41.0},{"not_picked":["Conserve Battery+1","Sunder"],"picked":"Hologram+1","floor":42.0},{"not_picked":["Redo+1","Go for the Eyes+1"],"picked":"Core Surge","floor":45.0},{"not_picked":["Streamline","Genetic Algorithm","Steam"],"picked":"SKIP","floor":46.0},{"not_picked":["Redo","Streamline"],"picked":"Skim","floor":47.0},{"not_picked":["Gash","Streamline"],"picked":"Storm","floor":48.0},{"not_picked":["Hello World+1","Doom and Gloom"],"picked":"Stack","floor":55.0}],"player_experience":1161214,"relics_obtained":[{"floor":9.0,"key":"Pear"},{"floor":12.0,"key":"Mango"},{"floor":14.0,"key":"Meat on the Bone"},{"floor":25.0,"key":"Ornamental Fan"},{"floor":26.0,"key":"Regal Pillow"},{"floor":28.0,"key":"Bag of Marbles"},{"floor":40.0,"key":"Kunai"},{"floor":42.0,"key":"Juzu Bracelet"},{"floor":47.0,"key":"Du-Vu Doll"},{"floor":55.0,"key":"War Paint"}],"event_choices":[{"cards_removed":["Strike_B"],"damage_healed":0.0,"max_hp_gain":0.0,"max_hp_loss":0.0,"gold_gain":0.0,"event_name":"Golden Wing","player_choice":"Card Removal","floor":4.0,"gold_loss":0.0,"damage_taken":7.0},{"damage_healed":0.0,"max_hp_gain":0.0,"max_hp_loss":6.0,"gold_gain":0.0,"event_name":"Golden Idol","player_choice":"Lose Max HP","floor":7.0,"gold_loss":0.0,"damage_taken":0.0,"relics_obtained":["Golden Idol"]},{"cards_removed":["Strike_B"],"damage_healed":0.0,"max_hp_gain":0.0,"max_hp_loss":0.0,"gold_gain":0.0,"event_name":"The Cleric","player_choice":"Card Removal","floor":10.0,"gold_loss":75.0,"damage_taken":0.0},{"damage_healed":0.0,"max_hp_gain":0.0,"max_hp_loss":0.0,"gold_gain":50.0,"event_name":"Nest","player_choice":"Stole From Cult","floor":19.0,"gold_loss":0.0,"damage_taken":0.0},{"damage_healed":0.0,"max_hp_gain":0.0,"max_hp_loss":0.0,"gold_gain":0.0,"event_name":"Designer","player_choice":"Upgraded Two","floor":20.0,"gold_loss":50.0,"damage_taken":0.0,"cards_upgraded":["Sunder","Creative AI"]},{"damage_healed":0.0,"max_hp_gain":0.0,"max_hp_loss":0.0,"gold_gain":0.0,"event_name":"The Library","player_choice":"Read","floor":22.0,"gold_loss":0.0,"damage_taken":0.0,"cards_obtained":["Coolheaded"]},{"damage_healed":0.0,"max_hp_gain":0.0,"max_hp_loss":0.0,"gold_gain":0.0,"event_name":"Accursed Blacksmith","player_choice":"Rummage","floor":23.0,"gold_loss":0.0,"damage_taken":0.0,"relics_obtained":["WarpedTongs"],"cards_obtained":["Pain"]},{"damage_healed":0.0,"max_hp_gain":0.0,"max_hp_loss":0.0,"gold_gain":0.0,"event_name":"Mysterious Sphere","player_choice":"Ignored","floor":37.0,"gold_loss":0.0,"damage_taken":0.0},{"cards_removed":["Blizzard"],"damage_healed":0.0,"max_hp_gain":0.0,"max_hp_loss":0.0,"gold_gain":0.0,"event_name":"Falling","player_choice":"Removed Attack","floor":39.0,"gold_loss":0.0,"damage_taken":0.0}],"is_beta":false,"boss_relics":[{"not_picked":["Calling Bell","Eternal Feather"],"picked":"Snecko Eye"},{"not_picked":["FrozenCore","Tiny House"],"picked":"Coffee Dripper"}],"items_purged_floors":[36],"is_endless":false,"potions_floor_spawned":[11,12,13,16,21,29,30,31,41,45,46,47,48],"ascension_level":20}