{"gold_per_floor":[360,371,215,215,34,34,63,74,74,74,74,99,99,99,99,99],"floor_reached":16,"playtime":388,"items_purged":["Strike_R","Strike_R"],"score":98,"play_id":"0fc990d0-7fe9-4f67-86ca-aa2f9a467168","local_time":"20190620114928","is_ascension_mode":false,"campfire_choices":[{"data":"Searing Blow","floor":6.0,"key":"SMITH"},{"data":"Searing Blow+1","floor":10.0,"key":"SMITH"},{"data":"Searing Blow+2","floor":13.0,"key":"SMITH"},{"data":"Searing Blow+3","floor":15.0,"key":"SMITH"}],"neow_cost":"TEN_PERCENT_HP_LOSS","seed_source_timestamp":2010491344591,"circlet_count":0,"master_deck":["Strike_R","Strike_R","Strike_R","Defend_R","Defend_R","Defend_R","Defend_R","Bash","Clash","Bloodletting","Searing Blow+4","Evolve"],"special_seed":0,"relics":["Burning Blood","Bottled Tornado","The Courier","Golden Idol"],"potions_floor_usage":[16],"damage_taken":[{"damage":9.0,"enemies":"Small Slimes","floor":1.0,"turns":4.0},{"damage":1.0,"enemies":"Jaw Worm","floor":2.0,"turns":3.0},{"damage":49.0,"enemies":"3 Sentries","floor":7.0,"turns":10.0},{"damage":8.0,"enemies":"Cultist","floor":8.0,"turns":4.0},{"damage":4.0,"enemies":"2 Fungi Beasts","floor":12.0,"turns":4.0},{"damage":16,"enemies":"Hexaghost","floor":16,"turns":5}],"seed_played":"-303097655701794141","potions_obtained":[{"floor":2.0,"key":"Ancient Potion"},{"floor":12.0,"key":"GamblersBrew"}],"is_trial":false,"path_per_floor":["M","M","$","?","$","R","E","M","T","R","?","M","R","?","R","B"],"character_chosen":"IRONCLAD","items_purchased":["Searing Blow","Evolve"],"campfire_rested":0,"item_purchase_floors":[3,5],"current_hp_per_floor":[69,72,72,77,77,77,34,32,32,32,13,15,15,15,15,0],"gold":99,"neow_bonus":"TWO_FIFTY_GOLD","is_prod":false,"is_daily":false,"chose_seed":false,"campfire_upgraded":4,"win_rate":0,"timestamp":1561002568,"path_taken":["M","M","$","?","$","R","E","M","T","R","?","M","R","?","R","BOSS"],"build_version":"2019-01-23","purchased_purges":2,"victory":false,"max_hp_per_floor":[72,72,72,77,77,77,77,77,77,77,77,77,77,77,77,77],"card_choices":[{"not_picked":["Clothesline","Twin Strike"],"picked":"Clash","floor":1.0},{"not_picked":["Infernal Blade","Thunderclap"],"picked":"Bloodletting","floor":2.0},{"not_picked":["Perfected Strike","Iron Wave","Inflame"],"picked":"SKIP","floor":7.0},{"not_picked":["Shrug It Off","Cleave","Evolve"],"picked":"SKIP","floor":8.0},{"not_picked":["Pommel Strike","Clash","Twin Strike"],"picked":"SKIP","floor":12.0}],"player_experience":5491974,"relics_obtained":[{"floor":7.0,"key":"Bottled Tornado"},{"floor":9.0,"key":"The Courier"}],"event_choices":[{"damage_healed":0.0,"max_hp_gain":5.0,"max_hp_loss":0.0,"gold_gain":0.0,"event_name":"Big Fish","player_choice":"Donut","floor":4.0,"gold_loss":0.0,"damage_taken":0.0},{"damage_healed":0.0,"max_hp_gain":0.0,"max_hp_loss":0.0,"gold_gain":0.0,"event_name":"Golden Idol","player_choice":"Take Damage","floor":11.0,"gold_loss":0.0,"damage_taken":19.0,"relics_obtained":["Golden Idol"]},{"damage_healed":0.0,"max_hp_gain":0.0,"max_hp_loss":0.0,"gold_gain":0.0,"event_name":"Shining Light","player_choice":"Ignored","floor":14.0,"gold_loss":0.0,"damage_taken":0.0}],"is_beta":false,"boss_relics":[],"items_purged_floors":[3,5],"is_endless":false,"potions_floor_spawned":[2,12],"killed_by":"Hexaghost","ascension_level":0}