{"gold_per_floor":[116,65,76,1,13,13,31,31,55,55,69,84,184,98,98,98],"floor_reached":16,"playtime":465,"items_purged":["Strike_B"],"score":184,"play_id":"c203cbf8-30db-4ed1-b389-aa80487a7bd0","local_time":"20190127224901","is_ascension_mode":true,"campfire_choices":[{"data":"Dualcast","floor":6.0,"key":"SMITH"},{"data":"Zap","floor":8.0,"key":"SMITH"},{"data":"Gash","floor":10.0,"key":"SMITH"},{"data":"Skim","floor":15.0,"key":"SMITH"}],"neow_cost":"PERCENT_DAMAGE","seed_source_timestamp":33228244165233,"circlet_count":0,"master_deck":["AscendersBane","Strike_B","Defend_B","Defend_B","Defend_B","Defend_B","Zap+1","Dualcast+1","Gash+1","Ball Lightning","Gash","Skim+1","Scrape"],"special_seed":0,"relics":["Cracked Core","PreservedInsect"],"potions_floor_usage":[16],"damage_taken":[{"damage":1.0,"enemies":"Cultist","floor":1.0,"turns":3.0},{"damage":7.0,"enemies":"Small Slimes","floor":3.0,"turns":4.0},{"damage":2.0,"enemies":"Jaw Worm","floor":5.0,"turns":3.0},{"damage":10.0,"enemies":"Exordium Wildlife","floor":7.0,"turns":4.0},{"damage":2.0,"enemies":"Looter","floor":11.0,"turns":3.0},{"damage":13.0,"enemies":"Exordium Thugs","floor":12.0,"turns":3.0},{"damage":11,"enemies":"Hexaghost","floor":16,"turns":4}],"seed_played":"-9017471762407123181","potions_obtained":[{"floor":5.0,"key":"Ancient Potion"},{"floor":7.0,"key":"PowerPotion"}],"is_trial":false,"path_per_floor":["M","$","M","$","M","R","M","R","T","R","M","M","?","$","R","B"],"character_chosen":"DEFECT","items_purchased":["Gash","Scrape"],"campfire_rested":0,"item_purchase_floors":[2,14],"current_hp_per_floor":[45,45,38,38,36,36,26,26,26,26,24,11,11,11,11,0],"gold":98,"neow_bonus":"REMOVE_TWO","is_prod":false,"is_daily":false,"chose_seed":false,"campfire_upgraded":4,"win_rate":0,"timestamp":1548600541,"path_taken":["M","$","M","?","M","R","M","R","T","R","?","?","?","?","R","BOSS"],"build_version":"2019-01-23","purchased_purges":1,"victory":false,"max_hp_per_floor":[71,71,71,71,71,71,71,71,71,71,71,71,71,71,71,71],"card_choices":[{"not_picked":["Go for the Eyes","Turbo","Heatsinks"],"picked":"SKIP","floor":1.0},{"not_picked":["Fusion","Cold Snap"],"picked":"Ball Lightning","floor":3.0},{"not_picked":["Lockon","Conserve Battery","Rebound"],"picked":"SKIP","floor":5.0},{"not_picked":["BootSequence","Ball Lightning","Force Field"],"picked":"SKIP","floor":7.0},{"not_picked":["White Noise","FTL"],"picked":"Gash","floor":11.0},{"not_picked":["Barrage","Hologram"],"picked":"Skim","floor":12.0}],"player_experience":2336297,"relics_obtained":[{"floor":9.0,"key":"PreservedInsect"}],"event_choices":[{"damage_healed":0.0,"max_hp_gain":0.0,"max_hp_loss":0.0,"gold_gain":100.0,"event_name":"Wheel of Change","player_choice":"Gold","floor":13.0,"gold_loss":0.0,"damage_taken":0.0}],"is_beta":false,"boss_relics":[],"items_purged_floors":[4],"is_endless":false,"potions_floor_spawned":[5,7,12],"killed_by":"Hexaghost","ascension_level":20}