{"gold_per_floor":[118,32,107,257,274,274,306,65,145,161,161,225,253,265,265,336,336,346,363,363],"floor_reached":20,"playtime":561,"items_purged":["Doubt"],"score":514,"play_id":"855de0f8-9eeb-4448-882d-2d4bcf83a683","local_time":"20190413123135","is_ascension_mode":true,"campfire_choices":[{"data":"Noxious Fumes","floor":6,"key":"SMITH"},{"data":"Neutralize","floor":11,"key":"SMITH"},{"data":"Deadly Poison","floor":15,"key":"SMITH"}],"neow_cost":"NONE","seed_source_timestamp":2372770865601,"circlet_count":0,"master_deck":["AscendersBane","Defend_G+1","Defend_G","Defend_G","Defend_G","Defend_G","Strike_G","Strike_G","Strike_G","Strike_G","Strike_G","Survivor","Neutralize+1","Finisher","Noxious Fumes+1","Envenom","Cloak And Dagger+1","Deadly Poison+1","Tools of the Trade","Corpse Explosion","Acrobatics"],"relics":["Ring of the Snake","NeowsBlessing","Bag of Marbles","War Paint","Ornamental Fan","Thread and Needle","Oddly Smooth Stone","Busted Crown"],"potions_floor_usage":[13,18,20],"damage_taken":[{"damage":0,"enemies":"2 Louse","floor":1,"turns":1},{"damage":0,"enemies":"Small Slimes","floor":5,"turns":1},{"damage":0,"enemies":"3 Sentries","floor":7,"turns":2},{"damage":0,"enemies":"Cultist","floor":10,"turns":2},{"damage":15,"enemies":"3 Sentries","floor":12,"turns":9},{"damage":23,"enemies":"Gremlin Nob","floor":13,"turns":5},{"damage":0,"enemies":"2 Fungi Beasts","floor":14,"turns":4},{"damage":0,"enemies":"Hexaghost","floor":16,"turns":8},{"damage":13,"enemies":"3 Byrds","floor":18,"turns":3},{"damage":0,"enemies":"Chosen","floor":19,"turns":5},{"damage":0,"enemies":"Snake Plant","floor":20,"turns":3}],"seed_played":"-5484785099566609597","potions_obtained":[{"floor":1,"key":"LiquidBronze"},{"floor":10,"key":"FairyPotion"},{"floor":12,"key":"Weak Potion"},{"floor":14,"key":"GamblersBrew"},{"floor":18,"key":"Energy Potion"}],"is_trial":false,"path_per_floor":["M","$","?","?","M","R","E","$","T","M","R","?","E","M","R","B",null,"M","M","M"],"character_chosen":"THE_SILENT","items_purchased":["Noxious Fumes","War Paint"],"campfire_rested":0,"item_purchase_floors":[2,8],"current_hp_per_floor":[59,59,48,48,48,48,48,48,48,48,48,33,10,10,10,10,52,39,39,39],"gold":363,"neow_bonus":"THREE_ENEMY_KILL","is_prod":false,"is_daily":false,"chose_seed":false,"campfire_upgraded":3,"win_rate":0,"timestamp":1555129895,"path_taken":["M","$","?","?","M","R","E","$","T","M","R","?","E","M","R","BOSS","M","M","M"],"build_version":"2019-01-23","purchased_purges":1,"victory":false,"max_hp_per_floor":[66,66,66,66,66,66,66,66,66,66,66,66,66,66,66,66,66,66,66,66],"card_choices":[{"not_picked":["Slice","Cloak And Dagger"],"picked":"Finisher","floor":1},{"not_picked":["Backflip","Blade Dance"],"picked":"Envenom","floor":5},{"not_picked":["Dagger Spray","PiercingWail"],"picked":"Cloak And Dagger","floor":7},{"not_picked":["Acrobatics","Flying Knee","Dodge and Roll"],"picked":"SKIP","floor":10},{"not_picked":["Prepared","Sucker Punch"],"picked":"Deadly Poison","floor":13},{"not_picked":["Outmaneuver","Flechettes"],"picked":"Tools of the Trade","floor":14},{"not_picked":["Adrenaline","A Thousand Cuts"],"picked":"Corpse Explosion","floor":16},{"not_picked":["Masterful Stab"],"picked":"SKIP","floor":18},{"not_picked":[],"picked":"Acrobatics","floor":19}],"player_experience":4243113,"relics_obtained":[{"floor":7,"key":"Bag of Marbles"},{"floor":9,"key":"Ornamental Fan"},{"floor":12,"key":"Thread and Needle"},{"floor":13,"key":"Oddly Smooth Stone"}],"event_choices":[{"damage_healed":0,"gold_gain":75,"player_choice":"Gather Gold","damage_taken":11,"max_hp_gain":0,"max_hp_loss":0,"event_name":"World of Goop","floor":3,"gold_loss":0},{"damage_healed":0,"gold_gain":150,"player_choice":"AGREE","damage_taken":0,"max_hp_gain":0,"max_hp_loss":0,"event_name":"Liars Game","floor":4,"gold_loss":0,"cards_obtained":["Doubt"]},{"damage_healed":0,"gold_gain":0,"player_choice":"Searched \u00272\u0027 times","damage_taken":0,"max_hp_gain":0,"max_hp_loss":0,"event_name":"Dead Adventurer","floor":12,"gold_loss":0}],"is_beta":false,"boss_relics":[{"not_picked":["Philosopher\u0027s Stone","Fusion Hammer"],"picked":"Busted Crown"}],"items_purged_floors":[8],"is_endless":false,"potions_floor_spawned":[1,10,12,14,18],"killed_by":"Snake Plant","ascension_level":20}