{"gold_per_floor":[219,92,92,109,109,109,123,123,123,123,148,163,163,177,177,248,248,268,268,300,205,218,218,218,228,228,245,245,245,109,124,124,124],"floor_reached":33,"playtime":834,"items_purged":["Strike_B","Defend_B","Defend_B"],"score":411,"play_id":"b9195211-5eb0-4fc2-93d9-193680f8678a","local_time":"20190212143755","is_ascension_mode":true,"campfire_choices":[{"data":"Streamline","floor":6,"key":"SMITH"},{"data":"Doom and Gloom","floor":10,"key":"SMITH"},{"data":"Dualcast","floor":15,"key":"SMITH"},{"floor":23,"key":"REST"},{"data":"Zap","floor":24,"key":"SMITH"},{"data":"Coolheaded","floor":28,"key":"SMITH"},{"floor":32,"key":"REST"}],"neow_cost":"NONE","seed_source_timestamp":1287216328804663,"circlet_count":0,"master_deck":["AscendersBane","Defend_B","Defend_B","Zap+1","Dualcast+1","Streamline+1","Conserve Battery","Doom and Gloom+1","Cold Snap","Ball Lightning","Electrodynamics","Glacier+1","Hologram+1","Coolheaded+1","Auto Shields+1","Turbo+1","Defragment","Loop"],"relics":["Cracked Core","Dream Catcher","WingedGreaves","Smiling Mask","Empty Cage","Red Mask","Darkstone Periapt"],"potions_floor_usage":[16,22,31,33,33],"damage_taken":[{"damage":2,"enemies":"Jaw Worm","floor":1,"turns":3},{"damage":0,"enemies":"Small Slimes","floor":4,"turns":4},{"damage":0,"enemies":"2 Louse","floor":7,"turns":2},{"damage":5,"enemies":"Blue Slaver","floor":12,"turns":4},{"damage":0,"enemies":"Exordium Thugs","floor":14,"turns":3},{"damage":5,"enemies":"Slime Boss","floor":16,"turns":5},{"damage":25,"enemies":"2 Thieves","floor":18,"turns":4},{"damage":29,"enemies":"Masked Bandits","floor":20,"turns":3},{"damage":0,"enemies":"3 Byrds","floor":22,"turns":3},{"damage":0,"enemies":"Centurion and Healer","floor":25,"turns":5},{"damage":6,"enemies":"Cultist and Chosen","floor":27,"turns":5},{"damage":16,"enemies":"Snecko","floor":31,"turns":4},{"damage":38,"enemies":"Collector","floor":33,"turns":7}],"seed_played":"4064346121576126448","potions_obtained":[{"floor":1,"key":"Swift Potion"},{"floor":12,"key":"FearPotion"},{"floor":16,"key":"Swift Potion"},{"floor":31,"key":"GamblersBrew"}],"is_trial":false,"path_per_floor":["M","$","?","M","?","R","M","?","T","R","T","M","?","M","R","B",null,"M","?","?","$","M","R","R","M","T","M","R","?","$","M","R","B"],"character_chosen":"DEFECT","items_purchased":["Conserve Battery","Coolheaded","Defragment","PowerPotion"],"campfire_rested":2,"item_purchase_floors":[2,21,30,30],"current_hp_per_floor":[62,62,51,51,44,44,44,49,49,49,49,44,40,40,40,35,66,41,41,12,12,12,34,34,34,34,28,28,28,28,12,34,0],"gold":124,"neow_bonus":"HUNDRED_GOLD","is_prod":false,"is_daily":false,"chose_seed":false,"campfire_upgraded":5,"win_rate":0,"timestamp":1549953475,"path_taken":["M","$","?","M","?","R","M","?","T","R","?","?","?","M","R","BOSS","M","?","?","$","M","R","R","M","T","M","R","?","$","M","R","BOSS"],"build_version":"2019-01-23","purchased_purges":3,"victory":false,"max_hp_per_floor":[71,71,71,71,71,71,71,76,76,76,76,76,76,76,76,76,76,76,76,76,76,76,76,76,76,76,76,76,76,76,76,76,76],"card_choices":[{"not_picked":["Steam Power","Undo"],"picked":"Streamline","floor":1},{"not_picked":["Scrape","Leap","Redo"],"picked":"SKIP","floor":4},{"not_picked":["Steam","Blizzard"],"picked":"Doom and Gloom","floor":7},{"not_picked":["Stack","Turbo"],"picked":"Cold Snap","floor":12},{"not_picked":["Rip and Tear","Leap"],"picked":"Ball Lightning","floor":14},{"not_picked":["Amplify","Fission"],"picked":"Electrodynamics","floor":16},{"not_picked":["Go for the Eyes","Compile Driver"],"picked":"Glacier+1","floor":18},{"not_picked":["Cold Snap","Redo"],"picked":"Hologram+1","floor":20},{"not_picked":["Stack","Rebound"],"picked":"Auto Shields+1","floor":22},{"not_picked":["Compile Driver","Sweeping Beam","Stack"],"picked":"SKIP","floor":25},{"not_picked":["Barrage","Stack"],"picked":"Turbo+1","floor":27},{"not_picked":["Coolheaded","Hologram"],"picked":"Loop","floor":31}],"player_experience":734449,"relics_obtained":[{"floor":9,"key":"WingedGreaves"},{"floor":11,"key":"Smiling Mask"},{"floor":20,"key":"Red Mask"},{"floor":26,"key":"Darkstone Periapt"}],"event_choices":[{"damage_healed":0,"gold_gain":0,"player_choice":"Success","damage_taken":11,"relics_obtained":["Dream Catcher"],"max_hp_gain":0,"max_hp_loss":0,"event_name":"Scrap Ooze","floor":3,"gold_loss":0},{"cards_removed":["Strike_B"],"damage_healed":0,"gold_gain":0,"player_choice":"Card Removal","damage_taken":7,"max_hp_gain":0,"max_hp_loss":0,"event_name":"Golden Wing","floor":5,"gold_loss":0},{"damage_healed":0,"gold_gain":0,"player_choice":"Donut","damage_taken":0,"max_hp_gain":5,"max_hp_loss":0,"event_name":"Big Fish","floor":8,"gold_loss":0},{"damage_healed":0,"gold_gain":0,"player_choice":"Bought 0 Potions","damage_taken":0,"max_hp_gain":0,"max_hp_loss":0,"event_name":"The Woman in Blue","floor":13,"gold_loss":0},{"damage_healed":0,"gold_gain":0,"player_choice":"Ignored","damage_taken":0,"max_hp_gain":0,"max_hp_loss":0,"event_name":"Vampires","floor":19,"gold_loss":0},{"damage_healed":0,"gold_gain":0,"player_choice":"Fought Bandits","damage_taken":0,"max_hp_gain":0,"max_hp_loss":0,"event_name":"Masked Bandits","floor":20,"gold_loss":0},{"damage_healed":0,"gold_gain":0,"player_choice":"Ignored","damage_taken":0,"max_hp_gain":0,"max_hp_loss":0,"event_name":"The Mausoleum","floor":29,"gold_loss":0}],"is_beta":false,"boss_relics":[{"not_picked":["Velvet Choker","Lizard Tail"],"picked":"Empty Cage"}],"items_purged_floors":[2,21,30],"is_endless":false,"potions_floor_spawned":[1,12,16,18,20,31],"killed_by":"Collector","ascension_level":15}