{"gold_per_floor":[113,126,126,140,151,183,183,108,108,108,108,124,159,175,175,299,299,320,320,230],"floor_reached":20,"playtime":1169,"items_purged":["Strike_R"],"score":184,"play_id":"ae5d38ad-cf85-4dbb-bac9-a849e129357f","local_time":"20190722094005","is_ascension_mode":false,"campfire_choices":[{"data":"Spot Weakness","floor":11,"key":"SMITH"},{"data":"Inflame","floor":15,"key":"SMITH"}],"neow_cost":"NONE","seed_source_timestamp":1062437078144316,"circlet_count":0,"master_deck":["Strike_R","Strike_R","Strike_R","Defend_R","Defend_R","Defend_R","Defend_R","Armaments","Armaments+1","Flex","Spot Weakness+1","Corruption","Flame Barrier","Inflame+1","Dark Embrace","Flex","Blood for Blood","Reckless Charge"],"relics":["Burning Blood","Ornamental Fan","Golden Idol","Pantograph","Kunai","White Beast Statue"],"potions_floor_usage":[6,6,12,16,20],"damage_taken":[{"damage":5,"enemies":"Small Slimes","floor":1,"turns":4},{"damage":5,"enemies":"Cultist","floor":2,"turns":4},{"damage":6,"enemies":"2 Louse","floor":4,"turns":3},{"damage":9,"enemies":"Blue Slaver","floor":5,"turns":4},{"damage":41,"enemies":"Lagavulin","floor":6,"turns":7},{"damage":16,"enemies":"Large Slime","floor":12,"turns":4},{"damage":24,"enemies":"Gremlin Nob","floor":13,"turns":4},{"damage":21,"enemies":"2 Fungi Beasts","floor":14,"turns":5},{"damage":11,"enemies":"Hexaghost","floor":16,"turns":7},{"damage":50,"enemies":"3 Byrds","floor":18,"turns":7},{"damage":38,"enemies":"2 Thieves","floor":20,"turns":3}],"seed_played":"-7563925452924357758","potions_obtained":[{"floor":1,"key":"PowerPotion"},{"floor":2,"key":"Ancient Potion"},{"floor":6,"key":"SkillPotion"},{"floor":13,"key":"AttackPotion"},{"floor":16,"key":"Weak Potion"},{"floor":18,"key":"GamblersBrew"}],"is_trial":false,"path_per_floor":["M","M","?","M","M","E","?","$","T","?","R","M","E","M","R","B",null,"M","?","M"],"character_chosen":"IRONCLAD","items_purchased":[],"campfire_rested":0,"item_purchase_floors":[],"current_hp_per_floor":[80,80,80,80,77,42,22,22,22,80,80,70,52,37,37,57,80,36,36,0],"gold":230,"neow_bonus":"THREE_CARDS","is_prod":false,"is_daily":false,"chose_seed":false,"campfire_upgraded":2,"win_rate":0.0,"timestamp":1563777605,"path_taken":["M","M","?","M","M","E","?","$","T","?","R","?","E","M","R","BOSS","M","?","M"],"build_version":"2019-07-17","purchased_purges":1,"victory":false,"max_hp_per_floor":[80,80,80,80,80,80,80,80,80,80,80,80,80,80,80,80,80,80,80,80],"card_choices":[{"not_picked":["Clothesline","Warcry"],"picked":"Armaments","floor":0},{"not_picked":["Hemokinesis","Thunderclap","Second Wind"],"picked":"SKIP","floor":1},{"not_picked":["Pommel Strike","Body Slam"],"picked":"Armaments","floor":2},{"not_picked":["True Grit","Rage","Armaments"],"picked":"SKIP","floor":4},{"not_picked":["Armaments","Perfected Strike"],"picked":"Flex","floor":5},{"not_picked":["Clothesline","Evolve"],"picked":"Spot Weakness","floor":6},{"not_picked":["Offering","Body Slam"],"picked":"Corruption","floor":12},{"not_picked":["Heavy Blade","Fire Breathing"],"picked":"Flame Barrier","floor":13},{"not_picked":["Sever Soul","Twin Strike"],"picked":"Inflame","floor":14},{"not_picked":["Brutality","Berserk"],"picked":"Dark Embrace","floor":16},{"not_picked":["Flex","Blood for Blood+1","True Grit+1"],"picked":"SKIP","floor":18},{"not_picked":["Blood for Blood+1","True Grit+1"],"picked":"Flex","floor":18}],"player_experience":67793,"relics_obtained":[{"floor":6,"key":"Ornamental Fan"},{"floor":9,"key":"Pantograph"},{"floor":13,"key":"Kunai"}],"event_choices":[{"damage_healed":0,"gold_gain":0,"player_choice":"Grow","damage_taken":0,"max_hp_gain":0,"max_hp_loss":0,"event_name":"Living Wall","floor":3,"gold_loss":0,"cards_upgraded":["Armaments"]},{"damage_healed":0,"gold_gain":0,"player_choice":"Take Damage","damage_taken":20,"relics_obtained":["Golden Idol"],"max_hp_gain":0,"max_hp_loss":0,"event_name":"Golden Idol","floor":7,"gold_loss":0},{"damage_healed":58,"gold_gain":0,"player_choice":"Full Heal","damage_taken":0,"max_hp_gain":0,"max_hp_loss":0,"event_name":"Wheel of Change","floor":10,"gold_loss":0},{"damage_healed":0,"gold_gain":0,"cards_transformed":["Bash","Strike_R"],"player_choice":"Became Test Subject","damage_taken":0,"max_hp_gain":0,"max_hp_loss":0,"event_name":"Drug Dealer","floor":19,"gold_loss":0,"cards_obtained":["Blood for Blood","Reckless Charge"]}],"is_beta":false,"boss_relics":[{"not_picked":["Busted Crown","Calling Bell"],"picked":"White Beast Statue"}],"items_purged_floors":[8],"is_endless":false,"potions_floor_spawned":[1,2,6,13,16,18],"killed_by":"2 Thieves","ascension_level":0}