{"gold_per_floor":[110,35,35,50,64,64,96,96,96,123,135,149,169,194,194,268,268,279,292,25,25,42,42,70,70,70,70,99,24,74,84,84,163,163,182,182,201,301,319,319,319,344,344,376,391,206,216,233,233,233,233,233,32,58,58],"floor_reached":56,"playtime":5470,"items_purged":["Parasite","Parasite","Strike_G+1"],"score":1991,"play_id":"4cda260d-2767-43a9-831a-2c2e963e0c8e","local_time":"20190505141242","is_ascension_mode":true,"campfire_choices":[{"data":"Neutralize","floor":6.0,"key":"SMITH"},{"floor":8.0,"key":"REST"},{"data":"Footwork","floor":15.0,"key":"SMITH"},{"floor":23.0,"key":"REST"},{"floor":25.0,"key":"REST"},{"floor":32.0,"key":"REST"},{"floor":40,"key":"REST"},{"floor":49,"key":"RECALL"},{"floor":52,"key":"REST"}],"neow_cost":"NONE","seed_source_timestamp":0,"circlet_count":0,"master_deck":["AscendersBane","Defend_G+1","Defend_G+1","Defend_G+1","Defend_G+1","Strike_G+1","Strike_G+1","Strike_G+1","Strike_G+1","Survivor","Neutralize+1","Footwork+1","Dagger Throw","Cloak And Dagger","Noxious Fumes","Deflect","Poisoned Stab","Deflect","Unload","Noxious Fumes","Deadly Poison+1","Dagger Throw+1","Acrobatics","Acrobatics","Outmaneuver+1","Concentrate","Footwork","Concentrate+1","Prepared+1","Deflect","Slice","Blur+1"],"special_seed":0,"relics":["Ring of the Snake","Lantern","Happy Flower","Centennial Puzzle","Ancient Tea Set","Gremlin Horn","Cursed Key","Medical Kit","Nilry\u0027s Codex","Anchor","Bag of Preparation","Unceasing Top","Fusion Hammer","Tingsha","Turnip","Sundial","Bottled Tornado"],"potions_floor_usage":[50,50],"damage_taken":[{"damage":2.0,"enemies":"2 Louse","floor":1.0,"turns":3.0},{"damage":4.0,"enemies":"Jaw Worm","floor":4.0,"turns":7.0},{"damage":0.0,"enemies":"Cultist","floor":5.0,"turns":4.0},{"damage":22.0,"enemies":"Lagavulin","floor":7.0,"turns":6.0},{"damage":14.0,"enemies":"Gremlin Nob","floor":10.0,"turns":5.0},{"damage":0.0,"enemies":"2 Fungi Beasts","floor":11.0,"turns":4.0},{"damage":5.0,"enemies":"3 Louse","floor":12.0,"turns":3.0},{"damage":0.0,"enemies":"Blue Slaver","floor":13.0,"turns":3.0},{"damage":8.0,"enemies":"Lagavulin","floor":14.0,"turns":5.0},{"damage":20.0,"enemies":"Slime Boss","floor":16.0,"turns":10.0},{"damage":4.0,"enemies":"Spheric Guardian","floor":18.0,"turns":4.0},{"damage":7.0,"enemies":"3 Byrds","floor":19.0,"turns":5.0},{"damage":13.0,"enemies":"3 Cultists","floor":22.0,"turns":4.0},{"damage":5.0,"enemies":"Gremlin Leader","floor":24.0,"turns":6.0},{"damage":7.0,"enemies":"Slavers","floor":28.0,"turns":4.0},{"damage":11.0,"enemies":"Sentry and Sphere","floor":31.0,"turns":5.0},{"damage":29.0,"enemies":"Automaton","floor":33.0,"turns":11.0},{"damage":2.0,"enemies":"3 Shapes","floor":35.0,"turns":4.0},{"damage":0.0,"enemies":"Orb Walker","floor":37.0,"turns":3.0},{"damage":0.0,"enemies":"Mind Bloom Boss Battle","floor":38.0,"turns":6.0},{"damage":14,"enemies":"Sphere and 2 Shapes","floor":39,"turns":4},{"damage":10,"enemies":"Reptomancer","floor":42,"turns":6},{"damage":4,"enemies":"Nemesis","floor":44,"turns":7},{"damage":24,"enemies":"3 Darklings","floor":45,"turns":4},{"damage":0,"enemies":"Transient","floor":47,"turns":5},{"damage":0,"enemies":"Maw","floor":48,"turns":5},{"damage":27,"enemies":"Time Eater","floor":50,"turns":11},{"damage":29,"enemies":"Shield and Spear","floor":54,"turns":7},{"damage":24,"enemies":"The Heart","floor":55,"turns":9}],"seed_played":"196797451426678565","potions_obtained":[{"floor":4.0,"key":"Fire Potion"},{"floor":5.0,"key":"Block Potion"},{"floor":12.0,"key":"AttackPotion"},{"floor":14.0,"key":"Explosive Potion"},{"floor":24.0,"key":"Ancient Potion"},{"floor":28.0,"key":"FearPotion"},{"floor":33.0,"key":"SpeedPotion"},{"floor":47,"key":"Regen Potion"},{"floor":54,"key":"AttackPotion"}],"is_trial":false,"path_per_floor":["M","?","T","M","M","R","E","R","T","E","M","M","M","E","R","B",null,"M","M","$","?","M","R","E","R","T","?","E","$","?","M","R","B",null,"M","?","M","?","M","R","?","E","T","E","M","$","M","M","R","B",null,"R","$","E","B",null],"character_chosen":"THE_SILENT","items_purchased":["Medical Kit","Acrobatics","Footwork","Deflect","Slice"],"campfire_rested":6,"item_purchase_floors":[20,20,46,53,53],"current_hp_per_floor":[63,63,63,59,59,59,37,58,58,44,44,39,39,31,31,11,57,53,46,46,25,12,33,28,49,49,49,42,42,42,31,51,22,57,55,51,51,51,37,57,57,47,47,43,19,19,19,19,19,7,51,66,66,37,13],"gold":58,"neow_bonus":"TEN_PERCENT_HP_BONUS","is_prod":false,"is_daily":false,"chose_seed":false,"campfire_upgraded":2,"win_rate":0,"timestamp":1557058362,"path_taken":["M","?","?","M","M","R","E","R","T","E","M","?","M","E","R","BOSS","M","M","$","?","M","R","E","R","T","?","E","$","?","M","R","BOSS","M","?","?","?","M","R","?","E","T","E","M","$","?","M","R","BOSS","R","$","E","BOSS"],"build_version":"2019-01-23","purchased_purges":3,"victory":true,"max_hp_per_floor":[72,72,72,72,72,72,72,72,72,72,72,72,72,72,72,72,72,72,72,72,72,72,72,72,72,72,72,72,69,69,69,69,69,69,69,69,69,69,69,69,69,69,69,69,69,66,66,66,66,66,66,66,66,66,66],"card_choices":[{"not_picked":["Quick Slash","Deadly Poison"],"picked":"Footwork","floor":1.0},{"not_picked":["Underhanded Strike","Flying Knee"],"picked":"Dagger Throw","floor":4.0},{"not_picked":["Endless Agony","PiercingWail"],"picked":"Cloak And Dagger","floor":5.0},{"not_picked":["Acrobatics","Sucker Punch"],"picked":"Noxious Fumes","floor":7.0},{"not_picked":["Underhanded Strike","Calculated Gamble"],"picked":"Deflect","floor":10.0},{"not_picked":["Tactician","PiercingWail"],"picked":"Poisoned Stab","floor":11.0},{"not_picked":["Accuracy","Infinite Blades"],"picked":"Deflect","floor":12.0},{"not_picked":["Dagger Spray","Caltrops"],"picked":"Unload","floor":13.0},{"not_picked":["Dodge and Roll","Blade Dance"],"picked":"Noxious Fumes","floor":14.0},{"not_picked":["Poisoned Stab","Dagger Throw"],"picked":"Deadly Poison+1","floor":18.0},{"not_picked":["Poisoned Stab","Sucker Punch"],"picked":"Dagger Throw+1","floor":19.0},{"not_picked":["Flechettes","Masterful Stab","Blade Dance"],"picked":"SKIP","floor":22.0},{"not_picked":["Deflect","Backstab","Venomology"],"picked":"SKIP","floor":24.0},{"not_picked":["Flying Knee","Terror","Dagger Throw"],"picked":"SKIP","floor":28.0},{"not_picked":["PiercingWail","Heel Hook+1"],"picked":"Acrobatics","floor":31.0},{"not_picked":["Poisoned Stab","Accuracy+1","Underhanded Strike"],"picked":"SKIP","floor":35.0},{"not_picked":["Finisher","Accuracy","Backflip"],"picked":"SKIP","floor":37.0},{"not_picked":["Dagger Throw","Doppelganger","Deadly Poison"],"picked":"SKIP","floor":39},{"not_picked":["Dagger Throw","Cloak And Dagger+1","Poisoned Stab"],"picked":"SKIP","floor":42},{"not_picked":["Flying Knee","Escape Plan"],"picked":"Outmaneuver+1","floor":44},{"not_picked":["Accuracy+1","Dagger Spray"],"picked":"Concentrate","floor":45},{"not_picked":["Dodge and Roll","Underhanded Strike"],"picked":"Concentrate+1","floor":47},{"not_picked":["Deflect","Corpse Explosion"],"picked":"Prepared+1","floor":48},{"not_picked":["Deflect","Poisoned Stab+1"],"picked":"Blur+1","floor":54}],"player_experience":551224,"relics_obtained":[{"floor":3.0,"key":"Lantern"},{"floor":7.0,"key":"Happy Flower"},{"floor":9.0,"key":"Centennial Puzzle"},{"floor":10.0,"key":"Ancient Tea Set"},{"floor":14.0,"key":"Gremlin Horn"},{"floor":21.0,"key":"Nilry\u0027s Codex"},{"floor":24.0,"key":"Anchor"},{"floor":26.0,"key":"Bag of Preparation"},{"floor":28.0,"key":"Unceasing Top"},{"floor":38,"key":"Tingsha"},{"floor":42,"key":"Turnip"},{"floor":44,"key":"Sundial"},{"floor":54,"key":"Bottled Tornado"}],"event_choices":[{"cards_removed":["Defend_G"],"damage_healed":0.0,"max_hp_gain":0.0,"max_hp_loss":0.0,"gold_gain":0.0,"event_name":"The Cleric","player_choice":"Card Removal","floor":2.0,"gold_loss":75.0,"damage_taken":0.0},{"damage_healed":0.0,"max_hp_gain":0.0,"max_hp_loss":0.0,"gold_gain":0.0,"event_name":"Cursed Tome","player_choice":"Obtained Book","floor":21.0,"gold_loss":0.0,"damage_taken":21.0},{"damage_healed":0.0,"max_hp_gain":0.0,"max_hp_loss":0.0,"gold_gain":0.0,"event_name":"Back to Basics","player_choice":"Simplicity","floor":27.0,"gold_loss":0.0,"damage_taken":0.0,"cards_upgraded":["Defend_G","Defend_G","Defend_G","Defend_G","Strike_G","Strike_G","Strike_G","Strike_G","Strike_G"]},{"damage_healed":0.0,"max_hp_gain":0.0,"max_hp_loss":0.0,"gold_gain":50.0,"event_name":"Nest","player_choice":"Stole From Cult","floor":30.0,"gold_loss":0.0,"damage_taken":0.0},{"damage_healed":0.0,"max_hp_gain":0.0,"max_hp_loss":0.0,"gold_gain":0.0,"event_name":"The Woman in Blue","player_choice":"Bought 0 Potions","floor":36.0,"gold_loss":0.0,"damage_taken":0.0},{"damage_healed":0.0,"max_hp_gain":0.0,"max_hp_loss":0.0,"gold_gain":0.0,"event_name":"MindBloom","player_choice":"Fight","floor":38.0,"gold_loss":0.0,"damage_taken":0.0},{"damage_healed":0,"gold_gain":0,"player_choice":"0 cards matched","damage_taken":0,"max_hp_gain":0,"max_hp_loss":0,"event_name":"Match and Keep!","floor":41,"gold_loss":0,"cards_obtained":[]}],"is_beta":false,"boss_relics":[{"not_picked":["Velvet Choker","Ectoplasm"],"picked":"Cursed Key"},{"not_picked":["Coffee Dripper","White Beast Statue"],"picked":"Fusion Hammer"}],"items_purged_floors":[29,46,53],"is_endless":false,"potions_floor_spawned":[4,5,12,14,24,28,33,35,39,42,47,54],"ascension_level":16}