{"gold_per_floor":[11,25,25,25,42,76,76,76,76,108,123,137,154,186,186,288,288,307,59,59,59,59,59,89,102,127,147,147,181,280,307,307,403,403,422,422,58,58,58,83,83,83,138,138,158,169,169,69,69,69],"floor_reached":51,"playtime":1965,"items_purged":["Strike_G","Normality"],"score":1091,"play_id":"433d52ab-799f-4c85-b32b-6bac2d83cfcc","local_time":"20180918213650","is_ascension_mode":true,"campfire_choices":[{"data":"Blade Dance","floor":8,"key":"SMITH"},{"data":"Malaise","floor":15,"key":"SMITH"},{"data":"Neutralize","floor":23,"key":"SMITH"},{"data":"Noxious Fumes","floor":28,"key":"SMITH"},{"data":"1","floor":32,"key":"LIFT"},{"data":"2","floor":47,"key":"LIFT"},{"data":"3","floor":49,"key":"LIFT"}],"neow_cost":"NO_GOLD","seed_source_timestamp":35222295232243,"circlet_count":0,"master_deck":["Defend_G","Defend_G","Defend_G","Defend_G","Defend_G","Strike_G","Strike_G","Survivor","Neutralize+1","Malaise+1","Blade Dance+1","Backstab","Dash","Finisher","After Image","Infinite Blades","Glass Knife","Noxious Fumes+1","Backflip","Sucker Punch+1","Shame","Deflect+1","Prepared+1","Dagger Spray+1","Parasite","Thinking Ahead","Slice+1"],"special_seed":0,"relics":["Ring of the Snake","Vajra","Dead Branch","Darkstone Periapt","Pear","Bottled Flame","Cursed Key","Paper Crane","Lantern","Happy Flower","Centennial Puzzle","Girya","Shuriken","Sozu","Mango","Tingsha","Oddly Smooth Stone","Letter Opener","Bronze Scales"],"potions_floor_usage":[16,24,29,29,29,40],"damage_taken":[{"damage":0,"enemies":"Jaw Worm","floor":1,"turns":7},{"damage":0,"enemies":"2 Louse","floor":2,"turns":3},{"damage":0,"enemies":"Small Slimes","floor":5,"turns":3},{"damage":10,"enemies":"3 Sentries","floor":6,"turns":13},{"damage":10,"enemies":"Lagavulin","floor":10,"turns":9},{"damage":1,"enemies":"Exordium Wildlife","floor":11,"turns":2},{"damage":6,"enemies":"Large Slime","floor":12,"turns":4},{"damage":1,"enemies":"Gremlin Gang","floor":13,"turns":4},{"damage":2,"enemies":"Gremlin Nob","floor":14,"turns":3},{"damage":3,"enemies":"The Guardian","floor":16,"turns":8},{"damage":0,"enemies":"2 Thieves","floor":18,"turns":4},{"damage":0,"enemies":"Gremlin Leader","floor":24,"turns":8},{"damage":3,"enemies":"Shell Parasite","floor":25,"turns":3},{"damage":10,"enemies":"Centurion and Healer","floor":27,"turns":4},{"damage":0,"enemies":"Slavers","floor":29,"turns":3},{"damage":0,"enemies":"Gremlin Leader","floor":31,"turns":5},{"damage":0,"enemies":"Champ","floor":33,"turns":9},{"damage":0,"enemies":"3 Darklings","floor":35,"turns":1},{"damage":0,"enemies":"Mind Bloom Boss Battle","floor":36,"turns":5},{"damage":0,"enemies":"2 Orb Walkers","floor":40,"turns":5},{"damage":0,"enemies":"Orb Walker","floor":45,"turns":3},{"damage":0,"enemies":"Sphere and 2 Shapes","floor":46,"turns":2},{"damage":31,"enemies":"Time Eater","floor":50,"turns":8}],"seed_played":"2028359361444985526","potions_obtained":[{"floor":6,"key":"GhostInAJar"},{"floor":10,"key":"Energy Potion"},{"floor":12,"key":"Weak Potion"},{"floor":25,"key":"Energy Potion"},{"floor":27,"key":"SteroidPotion"}],"is_trial":false,"path_per_floor":["M","M","$","?","M","E","?","R","T","E","M","M","M","E","R","B",null,"M","$","?","?","$","R","E","M","T","M","R","E","?","E","R","B",null,"M","?","$","?","T","E","$","?","T","?","M","M","R","$","R","B"],"character_chosen":"THE_SILENT","items_purchased":["Paper Crane","Tingsha"],"campfire_rested":0,"item_purchase_floors":[19,37],"current_hp_per_floor":[70,70,70,63,63,53,46,46,46,46,45,39,38,36,36,33,80,80,80,80,80,80,80,80,77,83,73,73,73,73,73,73,73,86,86,100,100,100,106,106,106,106,112,112,112,112,112,112,112,81],"gold":69,"neow_bonus":"THREE_RARE_CARDS","is_prod":false,"is_daily":false,"chose_seed":false,"campfire_upgraded":4,"win_rate":1,"timestamp":1537277810,"path_taken":["M","M","$","?","M","E","?","R","T","E","?","M","M","E","R","BOSS","M","$","?","?","$","R","E","?","T","M","R","E","?","E","R","BOSS","M","?","$","?","?","E","?","?","T","?","?","M","R","$","R","BOSS"],"build_version":"2018-09-06","purchased_purges":2,"victory":true,"max_hp_per_floor":[70,70,70,70,70,70,70,70,70,80,80,80,80,80,80,80,80,80,80,80,80,80,80,80,80,86,86,86,86,86,86,86,86,86,86,100,100,100,106,106,106,106,112,112,112,112,112,112,112,112],"card_choices":[{"not_picked":["Die Die Die","Phantasmal Killer"],"picked":"Malaise","floor":0},{"not_picked":["Sucker Punch","Bane"],"picked":"Blade Dance","floor":1},{"not_picked":["Poisoned Stab","Dagger Spray"],"picked":"Backstab","floor":2},{"not_picked":["Dagger Throw","Deadly Poison"],"picked":"Dash","floor":5},{"not_picked":["Expertise","All Out Attack"],"picked":"Finisher","floor":6},{"not_picked":["Quick Slash","Finisher","Deflect"],"picked":"SKIP","floor":10},{"not_picked":["All Out Attack","Poisoned Stab","Catalyst"],"picked":"SKIP","floor":11},{"not_picked":["Outmaneuver","Prepared"],"picked":"After Image","floor":12},{"not_picked":["Riddle With Holes","Acrobatics"],"picked":"Infinite Blades","floor":13},{"not_picked":["All Out Attack","Leg Sweep","Blade Dance"],"picked":"SKIP","floor":14},{"not_picked":["Wraith Form v2","Doppelganger"],"picked":"Glass Knife","floor":16},{"not_picked":["Dagger Throw","Sucker Punch+1"],"picked":"Noxious Fumes","floor":18},{"not_picked":["Blade Dance+1","Choke"],"picked":"Backflip","floor":24},{"not_picked":["Blade Dance","Poisoned Stab"],"picked":"Sucker Punch+1","floor":25},{"not_picked":["Quick Slash","Backflip"],"picked":"Deflect+1","floor":27},{"not_picked":["Calculated Gamble","PiercingWail","Poisoned Stab+1"],"picked":"SKIP","floor":29},{"not_picked":["Unload","Bouncing Flask","Flying Knee"],"picked":"SKIP","floor":31},{"not_picked":["Deadly Poison","Underhanded Strike+1"],"picked":"Prepared+1","floor":35},{"not_picked":["Unload","Riddle With Holes+1"],"picked":"Dagger Spray+1","floor":40},{"not_picked":["Metamorphosis","Mind Blast"],"picked":"Thinking Ahead","floor":44},{"not_picked":["Crippling Poison","Outmaneuver+1"],"picked":"Slice+1","floor":45},{"not_picked":["Heel Hook+1","Backflip","All Out Attack"],"picked":"SKIP","floor":46}],"player_experience":13594,"relics_obtained":[{"floor":6,"key":"Vajra"},{"floor":9,"key":"Darkstone Periapt"},{"floor":10,"key":"Pear"},{"floor":14,"key":"Bottled Flame"},{"floor":24,"key":"Happy Flower"},{"floor":26,"key":"Centennial Puzzle"},{"floor":29,"key":"Girya"},{"floor":31,"key":"Shuriken"},{"floor":36,"key":"Mango"},{"floor":39,"key":"Oddly Smooth Stone"},{"floor":40,"key":"Letter Opener"},{"floor":43,"key":"Bronze Scales"}],"event_choices":[{"event_name":"Golden Wing","player_choice":"Card Removal","floor":4,"damage_taken":0},{"event_name":"Scrap Ooze","player_choice":"success","floor":7,"damage_taken":7},{"event_name":"WeMeetAgain","player_choice":"Potion","floor":20,"damage_taken":0},{"event_name":"Ghosts","player_choice":"Ignored","floor":21,"damage_taken":0},{"event_name":"Nest","player_choice":"Stole From Cult","floor":30,"damage_taken":0},{"event_name":"MindBloom","player_choice":"Fight","floor":36,"damage_taken":0},{"event_name":"Falling","player_choice":"Removed Attack","floor":38,"damage_taken":0},{"event_name":"Tomb of Lord Red Mask","player_choice":"Ignored","floor":42,"damage_taken":0},{"event_name":"SensoryStone","player_choice":"Memory 1","floor":44,"damage_taken":0}],"is_beta":false,"boss_relics":[{"not_picked":["White Beast Statue","Velvet Choker"],"picked":"Cursed Key"},{"not_picked":["HoveringKite","Philosopher\u0027s Stone"],"picked":"Sozu"}],"items_purged_floors":[37,48],"is_endless":false,"potions_floor_spawned":[6,10,12,18,25,27,36,40,45,46],"ascension_level":1}