{"gold_per_floor":[114,127,0,0,0,0,17,49,49,49,62,78,78,52,52,52],"floor_reached":16,"playtime":373,"items_purged":["Strike_G"],"score":200,"play_id":"ed42add2-8d54-468b-af38-b4fccdfba5cb","local_time":"20190803001810","is_ascension_mode":true,"campfire_choices":[{"data":"Cloak And Dagger","floor":6.0,"key":"SMITH"},{"data":"Reflex","floor":10.0,"key":"SMITH"},{"data":"Blade Dance","floor":15,"key":"SMITH"}],"neow_cost":"TEN_PERCENT_HP_LOSS","seed_source_timestamp":453880506915839,"circlet_count":0,"master_deck":["AscendersBane","Strike_G","Strike_G","Defend_G","Defend_G","Defend_G","Survivor","Neutralize","Infinite Blades","Reflex+1","Cloak And Dagger+1","Escape Plan","Choke","Blade Dance+1"],"special_seed":0,"relics":["Ring of the Snake","Matryoshka","Bronze Scales"],"potions_floor_usage":[],"damage_taken":[{"damage":1.0,"enemies":"Small Slimes","floor":1.0,"turns":4.0},{"damage":0.0,"enemies":"Jaw Worm","floor":2.0,"turns":5.0},{"damage":0.0,"enemies":"Cultist","floor":7.0,"turns":4.0},{"damage":35.0,"enemies":"Lagavulin","floor":8.0,"turns":9.0},{"damage":11.0,"enemies":"Large Slime","floor":11.0,"turns":6.0},{"damage":1.0,"enemies":"Blue Slaver","floor":12.0,"turns":3.0},{"damage":0,"enemies":"Slime Boss","floor":16,"turns":4}],"seed_played":"-8551495820752797666","potions_obtained":[{"floor":2.0,"key":"Explosive Potion"},{"floor":7.0,"key":"Explosive Potion"}],"is_trial":false,"path_per_floor":["M","M","$","?","?","R","M","E","T","R","M","M","?","$","R","B"],"character_chosen":"THE_SILENT","items_purchased":["Cloak And Dagger","Blade Dance"],"campfire_rested":0,"item_purchase_floors":[3,14],"current_hp_per_floor":[58,58,58,58,58,58,58,23,23,23,12,11,11,11,11,11],"gold":52,"neow_bonus":"REMOVE_TWO","is_prod":false,"is_daily":false,"chose_seed":false,"campfire_upgraded":3,"win_rate":0,"timestamp":1564759090,"path_taken":["M","M","$","?","?","R","M","E","T","R","M","?","?","$","R","BOSS"],"build_version":"2019-07-17","purchased_purges":1,"victory":false,"max_hp_per_floor":[60,60,60,60,60,60,60,60,60,60,60,60,60,60,60,60],"card_choices":[{"not_picked":["Deflect","Cloak And Dagger"],"picked":"Infinite Blades","floor":1.0},{"not_picked":["Flying Knee","Sucker Punch"],"picked":"Reflex","floor":2.0},{"not_picked":["Quick Slash","Dagger Spray"],"picked":"Escape Plan","floor":7.0},{"not_picked":["Quick Slash","Dodge and Roll","Bane"],"picked":"SKIP","floor":8.0},{"not_picked":["Masterful Stab","Bane"],"picked":"Choke","floor":11.0},{"not_picked":["Reflex","Dagger Throw","Blur"],"picked":"SKIP","floor":12.0}],"player_experience":739542,"relics_obtained":[{"floor":8.0,"key":"Matryoshka"},{"floor":9.0,"key":"Bronze Scales"}],"event_choices":[{"damage_healed":0.0,"max_hp_gain":0.0,"max_hp_loss":0.0,"gold_gain":0.0,"event_name":"Liars Game","player_choice":"Ignored","floor":4.0,"gold_loss":0.0,"damage_taken":0.0},{"cards_removed":["Defend_G"],"damage_healed":0.0,"max_hp_gain":0.0,"max_hp_loss":0.0,"gold_gain":0.0,"event_name":"Bonfire Elementals","player_choice":"Offered Basic","floor":5.0,"gold_loss":0.0,"damage_taken":0.0},{"cards_removed":["Strike_G"],"damage_healed":0,"gold_gain":0,"player_choice":"Forget","damage_taken":0,"max_hp_gain":0,"max_hp_loss":0,"event_name":"Living Wall","floor":13,"gold_loss":0}],"is_beta":false,"boss_relics":[],"items_purged_floors":[3],"is_endless":false,"potions_floor_spawned":[2,7],"killed_by":"Slime Boss","ascension_level":20}