{"path_per_floor":["M","M","M","M","?","R","?","R","T","M","E"],"character_chosen":"DEFECT","items_purchased":[],"gold_per_floor":[114,129,144,159,159,159,159,159,184,203,241,241],"floor_reached":12,"campfire_rested":0,"playtime":261,"item_purchase_floors":[],"current_hp_per_floor":[69,62,50,39,39,39,39,39,39,32,12,0],"items_purged":[],"gold":241,"score":105,"play_id":"cd0fde3c-7917-45f0-b571-e553df168594","local_time":"20180521163627","daily_mods":["Specialized","Uncertain Future","Night Terrors"],"is_prod":false,"is_daily":true,"chose_seed":false,"is_ascension_mode":false,"campfire_upgraded":2,"timestamp":1526891787,"campfire_choices":[{"data":"White Noise","floor":6,"key":"SMITH"},{"data":"Zap","floor":8,"key":"SMITH"}],"path_taken":["M","M","M","M","?","R","?","R","T","M","E","M"],"build_version":"2018-05-18","seed_source_timestamp":0,"purchased_purges":0,"victory":false,"master_deck":["Strike_B","Strike_B","Strike_B","Strike_B","Defend_B","Defend_B","Defend_B","Defend_B","Zap+1","Dualcast","Nova","Nova","Nova","Nova","Nova","Static Discharge","White Noise+1","Capacitor"],"max_hp_per_floor":[75,75,75,75,69,69,69,69,69,69,69,69],"relics":["Cracked Core","Golden Idol","Potion Belt","Question Card"],"card_choices":[{"not_picked":["Sunder","Leap"],"picked":"Static Discharge","floor":1},{"not_picked":["Darkness","Barrage","Streamline"],"picked":"SKIP","floor":2},{"not_picked":["Rebound","Cold Snap"],"picked":"White Noise","floor":3},{"not_picked":["Skim","Glacier"],"picked":"Capacitor","floor":4},{"not_picked":["Skim","Turbo","Recycle"],"picked":"SKIP","floor":10},{"not_picked":["Hyperbeam","Streamline","Cold Snap"],"picked":"SKIP","floor":11}],"player_experience":484029,"potions_floor_usage":[11,11],"damage_taken":[{"damage":6,"enemies":"Jaw Worm","floor":1,"turns":3},{"damage":7,"enemies":"2 Louse","floor":2,"turns":4},{"damage":12,"enemies":"Small Slimes","floor":3,"turns":3},{"damage":11,"enemies":"Blue Slaver","floor":4,"turns":4},{"damage":7,"enemies":"2 Fungi Beasts","floor":10,"turns":2},{"damage":20,"enemies":"Gremlin Nob","floor":11,"turns":4},{"damage":12,"enemies":"Gremlin Gang","floor":12,"turns":1}],"relics_obtained":[{"floor":9,"key":"Potion Belt"},{"floor":11,"key":"Question Card"}],"event_choices":[{"event_name":"Golden Idol","player_choice":"Lose Max HP","floor":5,"damage_taken":0},{"event_name":"Liars Game","player_choice":"disagreed","floor":7,"damage_taken":0}],"boss_relics":[],"items_purged_floors":[],"potions_floor_spawned":[1,3,11],"seed_played":"5168820765892798264","killed_by":"Gremlin Gang","ascension_level":0,"potions_obtained":[{"floor":1,"key":"Block Potion"},{"floor":3,"key":"Fire Potion"},{"floor":11,"key":"Dexterity Potion"}],"is_trial":false}