{"gold_per_floor":[116,129,129,204,204,204,22,50,50,50,66,84,84,84,84,163,163,183,108,124,124,135,135,164,164,164,175,175,188,30,30,30,104,104,116,116,116,116,131,131,131],"floor_reached":41,"playtime":947,"items_purged":["Defend_R","Strike_R"],"score":914,"play_id":"6f95f694-40b5-4b18-af9f-d4af5e5cfb4b","local_time":"20180924153424","is_ascension_mode":true,"campfire_choices":[{"data":"Flex","floor":6.0,"key":"SMITH"},{"data":"Limit Break","floor":10.0,"key":"SMITH"},{"data":"Armaments","floor":13.0,"key":"SMITH"},{"data":"Spot Weakness","floor":15.0,"key":"SMITH"},{"data":"Whirlwind","floor":23.0,"key":"SMITH"},{"data":"Shrug It Off","floor":28.0,"key":"SMITH"},{"floor":32.0,"key":"REST"},{"floor":40.0,"key":"REST"}],"neow_cost":"NONE","seed_source_timestamp":0,"circlet_count":0,"master_deck":["Strike_R","Strike_R","Strike_R","Defend_R","Defend_R","Bash","AscendersBane","Flex+1","Shrug It Off+1","Limit Break+1","Armaments+1","Spot Weakness+1","Impervious","Whirlwind+1","Second Wind+1","Heavy Blade"],"special_seed":0,"relics":["Burning Blood","NeowsBlessing","Turnip","Meat on the Bone","Velvet Choker","Ginger","Toxic Egg 2","Fusion Hammer"],"potions_floor_usage":[],"damage_taken":[{"damage":0.0,"enemies":"Jaw Worm","floor":1.0,"turns":1.0},{"damage":0.0,"enemies":"Small Slimes","floor":2.0,"turns":1.0},{"damage":0.0,"enemies":"3 Sentries","floor":8.0,"turns":2.0},{"damage":8.0,"enemies":"2 Louse","floor":11.0,"turns":4.0},{"damage":1.0,"enemies":"Looter","floor":12.0,"turns":4.0},{"damage":35.0,"enemies":"Hexaghost","floor":16.0,"turns":9.0},{"damage":6.0,"enemies":"Shell Parasite","floor":18.0,"turns":4.0},{"damage":13.0,"enemies":"2 Thieves","floor":20.0,"turns":5.0},{"damage":15.0,"enemies":"Snecko","floor":22.0,"turns":4.0},{"damage":10.0,"enemies":"Gremlin Leader","floor":24.0,"turns":6.0},{"damage":17.0,"enemies":"Centurion and Healer","floor":27.0,"turns":4.0},{"damage":42.0,"enemies":"Snake Plant","floor":29.0,"turns":5.0},{"damage":51.0,"enemies":"Collector","floor":33.0,"turns":7.0},{"damage":0.0,"enemies":"3 Shapes","floor":35.0,"turns":5.0},{"damage":10.0,"enemies":"3 Darklings","floor":39.0,"turns":4.0},{"damage":77,"enemies":"Giant Head","floor":41,"turns":5}],"seed_played":"-1928659880106705322","potions_obtained":[{"floor":11.0,"key":"Explosive Potion"},{"floor":12.0,"key":"Swift Potion"},{"floor":20.0,"key":"Fire Potion"},{"floor":22.0,"key":"EssenceOfSteel"},{"floor":29.0,"key":"Explosive Potion"},{"floor":33.0,"key":"Block Potion"}],"is_trial":false,"path_per_floor":["M","M","?","?","?","R","$","E","T","R","M","M","R","?","R","B",null,"M","$","M","?","M","R","E","?","T","M","R","M","$","$","R","B",null,"M","?","$","?","M","R"],"character_chosen":"IRONCLAD","items_purchased":["Limit Break","Heavy Blade"],"campfire_rested":2,"item_purchase_floors":[7,30],"current_hp_per_floor":[74,75,80,69,69,69,69,75,75,75,73,78,78,71,71,54,74,74,74,67,67,58,58,54,54,54,55,55,31,31,31,55,22,66,72,72,72,72,68,76,0],"gold":131,"neow_bonus":"THREE_ENEMY_KILL","is_prod":false,"is_daily":false,"chose_seed":false,"campfire_upgraded":6,"win_rate":0,"timestamp":1537774464,"path_taken":["M","M","?","?","?","R","$","E","T","R","M","?","R","?","R","BOSS","M","$","M","?","?","R","E","?","T","M","R","M","?","$","R","BOSS","M","?","$","?","M","R","E"],"build_version":"2018-09-20","purchased_purges":2,"victory":false,"max_hp_per_floor":[75,75,80,80,80,80,80,80,80,80,80,80,80,80,80,80,80,80,80,80,80,80,80,80,80,80,80,80,80,80,80,80,80,80,80,80,80,76,76,76,76],"card_choices":[{"not_picked":["Pommel Strike","Twin Strike"],"picked":"Flex","floor":1.0},{"not_picked":["Sword Boomerang","Anger"],"picked":"Shrug It Off","floor":2.0},{"not_picked":["Brutality","Entrench","Reckless Charge"],"picked":"SKIP","floor":8.0},{"not_picked":["Clash","Anger"],"picked":"Armaments","floor":11.0},{"not_picked":["Anger","Thunderclap"],"picked":"Spot Weakness","floor":12.0},{"not_picked":["Dark Embrace","Immolate"],"picked":"Impervious","floor":16.0},{"not_picked":["Rage+1","Disarm"],"picked":"Whirlwind","floor":18.0},{"not_picked":["Armaments+1","Metallicize","Second Wind"],"picked":"SKIP","floor":20.0},{"not_picked":["Corruption","Anger","Pommel Strike"],"picked":"SKIP","floor":22.0},{"not_picked":["True Grit","Perfected Strike","Power Through"],"picked":"SKIP","floor":24.0},{"not_picked":["Havoc+1","Feel No Pain"],"picked":"Second Wind+1","floor":27.0},{"not_picked":["Anger","Dual Wield+1","Fire Breathing"],"picked":"SKIP","floor":29.0},{"not_picked":["Spot Weakness+1","Heavy Blade","Infernal Blade+1"],"picked":"SKIP","floor":35.0},{"not_picked":["Dual Wield+1","Cleave","Dropkick"],"picked":"SKIP","floor":39.0}],"player_experience":127763,"relics_obtained":[{"floor":8.0,"key":"Turnip"},{"floor":9.0,"key":"Meat on the Bone"},{"floor":24.0,"key":"Ginger"},{"floor":26.0,"key":"Toxic Egg 2"}],"event_choices":[{"event_name":"Big Fish","player_choice":"Donut","floor":3.0,"damage_taken":0.0},{"event_name":"World of Goop","player_choice":"Gather Gold","floor":4.0,"damage_taken":0.0},{"event_name":"Bonfire Elementals","player_choice":"BASIC","floor":5.0,"damage_taken":0.0},{"event_name":"Golden Wing","player_choice":"Card Removal","floor":14.0,"damage_taken":0.0},{"event_name":"Ghosts","player_choice":"Ignored","floor":21.0,"damage_taken":0.0},{"event_name":"The Mausoleum","player_choice":"No","floor":25.0,"damage_taken":0.0},{"event_name":"Mysterious Sphere","player_choice":"Ignore","floor":36.0,"damage_taken":0.0},{"event_name":"Winding Halls","player_choice":"Max HP","floor":38.0,"damage_taken":0.0}],"is_beta":false,"boss_relics":[{"not_picked":["Runic Pyramid","Calling Bell"],"picked":"Velvet Choker"},{"not_picked":["Mark of Pain","Sozu"],"picked":"Fusion Hammer"}],"items_purged_floors":[19,30],"is_endless":false,"potions_floor_spawned":[11,12,20,22,29,33],"killed_by":"Giant Head","ascension_level":20}