{"gold_per_floor":[118,118,137,37,61,94,44,44,68,111,130,130,171,171,171,171],"floor_reached":16,"playtime":277,"items_purged":["Strike_R"],"score":189,"play_id":"fa61fa5c-5984-494f-aec9-6e2ee1dd263c","local_time":"20181020003921","is_ascension_mode":true,"campfire_choices":[{"data":"Inflame","floor":8.0,"key":"SMITH"},{"data":"Whirlwind","floor":15,"key":"SMITH"}],"neow_cost":"NONE","seed_source_timestamp":196978752700359,"circlet_count":0,"master_deck":["Strike_R","Strike_R","Strike_R","Defend_R","Defend_R","Defend_R","Bash","AscendersBane","Cleave","Whirlwind+1","Shrug It Off","Pummel","Inflame+1"],"special_seed":0,"relics":["Burning Blood","NeowsBlessing","Golden Idol","Bag of Preparation","Centennial Puzzle","Potion Belt","Bottled Lightning"],"potions_floor_usage":[],"damage_taken":[{"damage":0.0,"enemies":"Small Slimes","floor":1.0,"turns":1.0},{"damage":0.0,"enemies":"Jaw Worm","floor":3.0,"turns":1.0},{"damage":0.0,"enemies":"2 Louse","floor":5.0,"turns":1.0},{"damage":46.0,"enemies":"Gremlin Nob","floor":6.0,"turns":5.0},{"damage":2.0,"enemies":"3 Sentries","floor":10.0,"turns":2.0},{"damage":2.0,"enemies":"2 Fungi Beasts","floor":11.0,"turns":3.0},{"damage":16.0,"enemies":"Gremlin Nob","floor":13.0,"turns":3.0},{"damage":35,"enemies":"Hexaghost","floor":16,"turns":7}],"seed_played":"3421559649657451280","potions_obtained":[{"floor":1.0,"key":"BloodPotion"},{"floor":5.0,"key":"BloodPotion"},{"floor":6.0,"key":"SteroidPotion"},{"floor":10.0,"key":"Explosive Potion"}],"is_trial":false,"path_per_floor":["M","?","M","$","M","E","?","R","T","E","M","?","E","?","R"],"character_chosen":"IRONCLAD","items_purchased":["Shrug It Off"],"campfire_rested":0,"item_purchase_floors":[4],"current_hp_per_floor":[78,58,64,64,70,46,46,46,46,50,54,59,49,49,49,14],"gold":171,"neow_bonus":"THREE_ENEMY_KILL","is_prod":false,"is_daily":false,"chose_seed":false,"campfire_upgraded":2,"win_rate":0,"timestamp":1539967161,"path_taken":["M","?","M","$","M","E","?","R","T","E","?","?","E","?","R","BOSS"],"build_version":"2018-10-18","purchased_purges":1,"victory":false,"max_hp_per_floor":[80,80,80,80,80,80,80,80,80,80,80,85,85,85,85,85],"card_choices":[{"not_picked":["Sword Boomerang","Intimidate"],"picked":"Cleave","floor":1.0},{"not_picked":["Flame Barrier","Rupture"],"picked":"Whirlwind","floor":3.0},{"not_picked":["Havoc","Headbutt"],"picked":"Pummel","floor":5.0},{"not_picked":["Clothesline","Spot Weakness"],"picked":"Inflame","floor":6.0},{"not_picked":["Burning Pact","Hemokinesis","Clothesline"],"picked":"SKIP","floor":10.0},{"not_picked":["Havoc","Wild Strike","Clothesline"],"picked":"SKIP","floor":11.0},{"not_picked":["Perfected Strike","Ghostly Armor","Blood for Blood"],"picked":"SKIP","floor":13.0}],"player_experience":342489,"relics_obtained":[{"floor":6.0,"key":"Bag of Preparation"},{"floor":9.0,"key":"Centennial Puzzle"},{"floor":10.0,"key":"Potion Belt"},{"floor":13.0,"key":"Bottled Lightning"}],"event_choices":[{"damage_healed":0.0,"max_hp_gain":0.0,"max_hp_loss":0.0,"gold_gain":0.0,"event_name":"Golden Idol","player_choice":"Take Damage","floor":2.0,"gold_loss":0.0,"damage_taken":20.0,"relics_obtained":["Golden Idol"]},{"cards_removed":["Strike_R"],"damage_healed":0.0,"max_hp_gain":0.0,"max_hp_loss":0.0,"gold_gain":0.0,"event_name":"The Cleric","player_choice":"Card Removal","floor":7.0,"gold_loss":50.0,"damage_taken":0.0},{"damage_healed":0.0,"max_hp_gain":5.0,"max_hp_loss":0.0,"gold_gain":0.0,"event_name":"Big Fish","player_choice":"Donut","floor":12.0,"gold_loss":0.0,"damage_taken":0.0},{"cards_removed":["Defend_R"],"damage_healed":0,"gold_gain":0,"player_choice":"Forget","damage_taken":0,"max_hp_gain":0,"max_hp_loss":0,"event_name":"Living Wall","floor":14,"gold_loss":0}],"is_beta":false,"boss_relics":[],"items_purged_floors":[4],"is_endless":false,"potions_floor_spawned":[1,5,6,10],"killed_by":"Hexaghost","ascension_level":12}