{"gold_per_floor":[367,386,386,402,421,421,114,114,114,114,132,132,149,49,49,123,123,123,73,73,73,73,73,73,73,73,73,73,73,73,73,73,73],"floor_reached":33,"playtime":1315,"items_purged":["Strike_G","Strike_G"],"score":474,"play_id":"56759ff8-1f19-4309-accf-d840c5915347","local_time":"20190326202346","is_ascension_mode":true,"campfire_choices":[{"data":"Calculated Gamble","floor":6.0,"key":"SMITH"},{"data":"Deadly Poison","floor":10.0,"key":"SMITH"},{"data":"Neutralize","floor":12.0,"key":"SMITH"},{"data":"Well Laid Plans","floor":15.0,"key":"SMITH"},{"data":"Wraith Form v2","floor":23.0,"key":"SMITH"},{"data":"Reflex","floor":28.0,"key":"SMITH"},{"floor":32,"key":"REST"}],"neow_cost":"PERCENT_DAMAGE","seed_source_timestamp":36332695935632,"circlet_count":0,"master_deck":["AscendersBane","Defend_G","Defend_G","Defend_G","Defend_G","Defend_G","Strike_G","Strike_G","Survivor","Neutralize+1","Calculated Gamble+1","Outmaneuver","Well Laid Plans+1","Deadly Poison+1","Master of Strategy","Wraith Form v2+1","Escape Plan","Blur","Reflex+1"],"special_seed":0,"relics":["Ring of the Snake","Regal Pillow","Paper Crane","Ectoplasm","Centennial Puzzle"],"potions_floor_usage":[],"damage_taken":[{"damage":2.0,"enemies":"Cultist","floor":1.0,"turns":5.0},{"damage":2.0,"enemies":"Jaw Worm","floor":2.0,"turns":4.0},{"damage":13.0,"enemies":"Small Slimes","floor":4.0,"turns":7.0},{"damage":12.0,"enemies":"3 Louse","floor":5.0,"turns":4.0},{"damage":9.0,"enemies":"Large Slime","floor":11.0,"turns":6.0},{"damage":0.0,"enemies":"2 Fungi Beasts","floor":13.0,"turns":5.0},{"damage":1.0,"enemies":"The Guardian","floor":16.0,"turns":10.0},{"damage":5.0,"enemies":"Chosen","floor":18.0,"turns":7.0},{"damage":0.0,"enemies":"Spheric Guardian","floor":20.0,"turns":4.0},{"damage":20.0,"enemies":"Snecko","floor":21.0,"turns":8.0},{"damage":2.0,"enemies":"Snake Plant","floor":24.0,"turns":5.0},{"damage":3.0,"enemies":"Centurion and Healer","floor":25.0,"turns":14.0},{"damage":46,"enemies":"Collector","floor":33,"turns":8}],"seed_played":"1740239200416797342","potions_obtained":[{"floor":2.0,"key":"Swift Potion"},{"floor":5.0,"key":"Swift Potion"},{"floor":8.0,"key":"Fruit Juice"},{"floor":8.0,"key":"LiquidBronze"},{"floor":13.0,"key":"PowerPotion"},{"floor":16.0,"key":"SmokeBomb"},{"floor":20.0,"key":"Fire Potion"}],"is_trial":false,"path_per_floor":["M","M","T","M","M","R","$","?","T","R","M","R","M","$","R","B",null,"M","?","M","M","?","R","M","M","T","?","R","?","?","$","R","B"],"character_chosen":"THE_SILENT","items_purchased":["Deadly Poison","Master of Strategy"],"campfire_rested":1,"item_purchase_floors":[7,7],"current_hp_per_floor":[42,40,40,27,15,15,15,20,20,20,11,11,11,11,11,10,56,51,51,51,31,11,11,9,6,6,6,6,6,6,6,43,0],"gold":73,"neow_bonus":"TWO_FIFTY_GOLD","is_prod":false,"is_daily":false,"chose_seed":false,"campfire_upgraded":6,"win_rate":0,"timestamp":1553603026,"path_taken":["M","M","?","?","M","R","$","?","T","R","M","R","?","?","R","BOSS","M","?","?","M","?","R","M","M","T","?","R","?","?","$","R","BOSS"],"build_version":"2019-01-23","purchased_purges":2,"victory":false,"max_hp_per_floor":[66,66,66,66,66,66,66,71,71,71,71,71,71,71,71,71,71,71,71,71,71,76,76,76,76,76,76,76,76,76,76,76,76],"card_choices":[{"not_picked":["Slice","Backflip"],"picked":"Calculated Gamble","floor":1.0},{"not_picked":["Underhanded Strike","Blade Dance"],"picked":"Outmaneuver","floor":2.0},{"not_picked":["Predator","Bouncing Flask"],"picked":"Well Laid Plans","floor":4.0},{"not_picked":["Outmaneuver","Blade Dance","Bane"],"picked":"SKIP","floor":5.0},{"not_picked":["Leg Sweep","Eviscerate","Dagger Throw"],"picked":"SKIP","floor":11.0},{"not_picked":["Outmaneuver","Slice","Phantasmal Killer"],"picked":"SKIP","floor":13.0},{"not_picked":["Bullet Time","Unload"],"picked":"Wraith Form v2","floor":16.0},{"not_picked":["Deflect","Dash","Masterful Stab"],"picked":"SKIP","floor":18.0},{"not_picked":["Choke","Setup"],"picked":"Escape Plan","floor":21.0},{"not_picked":["Crippling Poison","Backflip","Deadly Poison"],"picked":"SKIP","floor":24.0},{"not_picked":["Footwork","Skewer"],"picked":"Blur","floor":25.0}],"player_experience":1487972,"relics_obtained":[{"floor":3.0,"key":"Regal Pillow"},{"floor":9.0,"key":"Paper Crane"},{"floor":26.0,"key":"Centennial Puzzle"}],"event_choices":[{"damage_healed":0.0,"max_hp_gain":0.0,"max_hp_loss":0.0,"gold_gain":0.0,"event_name":"Lab","player_choice":"Got Potions","floor":8.0,"gold_loss":0.0,"damage_taken":0.0},{"damage_healed":0.0,"max_hp_gain":0.0,"max_hp_loss":0.0,"gold_gain":100.0,"event_name":"The Joust","player_choice":"Bet on Murderer","floor":19.0,"gold_loss":50.0,"damage_taken":0.0},{"damage_healed":0.0,"max_hp_gain":5.0,"max_hp_loss":0.0,"gold_gain":0.0,"event_name":"Forgotten Altar","player_choice":"Shed Blood","floor":22.0,"gold_loss":0.0,"damage_taken":25.0},{"damage_healed":0.0,"max_hp_gain":0.0,"max_hp_loss":0.0,"gold_gain":0.0,"event_name":"The Library","player_choice":"Read","floor":27.0,"gold_loss":0.0,"damage_taken":0.0,"cards_obtained":["Reflex"]},{"cards_removed":["Strike_G"],"damage_healed":0,"gold_gain":0,"player_choice":"Elegance","damage_taken":0,"max_hp_gain":0,"max_hp_loss":0,"event_name":"Back to Basics","floor":30,"gold_loss":0}],"is_beta":false,"boss_relics":[{"not_picked":["Tiny House","Calling Bell"],"picked":"Ectoplasm"}],"items_purged_floors":[7,14],"is_endless":false,"potions_floor_spawned":[2,5,13,16,20,24],"killed_by":"Collector","ascension_level":20}