{"gold_per_floor":[363,19,169,139,151,151,176,176,200,200,125,125,143,153,153,227,227,240,240],"floor_reached":19,"playtime":477,"items_purged":["Doubt"],"score":330,"play_id":"cca7a47d-9f9e-42a6-899c-e3c72b91b495","local_time":"20190205015557","is_ascension_mode":true,"campfire_choices":[{"data":"The Bomb","floor":6.0,"key":"SMITH"},{"data":"Streamline","floor":8,"key":"SMITH"},{"data":"Dualcast","floor":10,"key":"SMITH"},{"data":"Zap","floor":12,"key":"SMITH"},{"floor":15,"key":"REST"}],"neow_cost":"TEN_PERCENT_HP_LOSS","seed_source_timestamp":60241002095641,"circlet_count":0,"master_deck":["AscendersBane","Strike_B+1","Strike_B+1","Strike_B","Strike_B","Defend_B","Defend_B","Defend_B","Defend_B","Zap+1","Dualcast+1","The Bomb+1","Undo","Streamline+1","Chaos","Meteor Strike"],"special_seed":0,"relics":["Cracked Core","Regal Pillow","Whetstone","Centennial Puzzle","Busted Crown"],"potions_floor_usage":[],"damage_taken":[{"damage":7.0,"enemies":"Jaw Worm","floor":1.0,"turns":3.0},{"damage":5.0,"enemies":"Small Slimes","floor":5.0,"turns":3.0},{"damage":31,"enemies":"Gremlin Nob","floor":7,"turns":4},{"damage":0,"enemies":"Cultist","floor":13,"turns":3},{"damage":14,"enemies":"Exordium Wildlife","floor":14,"turns":3},{"damage":40,"enemies":"Slime Boss","floor":16,"turns":8},{"damage":12,"enemies":"Chosen","floor":18,"turns":4},{"damage":23,"enemies":"Masked Bandits","floor":19,"turns":3}],"seed_played":"-1297854871785734614","potions_obtained":[{"floor":4.0,"key":"Regen Potion"},{"floor":4.0,"key":"SpeedPotion"},{"floor":13,"key":"FocusPotion"}],"is_trial":false,"path_per_floor":["M","$","?","?","M","R","E","R","T","R","$","R","M","M","R","B",null,"M","?"],"character_chosen":"DEFECT","items_purchased":["The Bomb","Regal Pillow"],"campfire_rested":1,"item_purchase_floors":[2,2],"current_hp_per_floor":[57,57,57,57,64,64,33,33,33,33,33,33,33,19,53,13,51,39,16],"gold":240,"neow_bonus":"TWO_FIFTY_GOLD","is_prod":false,"is_daily":false,"chose_seed":false,"campfire_upgraded":4,"win_rate":0,"timestamp":1549302957,"path_taken":["M","$","?","?","?","R","E","R","T","R","$","R","M","M","R","BOSS","M","?"],"build_version":"2019-01-23","purchased_purges":1,"victory":false,"max_hp_per_floor":[64,64,64,64,64,64,64,64,64,64,64,64,64,64,64,64,64,64,64],"card_choices":[{"not_picked":["Leap","Compile Driver","Turbo"],"picked":"SKIP","floor":1.0},{"not_picked":["Consume","Turbo"],"picked":"Undo","floor":5.0},{"not_picked":["Ball Lightning","Melter"],"picked":"Streamline","floor":7},{"not_picked":["Force Field","Stack"],"picked":"Chaos","floor":13},{"not_picked":["Hello World","Coolheaded","Rebound"],"picked":"SKIP","floor":14},{"not_picked":["Biased Cognition","Fission"],"picked":"Meteor Strike","floor":16},{"not_picked":["Rebound+1"],"picked":"SKIP","floor":18}],"player_experience":2528787,"relics_obtained":[{"floor":7,"key":"Whetstone"},{"floor":9,"key":"Centennial Puzzle"}],"event_choices":[{"damage_healed":0.0,"max_hp_gain":0.0,"max_hp_loss":0.0,"gold_gain":150.0,"event_name":"Liars Game","player_choice":"AGREE","floor":3.0,"gold_loss":0.0,"damage_taken":0.0,"cards_obtained":["Doubt"]},{"damage_healed":0.0,"max_hp_gain":0.0,"max_hp_loss":0.0,"gold_gain":0.0,"event_name":"The Woman in Blue","player_choice":"Bought 2 Potions","floor":4.0,"gold_loss":0.0,"damage_taken":0.0},{"damage_healed":0,"gold_gain":0,"player_choice":"Fought Bandits","damage_taken":0,"max_hp_gain":0,"max_hp_loss":0,"event_name":"Masked Bandits","floor":19,"gold_loss":0}],"is_beta":false,"boss_relics":[{"not_picked":["Ectoplasm","Runic Dome"],"picked":"Busted Crown"}],"items_purged_floors":[11],"is_endless":false,"potions_floor_spawned":[13,14,16,18],"killed_by":"Masked Bandits","ascension_level":20}