{"gold_per_floor":[110,110,35,35,52,84,84,95,95,20,49,49,49,76,76,76],"floor_reached":16,"playtime":339,"items_purged":["Strike_B"],"score":282,"play_id":"8465c582-9a06-40f1-bbb9-86362f18295c","local_time":"20190116201534","is_ascension_mode":true,"campfire_choices":[{"data":"Defragment","floor":7.0,"key":"SMITH"},{"data":"Loop","floor":12.0,"key":"SMITH"},{"data":"Multi-Cast","floor":15,"key":"SMITH"}],"neow_cost":"NONE","seed_source_timestamp":33474648163002,"circlet_count":0,"master_deck":["AscendersBane","Strike_B","Strike_B","Defend_B","Defend_B","Defend_B","Zap","Dualcast","Genetic Algorithm","Undo","Defragment+1","Loop+1","Genetic Algorithm","Multi-Cast+1"],"special_seed":0,"relics":["Cracked Core","NeowsBlessing","Oddly Smooth Stone","Calipers","Dream Catcher"],"potions_floor_usage":[14],"damage_taken":[{"damage":0.0,"enemies":"Jaw Worm","floor":1.0,"turns":1.0},{"damage":0.0,"enemies":"Small Slimes","floor":5.0,"turns":1.0},{"damage":0.0,"enemies":"Gremlin Nob","floor":6.0,"turns":1.0},{"damage":0.0,"enemies":"Cultist","floor":8.0,"turns":4.0},{"damage":30.0,"enemies":"3 Sentries","floor":11.0,"turns":9.0},{"damage":22,"enemies":"Gremlin Nob","floor":14,"turns":4},{"damage":14,"enemies":"Hexaghost","floor":16,"turns":7}],"seed_played":"-4118367560089559267","potions_obtained":[{"floor":1.0,"key":"Block Potion"},{"floor":5.0,"key":"GamblersBrew"}],"is_trial":false,"path_per_floor":["M","?","?","$","M","E","R","M","T","$","E","R","$","E","R","B"],"character_chosen":"DEFECT","items_purchased":[],"campfire_rested":0,"item_purchase_floors":[],"current_hp_per_floor":[64,64,64,64,64,64,64,64,64,64,34,34,34,12,12,0],"gold":76,"neow_bonus":"THREE_ENEMY_KILL","is_prod":false,"is_daily":false,"chose_seed":false,"campfire_upgraded":3,"win_rate":0,"timestamp":1547640934,"path_taken":["M","?","?","$","M","E","R","M","T","?","E","R","?","E","R","BOSS"],"build_version":"2019-01-10","purchased_purges":1,"victory":false,"max_hp_per_floor":[71,71,71,71,71,71,71,71,71,71,71,71,71,71,71,71],"card_choices":[{"not_picked":["Capacitor","Barrage"],"picked":"Genetic Algorithm","floor":1.0},{"not_picked":["Heatsinks","Chill"],"picked":"Defragment","floor":5.0},{"not_picked":["Leap","Coolheaded"],"picked":"Loop","floor":6.0},{"not_picked":["Scrape","Steam","Conserve Battery"],"picked":"SKIP","floor":8.0},{"not_picked":["White Noise","Go for the Eyes"],"picked":"Genetic Algorithm","floor":11.0},{"not_picked":["Conserve Battery","Fusion"],"picked":"Multi-Cast","floor":14}],"player_experience":1957088,"relics_obtained":[{"floor":6.0,"key":"Oddly Smooth Stone"},{"floor":11.0,"key":"Calipers"},{"floor":14,"key":"Dream Catcher"}],"event_choices":[{"damage_healed":0.0,"max_hp_gain":0.0,"max_hp_loss":0.0,"gold_gain":0.0,"cards_transformed":["Strike_B"],"event_name":"Living Wall","player_choice":"Change","floor":2.0,"gold_loss":0.0,"damage_taken":0.0,"cards_obtained":["Undo"]},{"cards_removed":["Defend_B"],"damage_healed":0.0,"max_hp_gain":0.0,"max_hp_loss":0.0,"gold_gain":0.0,"event_name":"The Cleric","player_choice":"Card Removal","floor":3.0,"gold_loss":75.0,"damage_taken":0.0}],"is_beta":false,"boss_relics":[],"items_purged_floors":[10],"is_endless":false,"potions_floor_spawned":[1,5,8],"killed_by":"Hexaghost","ascension_level":20}