{"gold_per_floor":[118,134,134,149,149,175,195,195,247,247,265,265,53,87,87,87],"floor_reached":16,"playtime":422,"items_purged":["Strike_B"],"score":220,"play_id":"0a14fa3a-8be7-4275-90f0-17df3a6e703f","local_time":"20190223025022","is_ascension_mode":true,"campfire_choices":[{"data":"Coolheaded","floor":8,"key":"SMITH"},{"data":"Coolheaded","floor":10,"key":"SMITH"},{"data":"Streamline","floor":15,"key":"SMITH"}],"neow_cost":"NONE","seed_source_timestamp":456901824234719,"circlet_count":0,"master_deck":["AscendersBane","Strike_B","Strike_B","Defend_B","Defend_B","Defend_B","Defend_B","Zap","Dualcast","Coolheaded+1","Hologram","Compile Driver","Coolheaded+1","Streamline+1","Seek","Cold Snap","Reboot"],"relics":["Cracked Core","NeowsBlessing","Sundial","StoneCalendar","Darkstone Periapt","PreservedInsect","Bottled Flame"],"potions_floor_usage":[14,16],"damage_taken":[{"damage":0,"enemies":"Small Slimes","floor":1,"turns":1},{"damage":0,"enemies":"Jaw Worm","floor":2,"turns":1},{"damage":0,"enemies":"2 Louse","floor":4,"turns":1},{"damage":18,"enemies":"Lagavulin","floor":6,"turns":7},{"damage":14,"enemies":"Exordium Thugs","floor":7,"turns":6},{"damage":1,"enemies":"Blue Slaver","floor":11,"turns":5},{"damage":6,"enemies":"Gremlin Nob","floor":14,"turns":3},{"damage":2,"enemies":"The Guardian","floor":16,"turns":12}],"seed_played":"5005895607679790001","potions_obtained":[{"floor":1,"key":"Swift Potion"},{"floor":14,"key":"Fruit Juice"}],"is_trial":false,"path_per_floor":["M","M","?","M","T","E","M","R","T","R","M","?","$","E","R","B"],"character_chosen":"DEFECT","items_purchased":["Seek","Cold Snap"],"campfire_rested":0,"item_purchase_floors":[13,13],"current_hp_per_floor":[64,64,46,46,46,28,14,14,14,14,13,13,13,7,7,10],"gold":87,"neow_bonus":"THREE_ENEMY_KILL","is_prod":false,"is_daily":false,"chose_seed":false,"campfire_upgraded":3,"win_rate":0,"timestamp":1550861422,"path_taken":["M","M","?","M","?","E","M","R","T","R","?","?","$","E","R","BOSS"],"build_version":"2019-01-23","purchased_purges":1,"victory":false,"max_hp_per_floor":[71,71,71,71,71,71,71,71,71,71,71,71,71,71,71,76],"card_choices":[{"not_picked":["Genetic Algorithm","Barrage"],"picked":"Coolheaded","floor":1},{"not_picked":["Barrage","Compile Driver"],"picked":"Hologram","floor":2},{"not_picked":["Go for the Eyes","Rebound"],"picked":"Compile Driver","floor":4},{"not_picked":["Gash","Leap","Rebound"],"picked":"SKIP","floor":6},{"not_picked":["Fission","Conserve Battery"],"picked":"Coolheaded","floor":7},{"not_picked":["Coolheaded","Rebound"],"picked":"Streamline","floor":11},{"not_picked":["Ball Lightning","Rebound"],"picked":"Reboot","floor":14}],"player_experience":928896,"relics_obtained":[{"floor":5,"key":"StoneCalendar"},{"floor":6,"key":"Darkstone Periapt"},{"floor":9,"key":"PreservedInsect"},{"floor":14,"key":"Bottled Flame"}],"event_choices":[{"damage_healed":0,"gold_gain":0,"player_choice":"Success","damage_taken":18,"relics_obtained":["Sundial"],"max_hp_gain":0,"max_hp_loss":0,"event_name":"Scrap Ooze","floor":3,"gold_loss":0},{"cards_removed":["Strike_B"],"damage_healed":0,"gold_gain":0,"player_choice":"Purged","damage_taken":0,"max_hp_gain":0,"max_hp_loss":0,"event_name":"Purifier","floor":12,"gold_loss":0}],"is_beta":false,"boss_relics":[],"items_purged_floors":[13],"is_endless":false,"potions_floor_spawned":[1,14],"killed_by":"The Guardian","ascension_level":20}