{"gold_per_floor":[115,132,57,72,72,102,102,112,186,86,86,96,96,113,113,192,192,150,150,169,180,207,207,238,238,313,324,324,324,341,370,370,447,447,463,110,127,127,137,137,170,170,170,170,170,196,274,299,299,299,299,299,299,8,35,35],"floor_reached":57,"playtime":2680,"items_purged":["Strike_R","Strike_R","Bash","Defend_R"],"score":3356,"play_id":"685c1f48-6c5e-4b7b-a675-307d3a78f3eb","local_time":"20190311145126","is_ascension_mode":true,"campfire_choices":[{"data":"True Grit","floor":7.0,"key":"SMITH"},{"data":"Limit Break","floor":11.0,"key":"SMITH"},{"data":"Inflame","floor":13.0,"key":"SMITH"},{"data":"Battle Trance","floor":15.0,"key":"SMITH"},{"data":"Ghostly","floor":23.0,"key":"SMITH"},{"data":"Ghostly","floor":25.0,"key":"SMITH"},{"data":"Ghostly","floor":28.0,"key":"SMITH"},{"floor":32.0,"key":"RECALL"},{"data":"Acrobatics","floor":40.0,"key":"SMITH"},{"data":"1","floor":42.0,"key":"LIFT"},{"data":"2","floor":44.0,"key":"LIFT"},{"data":"3","floor":49.0,"key":"LIFT"},{"data":"Corpse Explosion","floor":53.0,"key":"SMITH"}],"neow_cost":"NONE","seed_source_timestamp":10328120138539,"circlet_count":0,"master_deck":["AscendersBane","Defend_R","Defend_R","Defend_R","Inflame+1","Heavy Blade+1","True Grit+1","Inflame+1","Battle Trance+1","Limit Break+1","Shrug It Off","Impervious","Sentinel","Ghostly+1","Ghostly+1","Ghostly+1","Thunderclap+1","Impervious","Acrobatics+1","Acrobatics+1","Clumsy","PanicButton","PanicButton","Clumsy","Corpse Explosion+1","Streamline+1"],"special_seed":0,"relics":["Astrolabe","Incense Burner","Shuriken","Runic Pyramid","Red Mask","Centennial Puzzle","Enchiridion","Pear","Cursed Key","PrismaticShard","Girya","Charon\u0027s Ashes","Unceasing Top","Question Card","Torii","Pen Nib"],"potions_floor_usage":[56,56],"damage_taken":[{"damage":6.0,"enemies":"Jaw Worm","floor":1.0,"turns":3.0},{"damage":3.0,"enemies":"Cultist","floor":2.0,"turns":3.0},{"damage":15.0,"enemies":"Small Slimes","floor":4.0,"turns":4.0},{"damage":18.0,"enemies":"Lagavulin","floor":6.0,"turns":6.0},{"damage":8.0,"enemies":"Blue Slaver","floor":8.0,"turns":3.0},{"damage":4.0,"enemies":"Exordium Thugs","floor":12.0,"turns":5.0},{"damage":1.0,"enemies":"Exordium Wildlife","floor":14.0,"turns":4.0},{"damage":0.0,"enemies":"The Guardian","floor":16.0,"turns":8.0},{"damage":5.0,"enemies":"2 Thieves","floor":18.0,"turns":5.0},{"damage":0.0,"enemies":"Shell Parasite","floor":20.0,"turns":15.0},{"damage":0.0,"enemies":"Snecko","floor":21.0,"turns":5.0},{"damage":4.0,"enemies":"Masked Bandits","floor":22.0,"turns":6.0},{"damage":4.0,"enemies":"Book of Stabbing","floor":24.0,"turns":7.0},{"damage":0.0,"enemies":"Shelled Parasite and Fungi","floor":27.0,"turns":6.0},{"damage":0.0,"enemies":"Sentry and Sphere","floor":30.0,"turns":6.0},{"damage":0.0,"enemies":"Gremlin Leader","floor":31.0,"turns":6.0},{"damage":0.0,"enemies":"Champ","floor":33.0,"turns":9.0},{"damage":0.0,"enemies":"Orb Walker","floor":35.0,"turns":4.0},{"damage":0.0,"enemies":"3 Darklings","floor":37.0,"turns":6.0},{"damage":0.0,"enemies":"4 Shapes","floor":39.0,"turns":7.0},{"damage":0.0,"enemies":"Reptomancer","floor":41.0,"turns":6.0},{"damage":0.0,"enemies":"Nemesis","floor":46.0,"turns":7.0},{"damage":0.0,"enemies":"Giant Head","floor":48.0,"turns":7.0},{"damage":0.0,"enemies":"Awakened One","floor":50.0,"turns":9.0},{"damage":0.0,"enemies":"Donu and Deca","floor":51.0,"turns":6.0},{"damage":1.0,"enemies":"Shield and Spear","floor":55.0,"turns":7.0},{"damage":29,"enemies":"The Heart","floor":56,"turns":11}],"seed_played":"-192963274217012738","potions_obtained":[{"floor":12.0,"key":"EssenceOfSteel"},{"floor":14.0,"key":"Ancient Potion"},{"floor":21.0,"key":"PowerPotion"},{"floor":27.0,"key":"GamblersBrew"}],"is_trial":false,"path_per_floor":["M","M","$","M","?","E","R","M","T","$","R","M","R","M","R","B",null,"M","?","M","M","?","R","E","R","T","M","R","?","M","E","R","B",null,"M","$","M","?","M","R","E","R","T","R","?","E","T","E","R","B","B",null,"R","$","E","B",null],"character_chosen":"IRONCLAD","items_purchased":["PrismaticShard","SteroidPotion","Ancient Potion"],"campfire_rested":0,"item_purchase_floors":[36,54,54],"current_hp_per_floor":[62,59,59,44,85,67,67,59,59,59,59,55,55,54,54,54,77,72,42,42,42,38,38,34,34,34,34,34,13,13,23,23,23,45,45,45,45,45,45,45,45,45,45,45,35,35,35,35,35,35,35,46,46,46,45,16],"gold":35,"neow_bonus":"BOSS_RELIC","is_prod":false,"is_daily":false,"chose_seed":false,"campfire_upgraded":9,"win_rate":0,"timestamp":1552287086,"path_taken":["M","M","$","M","?","E","R","M","T","$","R","M","R","M","R","BOSS","M","?","M","M","?","R","E","R","T","M","R","?","?","E","R","BOSS","M","$","M","?","M","R","E","R","T","R","?","E","?","E","R","BOSS","BOSS","R","$","E","BOSS"],"build_version":"2019-01-23","purchased_purges":4,"victory":true,"max_hp_per_floor":[75,75,75,75,85,85,85,85,85,85,85,85,85,85,85,85,85,85,42,42,42,42,42,42,42,42,42,42,42,42,52,52,52,52,52,52,52,49,49,49,49,49,49,49,49,49,49,49,49,49,49,49,49,49,49,49],"card_choices":[{"not_picked":["Pommel Strike","Combust"],"picked":"True Grit","floor":1.0},{"not_picked":["Flex","Iron Wave"],"picked":"Inflame","floor":2.0},{"not_picked":["Dual Wield","Sword Boomerang"],"picked":"Battle Trance","floor":4.0},{"not_picked":["Seeing Red","Twin Strike","Reckless Charge"],"picked":"SKIP","floor":6.0},{"not_picked":["Twin Strike","Clash"],"picked":"Limit Break","floor":8.0},{"not_picked":["Clothesline","Fire Breathing","Whirlwind"],"picked":"SKIP","floor":12.0},{"not_picked":["Body Slam","Clash"],"picked":"Shrug It Off","floor":14.0},{"not_picked":["Fiend Fire","Exhume"],"picked":"Impervious","floor":16.0},{"not_picked":["Feel No Pain","Dual Wield"],"picked":"Sentinel","floor":18.0},{"not_picked":["Heavy Blade","Carnage","Iron Wave+1"],"picked":"SKIP","floor":20.0},{"not_picked":["Thunderclap+1","Body Slam","Dropkick"],"picked":"SKIP","floor":21.0},{"not_picked":["Body Slam","Dropkick"],"picked":"Thunderclap+1","floor":21.0},{"not_picked":["Spot Weakness","Hemokinesis+1","Intimidate"],"picked":"SKIP","floor":24.0},{"not_picked":["Clash+1","Body Slam","Perfected Strike"],"picked":"SKIP","floor":27.0},{"not_picked":["Twin Strike","Demon Form","Pommel Strike"],"picked":"SKIP","floor":30.0},{"not_picked":["Cleave","Clash","Flame Barrier"],"picked":"SKIP","floor":31.0},{"not_picked":["Limit Break","Juggernaut"],"picked":"Impervious","floor":33.0},{"not_picked":["Havoc+1","Heavy Blade","Perfected Strike"],"picked":"SKIP","floor":35.0},{"not_picked":["Clash","Auto Shields"],"picked":"Acrobatics","floor":37.0},{"not_picked":["Finesse","True Grit"],"picked":"Acrobatics+1","floor":39.0},{"not_picked":["Blood for Blood+1","Headbutt+1","Compile Driver+1"],"picked":"SKIP","floor":41.0},{"not_picked":["Deep Breath","Swift Strike"],"picked":"PanicButton","floor":45.0},{"not_picked":["Deadly Poison","Sweeping Beam"],"picked":"PanicButton","floor":46.0},{"not_picked":["Corruption","Gash","Iron Wave"],"picked":"Corpse Explosion","floor":48.0},{"not_picked":["Crippling Poison","Leap","Predator"],"picked":"Streamline+1","floor":55.0}],"player_experience":3479612,"relics_obtained":[{"floor":6.0,"key":"Incense Burner"},{"floor":9.0,"key":"Shuriken"},{"floor":22.0,"key":"Red Mask"},{"floor":24.0,"key":"Centennial Puzzle"},{"floor":29.0,"key":"Enchiridion"},{"floor":31.0,"key":"Pear"},{"floor":41.0,"key":"Girya"},{"floor":43.0,"key":"Charon\u0027s Ashes"},{"floor":46.0,"key":"Unceasing Top"},{"floor":47.0,"key":"Question Card"},{"floor":48.0,"key":"Torii"},{"floor":55.0,"key":"Pen Nib"}],"event_choices":[{"cards_removed":["Brutality"],"damage_healed":31.0,"max_hp_gain":10.0,"max_hp_loss":0.0,"gold_gain":0.0,"event_name":"Bonfire Elementals","player_choice":"Offered Rare","floor":5.0,"gold_loss":0.0,"damage_taken":0.0},{"damage_healed":0.0,"max_hp_gain":0.0,"max_hp_loss":43.0,"gold_gain":0.0,"event_name":"Ghosts","player_choice":"Became a Ghost","floor":19.0,"gold_loss":0.0,"damage_taken":0.0,"cards_obtained":["Ghostly","Ghostly","Ghostly"]},{"damage_healed":0.0,"max_hp_gain":0.0,"max_hp_loss":0.0,"gold_gain":0.0,"event_name":"Masked Bandits","player_choice":"Fought Bandits","floor":22.0,"gold_loss":0.0,"damage_taken":0.0},{"damage_healed":0.0,"max_hp_gain":0.0,"max_hp_loss":0.0,"gold_gain":0.0,"event_name":"Cursed Tome","player_choice":"Obtained Book","floor":29.0,"gold_loss":0.0,"damage_taken":21.0},{"damage_healed":0.0,"max_hp_gain":0.0,"max_hp_loss":3.0,"gold_gain":0.0,"event_name":"Winding Halls","player_choice":"Max HP","floor":38.0,"gold_loss":0.0,"damage_taken":0.0},{"damage_healed":0.0,"max_hp_gain":0.0,"max_hp_loss":0.0,"gold_gain":0.0,"event_name":"SensoryStone","player_choice":"Memory 3","floor":45.0,"gold_loss":0.0,"damage_taken":10.0}],"is_beta":false,"boss_relics":[{"not_picked":["Runic Dome","Black Star"],"picked":"Runic Pyramid"},{"not_picked":["Busted Crown","Mark of Pain"],"picked":"Cursed Key"}],"items_purged_floors":[3,10,36,54],"is_endless":false,"potions_floor_spawned":[12,14,21,24,27,33,39],"ascension_level":20}