{"gold_per_floor":[112,112,112,185,17,17,33,67,67,86,101,129,129],"floor_reached":13,"playtime":258,"items_purged":[],"score":236,"play_id":"b141dd50-4877-431a-bea3-547966d36a0a","local_time":"20190426220219","is_ascension_mode":true,"campfire_choices":[{"data":"Streamline","floor":6,"key":"SMITH"}],"neow_cost":"NONE","seed_source_timestamp":33214493196025,"circlet_count":0,"master_deck":["AscendersBane","Strike_B","Strike_B","Strike_B","Strike_B","Defend_B","Defend_B","Defend_B+1","Defend_B+1","Zap","Dualcast","Streamline+1","Darkness","Glacier","Turbo","Consume"],"relics":["Cracked Core","NeowsBlessing","Singing Bowl","Mummified Hand","DataDisk","Shuriken","Bronze Scales"],"potions_floor_usage":[11,12],"damage_taken":[{"damage":0,"enemies":"Small Slimes","floor":1,"turns":1},{"damage":0,"enemies":"2 Louse","floor":7,"turns":1},{"damage":0,"enemies":"3 Sentries","floor":8,"turns":1},{"damage":2,"enemies":"Jaw Worm","floor":10,"turns":4},{"damage":1,"enemies":"Blue Slaver","floor":11,"turns":4},{"damage":22,"enemies":"Gremlin Nob","floor":12,"turns":5},{"damage":18,"enemies":"Lots of Slimes","floor":13,"turns":1}],"seed_played":"7116509510691802755","potions_obtained":[{"floor":1,"key":"FocusPotion"},{"floor":8,"key":"EssenceOfSteel"},{"floor":11,"key":"LiquidBronze"}],"is_trial":false,"path_per_floor":["M","?","?","T","$","R","M","E","T","M","M","E","M"],"character_chosen":"DEFECT","items_purchased":["DataDisk"],"campfire_rested":0,"item_purchase_floors":[5],"current_hp_per_floor":[64,59,38,38,38,38,38,40,40,38,37,15,0],"gold":129,"neow_bonus":"THREE_ENEMY_KILL","is_prod":false,"is_daily":false,"chose_seed":false,"campfire_upgraded":1,"win_rate":0,"timestamp":1556287339,"path_taken":["M","?","?","?","$","R","?","E","T","M","M","E","M"],"build_version":"2019-01-23","purchased_purges":0,"victory":false,"max_hp_per_floor":[71,71,71,71,71,71,71,73,73,73,73,73,73],"card_choices":[{"not_picked":["Hello World","BootSequence"],"picked":"Streamline","floor":1},{"not_picked":["Chill","Storm"],"picked":"Darkness","floor":7},{"not_picked":["Aggregate","Doom and Gloom","Hello World"],"picked":"Singing Bowl","floor":8},{"not_picked":["Rebound","Cold Snap"],"picked":"Glacier","floor":10},{"not_picked":["Stack","Gash"],"picked":"Turbo","floor":11},{"not_picked":["Beam Cell","Coolheaded"],"picked":"Consume","floor":12}],"player_experience":4537082,"relics_obtained":[{"floor":4,"key":"Mummified Hand"},{"floor":8,"key":"Shuriken"},{"floor":12,"key":"Bronze Scales"}],"event_choices":[{"damage_healed":0,"gold_gain":0,"player_choice":"Success","damage_taken":5,"relics_obtained":["Singing Bowl"],"max_hp_gain":0,"max_hp_loss":0,"event_name":"Scrap Ooze","floor":2,"gold_loss":0},{"damage_healed":0,"gold_gain":0,"player_choice":"Entered Light","damage_taken":21,"max_hp_gain":0,"max_hp_loss":0,"event_name":"Shining Light","floor":3,"gold_loss":0,"cards_upgraded":["Defend_B","Defend_B"]}],"is_beta":false,"boss_relics":[],"items_purged_floors":[],"is_endless":false,"potions_floor_spawned":[1,8,11],"killed_by":"Lots of Slimes","ascension_level":20}