{"gold_per_floor":[113,113,113,130,191,191,216,216,239,254,270,299,311,327,327,424,424,442,591,641,651,217,230,50,50,74,85,85,153,153,45,45,148,148,163,63,76,96,146,146,161,161,161,177,177,207,52,65,65,65],"floor_reached":51,"playtime":1691,"items_purged":["Strike_B","Strike_B","Defend_B"],"score":741,"play_id":"71cd31b4-6e09-4990-a6b8-80a374e25f6c","local_time":"20190617230526","is_ascension_mode":false,"campfire_choices":[{"data":"Zap","floor":6.0,"key":"SMITH"},{"data":"Storm","floor":8.0,"key":"SMITH"},{"data":"Dualcast","floor":15.0,"key":"SMITH"},{"data":"Capacitor","floor":25.0,"key":"SMITH"},{"data":"Coolheaded","floor":28.0,"key":"SMITH"},{"data":"Heatsinks","floor":30.0,"key":"SMITH"},{"data":"Static Discharge","floor":32.0,"key":"SMITH"},{"data":"Storm","floor":40.0,"key":"SMITH"},{"data":"Biased Cognition","floor":42.0,"key":"SMITH"},{"data":"Fission","floor":45.0,"key":"SMITH"},{"floor":49,"key":"DIG"}],"neow_cost":"NONE","seed_source_timestamp":38612290873872,"circlet_count":0,"master_deck":["Defend_B","Defend_B+1","Defend_B","Zap+1","Dualcast+1","Electrodynamics","Heatsinks+1","Genetic Algorithm","Coolheaded+1","Storm+1","Turbo","Genetic Algorithm","Seek","Fission+1","Ghostly","Ghostly","Ghostly","Ghostly","Ghostly","Tempest+1","Panacea","Capacitor+1","Glacier","Consume+1","Heatsinks+1","White Noise","Static Discharge+1","Biased Cognition+1","Storm+1","Tempest+1","BootSequence","Capacitor","Amplify"],"special_seed":0,"relics":["Cracked Core","SsserpentHead","Omamori","Regal Pillow","Lantern","Velvet Choker","Bag of Preparation","Tiny Chest","ClockworkSouvenir","Vajra","Runic Pyramid","Ginger","Shovel","DataDisk"],"potions_floor_usage":[50,50],"damage_taken":[{"damage":1.0,"enemies":"Jaw Worm","floor":1.0,"turns":3.0},{"damage":0.0,"enemies":"2 Louse","floor":4.0,"turns":2.0},{"damage":0.0,"enemies":"Cultist","floor":5.0,"turns":3.0},{"damage":16.0,"enemies":"Lagavulin","floor":7.0,"turns":8.0},{"damage":0.0,"enemies":"3 Louse","floor":10.0,"turns":1.0},{"damage":2.0,"enemies":"Blue Slaver","floor":11.0,"turns":4.0},{"damage":14.0,"enemies":"Gremlin Nob","floor":12.0,"turns":3.0},{"damage":0.0,"enemies":"Exordium Wildlife","floor":13.0,"turns":3.0},{"damage":4.0,"enemies":"Lots of Slimes","floor":14.0,"turns":2.0},{"damage":9.0,"enemies":"The Guardian","floor":16.0,"turns":14.0},{"damage":0.0,"enemies":"Spheric Guardian","floor":18.0,"turns":4.0},{"damage":0.0,"enemies":"3 Byrds","floor":21.0,"turns":3.0},{"damage":0.0,"enemies":"Snecko","floor":23.0,"turns":8.0},{"damage":0.0,"enemies":"3 Cultists","floor":27.0,"turns":3.0},{"damage":2.0,"enemies":"Sentry and Sphere","floor":29.0,"turns":4.0},{"damage":5.0,"enemies":"Collector","floor":33.0,"turns":8.0},{"damage":0.0,"enemies":"Orb Walker","floor":35.0,"turns":4.0},{"damage":0.0,"enemies":"3 Shapes","floor":37.0,"turns":2.0},{"damage":0.0,"enemies":"Writhing Mass","floor":38.0,"turns":5.0},{"damage":0.0,"enemies":"Transient","floor":41.0,"turns":5.0},{"damage":0.0,"enemies":"3 Darklings","floor":44.0,"turns":3.0},{"damage":2,"enemies":"Reptomancer","floor":46,"turns":2},{"damage":0,"enemies":"Writhing Mass","floor":48,"turns":3},{"damage":12,"enemies":"Donu and Deca","floor":50,"turns":3}],"seed_played":"5232862606782339935","potions_obtained":[{"floor":4.0,"key":"FocusPotion"},{"floor":5.0,"key":"Explosive Potion"},{"floor":7.0,"key":"Fire Potion"},{"floor":10.0,"key":"LiquidBronze"},{"floor":13.0,"key":"Fire Potion"},{"floor":21.0,"key":"Energy Potion"},{"floor":33.0,"key":"GamblersBrew"}],"is_trial":false,"path_per_floor":["M","?","?","M","M","R","E","R","T","M","M","E","M","M","R","B",null,"M","?","?","M","$","M","$","R","T","M","R","M","R","$","R","B",null,"M","$","M","M","?","R","M","R","T","M","R","E","$","M","R","B",null],"character_chosen":"DEFECT","items_purchased":["Bag of Preparation","Tiny Chest","Panacea","ClockworkSouvenir","Glacier","White Noise","Static Discharge","Capacitor"],"campfire_rested":0,"item_purchase_floors":[22,22,22,24,24,31,31,47],"current_hp_per_floor":[74,59,59,59,59,59,43,43,43,43,41,27,27,23,23,14,75,75,75,37,37,37,37,37,37,37,37,37,35,35,35,35,30,37,37,37,37,37,37,37,37,37,37,37,37,35,35,35,35,23],"gold":65,"neow_bonus":"TRANSFORM_CARD","is_prod":false,"is_daily":false,"chose_seed":false,"campfire_upgraded":10,"win_rate":0,"timestamp":1560783926,"path_taken":["M","?","?","M","?","R","E","R","T","M","M","E","M","M","R","BOSS","M","?","?","M","$","M","?","R","T","M","R","?","R","$","R","BOSS","M","$","M","M","?","R","M","R","T","M","R","E","?","M","R","BOSS"],"build_version":"2019-01-23","purchased_purges":3,"victory":true,"max_hp_per_floor":[75,75,75,75,75,75,75,75,75,75,75,75,75,75,75,75,75,75,75,37,37,37,37,37,37,37,37,37,37,37,37,37,37,37,37,37,37,37,37,37,37,37,37,37,37,37,37,37,37,37],"card_choices":[{"not_picked":["Hologram","Streamline"],"picked":"Heatsinks","floor":1.0},{"not_picked":["Auto Shields","Reinforced Body"],"picked":"Genetic Algorithm","floor":4.0},{"not_picked":["Conserve Battery","Sweeping Beam"],"picked":"Coolheaded","floor":5.0},{"not_picked":["Chaos","Gash"],"picked":"Storm","floor":7.0},{"not_picked":["Sweeping Beam","Stack","Steam"],"picked":"SKIP","floor":10.0},{"not_picked":["Sunder","Leap"],"picked":"Turbo","floor":11.0},{"not_picked":["Leap","Turbo"],"picked":"Genetic Algorithm","floor":12.0},{"not_picked":["Redo","Turbo"],"picked":"Seek","floor":13.0},{"not_picked":["Hologram","Compile Driver","Steam"],"picked":"SKIP","floor":14.0},{"not_picked":["Multi-Cast","Electrodynamics"],"picked":"Fission","floor":16.0},{"not_picked":["Gash","Redo","Rebound"],"picked":"SKIP","floor":18.0},{"not_picked":["FTL","Undo"],"picked":"Tempest+1","floor":21.0},{"not_picked":["Auto Shields+1","Tempest"],"picked":"Capacitor","floor":23.0},{"not_picked":["Blizzard","Skim"],"picked":"Consume+1","floor":27.0},{"not_picked":["Coolheaded","Barrage"],"picked":"Heatsinks","floor":29.0},{"not_picked":["Seek","Creative AI"],"picked":"Biased Cognition","floor":33.0},{"not_picked":["Steam+1","Compile Driver","Sweeping Beam"],"picked":"SKIP","floor":35.0},{"not_picked":["Doom and Gloom","Streamline+1"],"picked":"Storm","floor":37.0},{"not_picked":["FTL+1","Sweeping Beam+1"],"picked":"Tempest+1","floor":38.0},{"not_picked":["Go for the Eyes","Melter","Rebound+1"],"picked":"SKIP","floor":41.0},{"not_picked":["Sweeping Beam+1","Sunder+1","Consume"],"picked":"SKIP","floor":44.0},{"not_picked":["Blizzard+1","Undo","BootSequence"],"picked":"SKIP","floor":46},{"not_picked":["Blizzard+1","Undo"],"picked":"BootSequence","floor":46},{"not_picked":["Force Field+1","Stack"],"picked":"Amplify","floor":48}],"player_experience":5371824,"relics_obtained":[{"floor":7.0,"key":"Omamori"},{"floor":9.0,"key":"Regal Pillow"},{"floor":12.0,"key":"Lantern"},{"floor":26.0,"key":"Vajra"},{"floor":43.0,"key":"Ginger"},{"floor":46,"key":"Shovel"},{"floor":49,"key":"DataDisk"}],"event_choices":[{"damage_healed":0.0,"max_hp_gain":0.0,"max_hp_loss":0.0,"gold_gain":0.0,"event_name":"Shining Light","player_choice":"Entered Light","floor":2.0,"gold_loss":0.0,"damage_taken":15.0,"cards_upgraded":["Defend_B","Heatsinks"]},{"damage_healed":0.0,"max_hp_gain":0.0,"max_hp_loss":0.0,"gold_gain":0.0,"event_name":"FaceTrader","player_choice":"Trade","floor":3.0,"gold_loss":0.0,"damage_taken":0.0,"relics_obtained":["SsserpentHead"]},{"damage_healed":0.0,"max_hp_gain":0.0,"max_hp_loss":0.0,"gold_gain":99.0,"event_name":"Nest","player_choice":"Stole From Cult","floor":19.0,"gold_loss":0.0,"damage_taken":0.0},{"damage_healed":0.0,"max_hp_gain":0.0,"max_hp_loss":38.0,"gold_gain":0.0,"event_name":"Ghosts","player_choice":"Became a Ghost","floor":20.0,"gold_loss":0.0,"damage_taken":0.0,"cards_obtained":["Ghostly","Ghostly","Ghostly","Ghostly","Ghostly"]},{"cards_removed":["Strike_B"],"damage_healed":0.0,"max_hp_gain":0.0,"max_hp_loss":0.0,"gold_gain":0.0,"event_name":"Bonfire Elementals","player_choice":"Offered Basic","floor":39.0,"gold_loss":0.0,"damage_taken":0.0}],"is_beta":false,"boss_relics":[{"not_picked":["Snecko Eye","Tiny House"],"picked":"Velvet Choker"},{"not_picked":["White Beast Statue","Calling Bell"],"picked":"Runic Pyramid"}],"items_purged_floors":[22,36,47],"is_endless":false,"potions_floor_spawned":[4,5,7,10,13,21,33,35,41,46,48],"ascension_level":0}