{"gold_per_floor":[118,128,30,41,41,76,76,76,102,112,127,127,146,96,96,193,193,204,204,215,115,126,160,160,160,214,234,268,282,296,315,315,416,416,426,440,210,258,274,302,302,322,347,364,374,392,392,407,407,407],"floor_reached":51,"playtime":4094,"items_purged":["Defend_G","Flechettes"],"score":702,"play_id":"38dc5b47-9ebb-4c19-9ad8-176a3755eb54","local_time":"20190101193425","is_ascension_mode":false,"campfire_choices":[{"data":"Neutralize","floor":7.0,"key":"SMITH"},{"data":"Deadly Poison","floor":12.0,"key":"SMITH"},{"floor":15.0,"key":"REST"},{"floor":24,"key":"REST"},{"floor":32,"key":"REST"},{"floor":41,"key":"REST"},{"data":"Storm of Steel","floor":47,"key":"SMITH"},{"data":"Choke","floor":49,"key":"SMITH"}],"neow_cost":"NONE","seed_source_timestamp":19965144833056,"circlet_count":0,"master_deck":["Survivor","Neutralize+1","Prepared","Deadly Poison+1","Bane","Outmaneuver","Masterful Stab","Backstab","Bouncing Flask+1","After Image","Escape Plan","Acrobatics","Caltrops","Leg Sweep+1","Die Die Die","Poisoned Stab","Dagger Throw","Dash+1","Well Laid Plans","Well Laid Plans","Cloak And Dagger","Cloak And Dagger","Storm of Steel+1","Choke+1","Blade Dance","Finisher+1","Blur"],"special_seed":0,"relics":["Black Star","Strawberry","Omamori","WarpedTongs","Dream Catcher","Pandora\u0027s Box","Mummified Hand","Bag of Marbles","Darkstone Periapt","Blood Vial","Unceasing Top","Kunai","Busted Crown","Oddly Smooth Stone","Thread and Needle","Gremlin Horn","Bag of Preparation","War Paint"],"potions_floor_usage":[28,50,50,50],"damage_taken":[{"damage":4.0,"enemies":"2 Louse","floor":1.0,"turns":2.0},{"damage":0.0,"enemies":"Cultist","floor":2.0,"turns":5.0},{"damage":5.0,"enemies":"Jaw Worm","floor":4.0,"turns":4.0},{"damage":38.0,"enemies":"3 Sentries","floor":6.0,"turns":15.0},{"damage":15.0,"enemies":"Exordium Thugs","floor":10.0,"turns":6.0},{"damage":2.0,"enemies":"Looter","floor":11.0,"turns":2.0},{"damage":13.0,"enemies":"2 Fungi Beasts","floor":13.0,"turns":4.0},{"damage":24.0,"enemies":"The Guardian","floor":16.0,"turns":8.0},{"damage":12.0,"enemies":"3 Byrds","floor":18.0,"turns":4.0},{"damage":9.0,"enemies":"Chosen","floor":20.0,"turns":3.0},{"damage":5.0,"enemies":"Centurion and Healer","floor":22.0,"turns":8.0},{"damage":16.0,"enemies":"Book of Stabbing","floor":23.0,"turns":5.0},{"damage":9,"enemies":"3 Cultists","floor":27,"turns":4},{"damage":0,"enemies":"Gremlin Leader","floor":28,"turns":5},{"damage":16,"enemies":"Snecko","floor":29,"turns":4},{"damage":15,"enemies":"Snake Plant","floor":30,"turns":3},{"damage":9,"enemies":"Centurion and Healer","floor":31,"turns":3},{"damage":35,"enemies":"Automaton","floor":33,"turns":9},{"damage":0,"enemies":"3 Shapes","floor":35,"turns":5},{"damage":0,"enemies":"3 Darklings","floor":36,"turns":5},{"damage":29,"enemies":"2 Orb Walkers","floor":38,"turns":6},{"damage":0,"enemies":"Writhing Mass","floor":39,"turns":5},{"damage":16,"enemies":"Nemesis","floor":40,"turns":7},{"damage":0,"enemies":"Sphere and 2 Shapes","floor":42,"turns":2},{"damage":0,"enemies":"Jaw Worm Horde","floor":44,"turns":3},{"damage":3,"enemies":"4 Shapes","floor":45,"turns":2},{"damage":0,"enemies":"Maw","floor":46,"turns":6},{"damage":0,"enemies":"Writhing Mass","floor":48,"turns":5},{"damage":2,"enemies":"Awakened One","floor":50,"turns":12}],"seed_played":"-6030247450458182545","potions_obtained":[{"floor":4.0,"key":"Regen Potion"},{"floor":11.0,"key":"SpeedPotion"},{"floor":13.0,"key":"Energy Potion"},{"floor":16.0,"key":"Dexterity Potion"},{"floor":31,"key":"EssenceOfSteel"},{"floor":40,"key":"EssenceOfSteel"},{"floor":48,"key":"Energy Potion"}],"is_trial":false,"path_per_floor":["M","M","$","M","$","E","R","?","T","M","M","R","M","?","R","B",null,"M","?","M","$","M","E","R","T","T","M","E","M","M","M","R","B",null,"M","M","$","?","M","E","R","M","T","M","M","M","R","M","R","B",null],"character_chosen":"THE_SILENT","items_purchased":["Bane","Oddly Smooth Stone","Choke"],"campfire_rested":4,"item_purchase_floors":[3,37,37],"current_hp_per_floor":[66,66,66,61,61,45,45,45,45,30,28,28,15,15,38,14,77,65,65,56,56,51,35,58,58,58,51,53,39,26,19,42,9,77,77,77,77,48,50,36,59,61,61,63,62,64,64,66,66,66],"gold":407,"neow_bonus":"BOSS_RELIC","is_prod":false,"is_daily":false,"chose_seed":false,"campfire_upgraded":4,"win_rate":0,"timestamp":1546367665,"path_taken":["M","M","$","M","$","E","R","?","T","M","?","R","M","?","R","BOSS","M","?","M","$","M","E","R","?","T","M","E","M","M","?","R","BOSS","M","M","$","?","M","E","R","M","T","M","M","M","R","M","R","BOSS"],"build_version":"2018-12-20","purchased_purges":2,"victory":true,"max_hp_per_floor":[70,70,70,70,70,77,77,77,77,77,77,77,77,77,77,77,77,77,77,77,77,77,77,77,77,77,77,77,77,77,77,77,77,77,77,77,77,77,77,77,77,77,77,77,77,77,77,77,77,77],"card_choices":[{"not_picked":["Eviscerate","Poisoned Stab"],"picked":"Prepared","floor":1.0},{"not_picked":["Quick Slash","Blur"],"picked":"Deadly Poison","floor":2.0},{"not_picked":["All Out Attack","Backflip"],"picked":"Outmaneuver","floor":4.0},{"not_picked":["Slice","Terror","Choke"],"picked":"SKIP","floor":6.0},{"not_picked":["Caltrops","Deflect"],"picked":"Masterful Stab","floor":10.0},{"not_picked":["Calculated Gamble","Accuracy"],"picked":"Backstab","floor":11.0},{"not_picked":["Deflect","Sucker Punch"],"picked":"Bouncing Flask","floor":13.0},{"not_picked":["Storm of Steel","Unload"],"picked":"After Image","floor":16.0},{"not_picked":["Quick Slash","Dodge and Roll","Sucker Punch"],"picked":"SKIP","floor":18.0},{"not_picked":["Outmaneuver","Deadly Poison"],"picked":"Dash+1","floor":20.0},{"not_picked":["Crippling Poison","Concentrate","Deadly Poison"],"picked":"SKIP","floor":22.0},{"not_picked":["Slice","Acrobatics"],"picked":"Well Laid Plans","floor":23.0},{"not_picked":["PiercingWail","Dagger Throw","Backflip"],"picked":"SKIP","floor":27},{"not_picked":["Glass Knife","All Out Attack","Acrobatics"],"picked":"SKIP","floor":28},{"not_picked":["Quick Slash+1","Tactician+1"],"picked":"Well Laid Plans","floor":29},{"not_picked":["PiercingWail","Prepared","Deflect"],"picked":"SKIP","floor":30},{"not_picked":["Bouncing Flask","Reflex"],"picked":"Cloak And Dagger","floor":31},{"not_picked":["Bane+1","Skewer"],"picked":"Cloak And Dagger","floor":32},{"not_picked":["Burst","Night Terror"],"picked":"Storm of Steel","floor":33},{"not_picked":["Skewer"],"picked":"SKIP","floor":35},{"not_picked":["Dash+1"],"picked":"SKIP","floor":36},{"not_picked":[],"picked":"Blade Dance","floor":39},{"not_picked":[],"picked":"Finisher+1","floor":40},{"not_picked":["Slice"],"picked":"SKIP","floor":42},{"not_picked":["Skewer+1"],"picked":"SKIP","floor":44},{"not_picked":["Dagger Spray+1"],"picked":"SKIP","floor":45},{"not_picked":[],"picked":"Blur","floor":46},{"not_picked":["Predator+1"],"picked":"SKIP","floor":48}],"player_experience":358323,"relics_obtained":[{"floor":6.0,"key":"Strawberry"},{"floor":6.0,"key":"Omamori"},{"floor":9.0,"key":"Dream Catcher"},{"floor":23.0,"key":"Mummified Hand"},{"floor":23.0,"key":"Bag of Marbles"},{"floor":25,"key":"Darkstone Periapt"},{"floor":26,"key":"Blood Vial"},{"floor":28,"key":"Unceasing Top"},{"floor":28,"key":"Kunai"},{"floor":38,"key":"Thread and Needle"},{"floor":40,"key":"Gremlin Horn"},{"floor":40,"key":"Bag of Preparation"},{"floor":43,"key":"War Paint"}],"event_choices":[{"damage_healed":0.0,"max_hp_gain":0.0,"max_hp_loss":0.0,"gold_gain":0.0,"event_name":"Accursed Blacksmith","player_choice":"Rummage","floor":8.0,"gold_loss":0.0,"damage_taken":0.0,"relics_obtained":["WarpedTongs"],"cards_obtained":["Pain"]},{"cards_removed":["Strike_G"],"damage_healed":0.0,"max_hp_gain":0.0,"max_hp_loss":0.0,"gold_gain":0.0,"event_name":"The Cleric","player_choice":"Card Removal","floor":14.0,"gold_loss":50.0,"damage_taken":0.0},{"damage_healed":0.0,"max_hp_gain":0.0,"max_hp_loss":0.0,"gold_gain":0.0,"event_name":"Ghosts","player_choice":"Ignored","floor":19.0,"gold_loss":0.0,"damage_taken":0.0},{"damage_healed":0,"gold_gain":0,"player_choice":"Fight","damage_taken":0,"max_hp_gain":0,"max_hp_loss":0,"event_name":"Mysterious Sphere","floor":38,"gold_loss":0}],"is_beta":false,"boss_relics":[{"not_picked":["Calling Bell","Tiny House"],"picked":"Pandora\u0027s Box"},{"not_picked":["Empty Cage","Philosopher\u0027s Stone"],"picked":"Busted Crown"}],"items_purged_floors":[3,21],"is_endless":false,"potions_floor_spawned":[4,11,13,16,23,27,31,38,40,44,45,46,48],"ascension_level":0}