{"gold_per_floor":[13,33,33,47,47,47,72,90,90,100,80,107,107,120,120,193,193,204,221,221,146,146,157,157,177,201,201,215,165,183,198,198,272,272,283,31,44,54,54,70,90,109,109,109,120,137,156,173,173,173],"floor_reached":51,"playtime":2320,"items_purged":["Strike_G","Slice"],"score":1181,"play_id":"1c9a2512-e683-4b26-b4c7-daadcb1b7429","local_time":"20181113000731","is_ascension_mode":true,"campfire_choices":[{"data":"Apotheosis","floor":6.0,"key":"SMITH"},{"data":"Prepared","floor":13.0,"key":"SMITH"},{"data":"Panache","floor":15.0,"key":"SMITH"},{"data":"Prepared","floor":24.0,"key":"SMITH"},{"floor":27.0,"key":"REST"},{"data":"Footwork","floor":32.0,"key":"SMITH"},{"floor":44.0,"key":"REST"},{"floor":49.0,"key":"REST"}],"neow_cost":"NO_GOLD","seed_source_timestamp":0,"circlet_count":0,"master_deck":["AscendersBane","Defend_G","Defend_G","Defend_G","Defend_G","Defend_G","Strike_G","Survivor","Neutralize","Panache+1","Apotheosis+1","Prepared+1","Prepared+1","Masterful Stab","Backflip","Crippling Poison","Skewer","Cloak And Dagger","Bouncing Flask","Footwork+1","Cloak And Dagger","Adrenaline","Prepared","Distraction+1","Deflect+1","Parasite","Catalyst"],"special_seed":0,"relics":["Ring of the Snake","Dream Catcher","Dodecahedron","The Specimen","Busted Crown","Bag of Marbles","Black Star","Snake Skull","Bottled Tornado"],"potions_floor_usage":[50,50],"damage_taken":[{"damage":0.0,"enemies":"Cultist","floor":1.0,"turns":5.0},{"damage":0.0,"enemies":"2 Louse","floor":2.0,"turns":3.0},{"damage":0.0,"enemies":"Jaw Worm","floor":4.0,"turns":5.0},{"damage":0.0,"enemies":"Lagavulin","floor":7.0,"turns":6.0},{"damage":0.0,"enemies":"3 Louse","floor":8.0,"turns":2.0},{"damage":0.0,"enemies":"Large Slime","floor":10.0,"turns":4.0},{"damage":4.0,"enemies":"3 Sentries","floor":12.0,"turns":6.0},{"damage":2.0,"enemies":"Gremlin Gang","floor":14.0,"turns":4.0},{"damage":5.0,"enemies":"Slime Boss","floor":16.0,"turns":6.0},{"damage":6.0,"enemies":"2 Thieves","floor":18.0,"turns":4.0},{"damage":0.0,"enemies":"3 Byrds","floor":19.0,"turns":2.0},{"damage":4.0,"enemies":"3 Cultists","floor":23.0,"turns":3.0},{"damage":2.0,"enemies":"Centurion and Healer","floor":25.0,"turns":4.0},{"damage":0.0,"enemies":"Snake Plant","floor":28.0,"turns":3.0},{"damage":10.0,"enemies":"3 Cultists","floor":30.0,"turns":5.0},{"damage":8.0,"enemies":"Shelled Parasite and Fungi","floor":31.0,"turns":6.0},{"damage":12.0,"enemies":"Collector","floor":33.0,"turns":9.0},{"damage":10.0,"enemies":"3 Shapes","floor":35.0,"turns":4.0},{"damage":2.0,"enemies":"Orb Walker","floor":37.0,"turns":4.0},{"damage":0.0,"enemies":"3 Darklings","floor":38.0,"turns":3.0},{"damage":14.0,"enemies":"Jaw Worm Horde","floor":40.0,"turns":4.0},{"damage":0.0,"enemies":"4 Shapes","floor":41.0,"turns":3.0},{"damage":30.0,"enemies":"Spire Growth","floor":42.0,"turns":5.0},{"damage":0.0,"enemies":"Maw","floor":45.0,"turns":6.0},{"damage":6.0,"enemies":"Writhing Mass","floor":46.0,"turns":9.0},{"damage":13.0,"enemies":"3 Darklings","floor":47.0,"turns":6.0},{"damage":0.0,"enemies":"4 Shapes","floor":48.0,"turns":3.0},{"damage":23,"enemies":"Awakened One","floor":50,"turns":14}],"seed_played":"-764680312072590393","potions_obtained":[{"floor":4.0,"key":"Dexterity Potion"},{"floor":7.0,"key":"GamblersBrew"},{"floor":11.0,"key":"GhostInAJar"},{"floor":12.0,"key":"Energy Potion"},{"floor":14.0,"key":"SteroidPotion"},{"floor":18.0,"key":"Block Potion"},{"floor":33.0,"key":"Fire Potion"},{"floor":41.0,"key":"GhostInAJar"},{"floor":42.0,"key":"Poison Potion"},{"floor":45.0,"key":"Dexterity Potion"}],"is_trial":false,"path_per_floor":["M","M","?","M","?","R","E","M","T","M","?","E","R","M","R","B",null,"M","M","?","$","?","M","R","M","T","R","M","?","M","M","R","B",null,"M","$","M","M","?","M","M","M","T","R","M","M","M","M","R","B",null],"character_chosen":"THE_SILENT","items_purchased":["Snake Skull"],"campfire_rested":3,"item_purchase_floors":[36],"current_hp_per_floor":[59,59,52,52,52,52,52,52,52,52,52,48,48,46,46,41,60,54,54,36,36,36,32,32,30,30,51,51,51,41,33,33,21,59,49,49,47,47,47,33,33,3,3,24,24,18,5,5,26,3],"gold":173,"neow_bonus":"RANDOM_COLORLESS_2","is_prod":false,"is_daily":false,"chose_seed":false,"campfire_upgraded":5,"win_rate":0,"timestamp":1542038851,"path_taken":["M","M","?","M","?","R","E","?","T","M","?","E","R","?","R","BOSS","M","M","?","$","?","M","R","M","T","R","M","?","M","?","R","BOSS","M","$","M","M","?","M","M","M","T","R","M","?","M","M","R","BOSS"],"build_version":"2018-11-08","purchased_purges":2,"victory":true,"max_hp_per_floor":[66,66,66,66,66,66,66,66,66,66,66,66,66,66,66,66,66,66,66,71,71,71,71,71,71,71,71,71,71,71,71,71,71,71,71,71,71,71,71,71,71,71,71,71,71,71,71,71,71,71],"card_choices":[{"not_picked":["Cloak And Dagger","Sucker Punch"],"picked":"Prepared","floor":1.0},{"not_picked":["Dash","Distraction"],"picked":"Prepared","floor":2.0},{"not_picked":["Heel Hook","Bane"],"picked":"Masterful Stab","floor":4.0},{"not_picked":["Poisoned Stab","Bane"],"picked":"Backflip","floor":7.0},{"not_picked":["Bane","Glass Knife"],"picked":"Crippling Poison","floor":8.0},{"not_picked":["Prepared","Blade Dance","Riddle With Holes"],"picked":"SKIP","floor":10.0},{"not_picked":["PiercingWail","Distraction"],"picked":"Skewer","floor":12.0},{"not_picked":["Underhanded Strike","Quick Slash","PiercingWail"],"picked":"SKIP","floor":14.0},{"not_picked":[],"picked":"Cloak And Dagger","floor":18.0},{"not_picked":["Dagger Throw"],"picked":"SKIP","floor":19.0},{"not_picked":["Quick Slash"],"picked":"SKIP","floor":23.0},{"not_picked":["Underhanded Strike"],"picked":"SKIP","floor":25.0},{"not_picked":[],"picked":"Footwork","floor":27.0},{"not_picked":[],"picked":"Cloak And Dagger","floor":28.0},{"not_picked":["Quick Slash"],"picked":"SKIP","floor":30.0},{"not_picked":["Quick Slash+1"],"picked":"SKIP","floor":31.0},{"not_picked":[],"picked":"Adrenaline","floor":33.0},{"not_picked":["Endless Agony+1"],"picked":"SKIP","floor":35.0},{"not_picked":["Dodge and Roll"],"picked":"SKIP","floor":37.0},{"not_picked":["Blade Dance"],"picked":"SKIP","floor":38.0},{"not_picked":["Blade Dance"],"picked":"SKIP","floor":38.0},{"not_picked":["Eviscerate"],"picked":"SKIP","floor":40.0},{"not_picked":["Prepared"],"picked":"SKIP","floor":41.0},{"not_picked":[],"picked":"Prepared","floor":41.0},{"not_picked":["Poisoned Stab"],"picked":"SKIP","floor":42.0},{"not_picked":[],"picked":"Distraction+1","floor":44.0},{"not_picked":[],"picked":"Deflect+1","floor":45.0},{"not_picked":["Blade Dance"],"picked":"SKIP","floor":46.0},{"not_picked":["Flying Knee"],"picked":"SKIP","floor":47.0},{"not_picked":["Flying Knee"],"picked":"SKIP","floor":48.0},{"not_picked":[],"picked":"Catalyst","floor":49.0}],"player_experience":1035469,"relics_obtained":[{"floor":7.0,"key":"Dream Catcher"},{"floor":9.0,"key":"Dodecahedron"},{"floor":12.0,"key":"The Specimen"},{"floor":26.0,"key":"Bag of Marbles"},{"floor":43.0,"key":"Bottled Tornado"}],"event_choices":[{"cards_removed":["Strike_G"],"damage_healed":0.0,"max_hp_gain":0.0,"max_hp_loss":0.0,"gold_gain":0.0,"event_name":"Golden Wing","player_choice":"Card Removal","floor":3.0,"gold_loss":0.0,"damage_taken":7.0},{"damage_healed":0.0,"max_hp_gain":0.0,"max_hp_loss":0.0,"gold_gain":0.0,"event_name":"Match and Keep!","player_choice":"0 cards matched","floor":5.0,"gold_loss":0.0,"damage_taken":0.0,"cards_obtained":[]},{"damage_healed":0.0,"max_hp_gain":0.0,"max_hp_loss":0.0,"gold_gain":0.0,"event_name":"The Woman in Blue","player_choice":"Bought 1 Potion","floor":11.0,"gold_loss":0.0,"damage_taken":0.0},{"damage_healed":0.0,"max_hp_gain":5.0,"max_hp_loss":0.0,"gold_gain":0.0,"event_name":"Forgotten Altar","player_choice":"Shed Blood","floor":20.0,"gold_loss":0.0,"damage_taken":23.0},{"damage_healed":0.0,"max_hp_gain":0.0,"max_hp_loss":0.0,"gold_gain":0.0,"cards_transformed":["Strike_G","Strike_G"],"event_name":"Drug Dealer","player_choice":"Became Test Subject","floor":22.0,"gold_loss":0.0,"damage_taken":0.0,"cards_obtained":["Bouncing Flask","Slice"]},{"damage_healed":0.0,"max_hp_gain":0.0,"max_hp_loss":0.0,"gold_gain":0.0,"event_name":"The Joust","player_choice":"Bet on Owner","floor":29.0,"gold_loss":50.0,"damage_taken":0.0},{"damage_healed":0.0,"max_hp_gain":0.0,"max_hp_loss":0.0,"gold_gain":0.0,"event_name":"SecretPortal","player_choice":"Ignored","floor":39.0,"gold_loss":0.0,"damage_taken":0.0}],"is_beta":true,"boss_relics":[{"not_picked":["Orrery","Snecko Eye"],"picked":"Busted Crown"},{"not_picked":["Velvet Choker","White Beast Statue"],"picked":"Black Star"}],"items_purged_floors":[21,36],"is_endless":false,"potions_floor_spawned":[4,7,12,14,16,18,28,31,33,38,41,42,45,46],"ascension_level":15}