{"gold_per_floor":[112,132,143,143,157,157,175,175,175,175,190,190,190,217,217,217],"floor_reached":16,"playtime":451,"items_purged":[],"score":204,"play_id":"90c8916e-3ace-40e1-8e33-4e03f9f5b5c5","local_time":"20190601191202","is_ascension_mode":true,"campfire_choices":[{"data":"Hemokinesis","floor":6,"key":"SMITH"},{"data":"Burning Pact","floor":8,"key":"SMITH"},{"data":"Bash","floor":10,"key":"SMITH"},{"data":"Seeing Red","floor":12,"key":"SMITH"},{"data":"Exhume","floor":15,"key":"SMITH"}],"neow_cost":"NONE","seed_source_timestamp":8847446515406,"circlet_count":0,"master_deck":["AscendersBane","Strike_R","Strike_R","Strike_R","Defend_R","Defend_R","Defend_R","Defend_R","Bash+1","Burning Pact+1","Seeing Red+1","Hemokinesis+1","Dropkick","Sentinel","Exhume+1"],"relics":["Burning Blood","NeowsBlessing","Question Card","Letter Opener"],"potions_floor_usage":[14],"damage_taken":[{"damage":0,"enemies":"Cultist","floor":1,"turns":1},{"damage":0,"enemies":"2 Louse","floor":2,"turns":2},{"damage":0,"enemies":"Small Slimes","floor":3,"turns":1},{"damage":17,"enemies":"Red Slaver","floor":5,"turns":6},{"damage":10,"enemies":"2 Fungi Beasts","floor":7,"turns":3},{"damage":9,"enemies":"Looter","floor":11,"turns":3},{"damage":44,"enemies":"3 Sentries","floor":14,"turns":12},{"damage":0,"enemies":"Slime Boss","floor":16,"turns":1}],"seed_played":"1046884647915724442","potions_obtained":[{"floor":3,"key":"Dexterity Potion"},{"floor":7,"key":"Ancient Potion"},{"floor":14,"key":"Regen Potion"}],"is_trial":false,"path_per_floor":["M","M","M","?","M","R","M","R","T","R","M","R","?","E","R","B"],"character_chosen":"IRONCLAD","items_purchased":[],"campfire_rested":0,"item_purchase_floors":[],"current_hp_per_floor":[74,75,75,68,57,57,53,53,53,53,50,50,50,12,12,12],"gold":217,"neow_bonus":"THREE_ENEMY_KILL","is_prod":false,"is_daily":false,"chose_seed":false,"campfire_upgraded":5,"win_rate":0,"timestamp":1559387522,"path_taken":["M","M","?","?","M","R","M","R","T","R","M","R","?","E","R","BOSS"],"build_version":"2019-01-23","purchased_purges":0,"victory":false,"max_hp_per_floor":[75,75,75,75,75,75,75,75,75,75,75,75,75,75,75,75],"card_choices":[{"not_picked":["Clothesline","Heavy Blade","Perfected Strike"],"picked":"SKIP","floor":1},{"not_picked":["Headbutt","Pommel Strike"],"picked":"Burning Pact","floor":2},{"not_picked":["Pommel Strike","Infernal Blade"],"picked":"Seeing Red","floor":3},{"not_picked":["Wild Strike","Sword Boomerang"],"picked":"Hemokinesis","floor":5},{"not_picked":["Body Slam","Headbutt","Sever Soul"],"picked":"SKIP","floor":7},{"not_picked":["Corruption","Feel No Pain","Hemokinesis"],"picked":"Dropkick","floor":11},{"not_picked":["Pommel Strike","Flame Barrier","Flex"],"picked":"Exhume","floor":14}],"player_experience":4971146,"relics_obtained":[{"floor":9,"key":"Question Card"},{"floor":14,"key":"Letter Opener"}],"event_choices":[{"cards_removed":["Strike_R"],"damage_healed":0,"gold_gain":0,"player_choice":"Card Removal","damage_taken":7,"max_hp_gain":0,"max_hp_loss":0,"event_name":"Golden Wing","floor":4,"gold_loss":0},{"damage_healed":0,"gold_gain":0,"cards_transformed":["Strike_R"],"player_choice":"Change","damage_taken":0,"max_hp_gain":0,"max_hp_loss":0,"event_name":"Living Wall","floor":13,"gold_loss":0,"cards_obtained":["Sentinel"]}],"is_beta":false,"boss_relics":[],"items_purged_floors":[],"is_endless":false,"potions_floor_spawned":[3,7,14],"killed_by":"Slime Boss","ascension_level":20}