{"gold_per_floor":[119,45,64,83,103,103,103,103,103,103,103,103,122,8,8,8],"floor_reached":16,"playtime":353,"items_purged":["Strike_G"],"score":180,"play_id":"5960bc86-6fc5-4578-9c6a-65e95a322967","local_time":"20190306113754","is_ascension_mode":true,"campfire_choices":[{"data":"Poisoned Stab","floor":6.0,"key":"SMITH"},{"data":"Neutralize","floor":8.0,"key":"SMITH"},{"data":"Tactician","floor":10.0,"key":"SMITH"},{"data":"Escape Plan","floor":12.0,"key":"SMITH"},{"data":"Well Laid Plans","floor":15.0,"key":"SMITH"}],"neow_cost":"NONE","seed_source_timestamp":9329594980023,"circlet_count":0,"master_deck":["AscendersBane","Defend_G","Defend_G","Defend_G+1","Defend_G","Defend_G","Strike_G","Strike_G","Strike_G","Survivor","Neutralize+1","Predator+1","Tactician+1","Escape Plan+1","Poisoned Stab+1","Adrenaline","Well Laid Plans+1"],"special_seed":0,"relics":["Ring of the Snake","NeowsBlessing","Ginger"],"potions_floor_usage":[16],"damage_taken":[{"damage":0.0,"enemies":"Cultist","floor":1.0,"turns":1.0},{"damage":0.0,"enemies":"2 Louse","floor":3.0,"turns":1.0},{"damage":0.0,"enemies":"Small Slimes","floor":4.0,"turns":1.0},{"damage":37.0,"enemies":"Gremlin Gang","floor":5.0,"turns":9.0},{"damage":0.0,"enemies":"Exordium Wildlife","floor":13.0,"turns":2.0},{"damage":7,"enemies":"Hexaghost","floor":16,"turns":9}],"seed_played":"4504001769119692141","potions_obtained":[{"floor":1.0,"key":"Weak Potion"},{"floor":3.0,"key":"Fruit Juice"},{"floor":5.0,"key":"LiquidBronze"}],"is_trial":false,"path_per_floor":["M","$","M","M","M","R","?","R","T","R","?","R","M","$","R","B"],"character_chosen":"THE_SILENT","items_purchased":["Tactician","Well Laid Plans"],"campfire_rested":0,"item_purchase_floors":[2,14],"current_hp_per_floor":[59,59,59,59,27,27,6,6,6,6,6,6,6,6,6,0],"gold":8,"neow_bonus":"THREE_ENEMY_KILL","is_prod":false,"is_daily":false,"chose_seed":false,"campfire_upgraded":5,"win_rate":0,"timestamp":1551843474,"path_taken":["M","$","M","M","?","R","?","R","T","R","?","R","M","$","R","BOSS"],"build_version":"2019-01-23","purchased_purges":1,"victory":false,"max_hp_per_floor":[66,66,66,66,71,71,71,71,71,71,71,71,71,71,71,71],"card_choices":[{"not_picked":["Reflex","Backflip"],"picked":"Predator","floor":1.0},{"not_picked":["Dagger Spray","PiercingWail","Deflect"],"picked":"SKIP","floor":3.0},{"not_picked":["Backflip","Dagger Throw"],"picked":"Escape Plan","floor":4.0},{"not_picked":["Blade Dance","Dash"],"picked":"Poisoned Stab","floor":5.0},{"not_picked":["Skewer","Quick Slash","Endless Agony"],"picked":"SKIP","floor":13.0}],"player_experience":3350958,"relics_obtained":[{"floor":9.0,"key":"Ginger"}],"event_choices":[{"damage_healed":0.0,"max_hp_gain":0.0,"max_hp_loss":0.0,"gold_gain":0.0,"event_name":"Shining Light","player_choice":"Entered Light","floor":7.0,"gold_loss":0.0,"damage_taken":21.0,"cards_upgraded":["Predator","Defend_G"]},{"damage_healed":0.0,"max_hp_gain":0.0,"max_hp_loss":0.0,"gold_gain":0.0,"cards_transformed":["Strike_G"],"event_name":"Transmorgrifier","player_choice":"Transformed","floor":11.0,"gold_loss":0.0,"damage_taken":0.0,"cards_obtained":["Adrenaline"]}],"is_beta":false,"boss_relics":[],"items_purged_floors":[14],"is_endless":false,"potions_floor_spawned":[1,3,5],"killed_by":"Hexaghost","ascension_level":20}