{"gold_per_floor":[118,118,293,138,156,191,191,203,251,251,277,277,308,308,308,411,411,422,434,448,388,388,388,418,433,509,85,85,104,179,189,189,189],"floor_reached":33,"playtime":917,"items_purged":["Doubt","Go for the Eyes"],"score":368,"play_id":"c6fcdcd7-04e2-484e-b73f-153eb7e08085","local_time":"20181008003016","is_ascension_mode":true,"campfire_choices":[{"data":"Beam Cell","floor":7,"key":"SMITH"},{"floor":12,"key":"REST"},{"data":"Sunder","floor":15,"key":"SMITH"},{"data":"Fission","floor":23,"key":"SMITH"},{"data":"Redo","floor":28,"key":"SMITH"},{"data":"Go for the Eyes","floor":32,"key":"SMITH"}],"neow_cost":"NONE","seed_source_timestamp":470031314585261,"circlet_count":0,"master_deck":["Defend_B","Defend_B","Defend_B","Defend_B","Zap+1","Dualcast","Beam Cell+1","Sunder+1","Chill","Go for the Eyes+1","FTL","Fission+1","Defragment+1","Self Repair+1","Redo+1","Chill","Ball Lightning","Darkness+1","FTL+1"],"special_seed":0,"relics":["Cracked Core","Ancient Tea Set","Regal Pillow","Bag of Marbles","Frozen Egg 2","Bronze Scales","Nuclear Battery","Mercury Hourglass","Molten Egg 2","Toxic Egg 2","Bottled Lightning"],"potions_floor_usage":[33,33],"damage_taken":[{"damage":8.0,"enemies":"Small Slimes","floor":1.0,"turns":2.0},{"damage":0,"enemies":"2 Louse","floor":5,"turns":1},{"damage":40,"enemies":"3 Sentries","floor":6,"turns":8},{"damage":12,"enemies":"Jaw Worm","floor":8,"turns":2},{"damage":26,"enemies":"Lagavulin","floor":11,"turns":6},{"damage":8,"enemies":"3 Sentries","floor":13,"turns":5},{"damage":23,"enemies":"Hexaghost","floor":16,"turns":7},{"damage":2,"enemies":"3 Byrds","floor":18,"turns":2},{"damage":14,"enemies":"Spheric Guardian","floor":19,"turns":5},{"damage":0,"enemies":"3 Cultists","floor":20,"turns":5},{"damage":5,"enemies":"Slavers","floor":24,"turns":4},{"damage":3,"enemies":"Snake Plant","floor":25,"turns":1},{"damage":15,"enemies":"Shelled Parasite and Fungi","floor":29,"turns":3},{"damage":13,"enemies":"Snecko","floor":31,"turns":2},{"damage":48,"enemies":"Automaton","floor":33,"turns":6}],"seed_played":"-989590578712185825","potions_obtained":[{"floor":11,"key":"SpeedPotion"},{"floor":16,"key":"Ancient Potion"},{"floor":20,"key":"LiquidBronze"}],"is_trial":false,"path_per_floor":["M","?","?","$","M","E","R","M","T","?","E","R","E","?","R","B",null,"M","M","M","?","?","R","E","M","T","$","R","M","T","M","R"],"character_chosen":"DEFECT","items_purchased":["Sunder","Toxic Egg 2","Darkness+1"],"campfire_rested":1,"item_purchase_floors":[4,27,27],"current_hp_per_floor":[60,60,60,60,60,20,20,8,8,33,7,44,36,36,36,13,60,58,44,54,54,54,54,59,66,66,66,66,61,61,48,48,0],"gold":189,"neow_bonus":"RANDOM_COMMON_RELIC","is_prod":false,"is_daily":false,"chose_seed":false,"campfire_upgraded":5,"win_rate":0,"timestamp":1538929816,"path_taken":["M","?","?","$","?","E","R","M","T","?","E","R","E","?","R","BOSS","M","M","M","?","?","R","E","?","T","?","R","?","?","M","R","BOSS"],"build_version":"2018-10-04v2","purchased_purges":2,"victory":false,"max_hp_per_floor":[75,75,75,75,75,75,75,75,75,75,75,75,75,75,75,75,75,75,75,75,75,75,75,75,75,75,75,75,75,75,75,75,75],"card_choices":[{"not_picked":["Cold Snap","Hologram"],"picked":"Beam Cell","floor":1.0},{"not_picked":["Melter","Turbo","Ball Lightning"],"picked":"SKIP","floor":5},{"not_picked":["Undo","Streamline"],"picked":"Chill","floor":6},{"not_picked":["Steam","Conserve Battery"],"picked":"Go for the Eyes","floor":8},{"not_picked":["Hologram","Cold Snap"],"picked":"FTL","floor":11},{"not_picked":["Genetic Algorithm","Hologram","BootSequence"],"picked":"SKIP","floor":13},{"not_picked":["Amplify","Rainbow"],"picked":"Fission","floor":16},{"not_picked":["Go for the Eyes+1","Streamline+1"],"picked":"Defragment+1","floor":18},{"not_picked":["Steam Power+1","Cold Snap"],"picked":"Self Repair+1","floor":19},{"not_picked":["Compile Driver+1","Stack","Rebound+1"],"picked":"SKIP","floor":20},{"not_picked":["Redo","Skim","Go for the Eyes"],"picked":"SKIP","floor":24},{"not_picked":["Coolheaded","Compile Driver+1"],"picked":"Ball Lightning","floor":25},{"not_picked":["Scrape+1","Ball Lightning+1","Meteor Strike+1"],"picked":"SKIP","floor":29},{"not_picked":["Beam Cell+1","BootSequence+1"],"picked":"FTL+1","floor":31}],"player_experience":227899,"relics_obtained":[{"floor":6,"key":"Regal Pillow"},{"floor":9,"key":"Bag of Marbles"},{"floor":11,"key":"Frozen Egg 2"},{"floor":13,"key":"Bronze Scales"},{"floor":24,"key":"Mercury Hourglass"},{"floor":26,"key":"Molten Egg 2"},{"floor":30,"key":"Bottled Lightning"}],"event_choices":[{"event_name":"Living Wall","player_choice":"Grow","floor":2,"damage_taken":0},{"event_name":"Liars Game","player_choice":"agreed","floor":3,"damage_taken":0},{"event_name":"Big Fish","player_choice":"Banana","floor":10,"damage_taken":0},{"event_name":"Purifier","player_choice":"One Purge","floor":14,"damage_taken":0},{"event_name":"Designer","player_choice":"Transform 2 Cards","floor":21,"damage_taken":0},{"event_name":"Transmorgrifier","player_choice":"Transform","floor":22,"damage_taken":0}],"is_beta":false,"boss_relics":[{"not_picked":["Ectoplasm","Lizard Tail"],"picked":"Nuclear Battery"}],"items_purged_floors":[4,27],"is_endless":false,"potions_floor_spawned":[11,16,20,25],"killed_by":"Automaton","ascension_level":6}