{"gold_per_floor":[118,118,118,131,142,158,158,158],"floor_reached":8,"playtime":178,"items_purged":[],"score":96,"play_id":"4c315c8d-ba9b-49ff-8ea6-ec24e584497d","local_time":"20190127153914","is_ascension_mode":true,"campfire_choices":[{"data":"Neutralize","floor":7,"key":"SMITH"}],"neow_cost":"NONE","seed_source_timestamp":7901569704779,"circlet_count":0,"master_deck":["AscendersBane","Defend_G","Defend_G","Defend_G","Defend_G+1","Defend_G","Strike_G","Strike_G","Strike_G","Strike_G","Strike_G","Survivor","Neutralize+1","Endless Agony+1","Caltrops","Acrobatics"],"relics":["Ring of the Snake","Pen Nib","CultistMask"],"potions_floor_usage":[],"damage_taken":[{"damage":2,"enemies":"Cultist","floor":1,"turns":5},{"damage":2,"enemies":"Small Slimes","floor":4,"turns":6},{"damage":3,"enemies":"2 Louse","floor":5,"turns":3},{"damage":4,"enemies":"Blue Slaver","floor":6,"turns":4},{"damage":0,"enemies":"Gremlin Gang","floor":8,"turns":1}],"seed_played":"-5164374170052020372","potions_obtained":[{"floor":4,"key":"Swift Potion"},{"floor":5,"key":"Poison Potion"}],"is_trial":false,"path_per_floor":["M","?","?","M","M","M","R","M"],"character_chosen":"THE_SILENT","items_purchased":[],"campfire_rested":0,"item_purchase_floors":[],"current_hp_per_floor":[57,37,37,35,32,28,28,28],"gold":158,"neow_bonus":"RANDOM_COMMON_RELIC","is_prod":false,"is_daily":false,"chose_seed":false,"campfire_upgraded":1,"win_rate":0,"timestamp":1548574754,"path_taken":["M","?","?","M","?","M","R","M"],"build_version":"2019-01-23","purchased_purges":0,"victory":false,"max_hp_per_floor":[66,66,66,66,66,66,66,66],"card_choices":[{"not_picked":["Underhanded Strike","Dagger Spray"],"picked":"Endless Agony","floor":1},{"not_picked":["Dagger Throw","PiercingWail"],"picked":"Caltrops","floor":4},{"not_picked":["Bane","Prepared"],"picked":"Acrobatics","floor":5},{"not_picked":["Dodge and Roll","Underhanded Strike","Outmaneuver"],"picked":"SKIP","floor":6}],"player_experience":2320907,"relics_obtained":[],"event_choices":[{"damage_healed":0,"gold_gain":0,"player_choice":"Entered Light","damage_taken":20,"max_hp_gain":0,"max_hp_loss":0,"event_name":"Shining Light","floor":2,"gold_loss":0,"cards_upgraded":["Endless Agony","Defend_G"]},{"damage_healed":0,"gold_gain":0,"player_choice":"Trade","damage_taken":0,"relics_obtained":["CultistMask"],"max_hp_gain":0,"max_hp_loss":0,"event_name":"FaceTrader","floor":3,"gold_loss":0}],"is_beta":false,"boss_relics":[],"items_purged_floors":[],"is_endless":false,"potions_floor_spawned":[4,5],"killed_by":"Gremlin Gang","ascension_level":20}