{"gold_per_floor":[110,80,80,94,19,52,64,64,64,64,78,108,108,125,125,125],"floor_reached":16,"playtime":319,"items_purged":["Strike_G"],"score":270,"play_id":"885a96fa-ce5b-4a3b-9b1d-ba925cd69818","local_time":"20190723221342","is_ascension_mode":true,"campfire_choices":[{"data":"Outmaneuver","floor":8.0,"key":"SMITH"},{"floor":13,"key":"REST"},{"data":"Noxious Fumes","floor":15,"key":"SMITH"}],"neow_cost":"NONE","seed_source_timestamp":1429547897753646,"circlet_count":0,"master_deck":["AscendersBane","Strike_G","Strike_G","Strike_G","Strike_G","Defend_G","Defend_G","Defend_G","Defend_G","Defend_G","Survivor","Neutralize","Flying Knee","Outmaneuver+1","Backstab","Predator","Noxious Fumes+1"],"special_seed":0,"relics":["Ring of the Snake","NeowsBlessing","Paper Crane","Orichalcum","Ornamental Fan"],"potions_floor_usage":[11,12,14],"damage_taken":[{"damage":0.0,"enemies":"2 Louse","floor":1.0,"turns":1.0},{"damage":0.0,"enemies":"Cultist","floor":4.0,"turns":1.0},{"damage":0.0,"enemies":"Gremlin Nob","floor":6.0,"turns":1.0},{"damage":1.0,"enemies":"Small Slimes","floor":7.0,"turns":5.0},{"damage":27,"enemies":"Exordium Wildlife","floor":11,"turns":9},{"damage":29,"enemies":"Lagavulin","floor":12,"turns":9},{"damage":4,"enemies":"Red Slaver","floor":14,"turns":3},{"damage":32,"enemies":"Slime Boss","floor":16,"turns":3}],"seed_played":"6211501383953147489","potions_obtained":[{"floor":2.0,"key":"Poison Potion"},{"floor":2.0,"key":"GamblersBrew"},{"floor":11,"key":"Explosive Potion"}],"is_trial":false,"path_per_floor":["M","?","$","M","$","E","M","R","T","?","M","E","R","M","R","B"],"character_chosen":"THE_SILENT","items_purchased":[],"campfire_rested":1,"item_purchase_floors":[],"current_hp_per_floor":[59,59,59,59,59,59,58,58,58,58,31,2,21,17,17,0],"gold":125,"neow_bonus":"THREE_ENEMY_KILL","is_prod":false,"is_daily":false,"chose_seed":false,"campfire_upgraded":2,"win_rate":0,"timestamp":1563891222,"path_taken":["M","?","?","M","$","E","M","R","T","?","M","E","R","M","R","BOSS"],"build_version":"2019-07-17","purchased_purges":1,"victory":false,"max_hp_per_floor":[66,66,66,66,66,66,66,66,66,66,66,66,66,66,66,66],"card_choices":[{"not_picked":["Outmaneuver","Bouncing Flask","Catalyst"],"picked":"SKIP","floor":1.0},{"not_picked":["Flying Knee","Acrobatics","Slice"],"picked":"SKIP","floor":4.0},{"not_picked":["Deadly Poison","Leg Sweep"],"picked":"Flying Knee","floor":6.0},{"not_picked":["Acrobatics","PiercingWail"],"picked":"Outmaneuver","floor":7.0},{"not_picked":["Endless Agony","Sucker Punch"],"picked":"Backstab","floor":11},{"not_picked":["Corpse Explosion","Outmaneuver"],"picked":"Predator","floor":12},{"not_picked":["Flying Knee","Concentrate"],"picked":"Noxious Fumes","floor":14}],"player_experience":1661621,"relics_obtained":[{"floor":6.0,"key":"Paper Crane"},{"floor":9.0,"key":"Orichalcum"},{"floor":12,"key":"Ornamental Fan"}],"event_choices":[{"damage_healed":0.0,"max_hp_gain":0.0,"max_hp_loss":0.0,"gold_gain":0.0,"event_name":"The Woman in Blue","player_choice":"Bought 2 Potions","floor":2.0,"gold_loss":0.0,"damage_taken":0.0},{"damage_healed":0,"gold_gain":0,"player_choice":"Searched \u00270\u0027 times","damage_taken":0,"max_hp_gain":0,"max_hp_loss":0,"event_name":"Dead Adventurer","floor":10,"gold_loss":0}],"is_beta":false,"boss_relics":[],"items_purged_floors":[5],"is_endless":false,"potions_floor_spawned":[4,7,11],"killed_by":"Slime Boss","ascension_level":20}