{"gold_per_floor":[112,123,135,154,165,197,197,212,212,212,212],"floor_reached":11,"playtime":241,"items_purged":[],"score":154,"play_id":"f57cb37c-568d-4105-8721-9ced0f5c1aa0","local_time":"20190306093442","is_ascension_mode":true,"campfire_choices":[{"data":"Deadly Poison","floor":7.0,"key":"SMITH"},{"data":"Deadly Poison","floor":10.0,"key":"SMITH"}],"neow_cost":"NONE","seed_source_timestamp":2046202638439,"circlet_count":0,"master_deck":["AscendersBane","Defend_G","Defend_G","Defend_G","Defend_G","Defend_G","Strike_G","Strike_G","Strike_G","Strike_G","Strike_G","Survivor","Neutralize","Poisoned Stab","Deadly Poison+1","Deadly Poison+1","Predator","Concentrate","Acrobatics"],"special_seed":0,"relics":["Ring of the Snake","NeowsBlessing","Gremlin Horn","Incense Burner"],"potions_floor_usage":[],"damage_taken":[{"damage":0.0,"enemies":"Jaw Worm","floor":1.0,"turns":1.0},{"damage":0.0,"enemies":"Cultist","floor":2.0,"turns":1.0},{"damage":0.0,"enemies":"Small Slimes","floor":3.0,"turns":1.0},{"damage":1.0,"enemies":"2 Fungi Beasts","floor":4.0,"turns":4.0},{"damage":14.0,"enemies":"Exordium Wildlife","floor":5.0,"turns":5.0},{"damage":42.0,"enemies":"Lagavulin","floor":6.0,"turns":6.0},{"damage":0.0,"enemies":"Gremlin Gang","floor":8.0,"turns":5.0},{"damage":3,"enemies":"3 Louse","floor":11,"turns":1}],"seed_played":"8023957441760754355","potions_obtained":[{"floor":2.0,"key":"Explosive Potion"},{"floor":8.0,"key":"Ancient Potion"}],"is_trial":false,"path_per_floor":["M","M","M","M","M","E","R","M","T","R","M"],"character_chosen":"THE_SILENT","items_purchased":[],"campfire_rested":0,"item_purchase_floors":[],"current_hp_per_floor":[59,59,59,58,44,2,2,2,2,2,0],"gold":212,"neow_bonus":"THREE_ENEMY_KILL","is_prod":false,"is_daily":false,"chose_seed":false,"campfire_upgraded":2,"win_rate":0,"timestamp":1551836082,"path_taken":["M","M","M","M","M","E","R","M","T","R","M"],"build_version":"2019-01-23","purchased_purges":0,"victory":false,"max_hp_per_floor":[66,66,66,66,66,66,66,66,66,66,66],"card_choices":[{"not_picked":["PiercingWail","Blur"],"picked":"Poisoned Stab","floor":1.0},{"not_picked":["Blade Dance","Masterful Stab"],"picked":"Deadly Poison","floor":2.0},{"not_picked":["Dagger Throw","Flying Knee"],"picked":"Deadly Poison","floor":3.0},{"not_picked":["Sucker Punch","Riddle With Holes"],"picked":"Predator","floor":4.0},{"not_picked":["Dodge and Roll","Setup","Flying Knee"],"picked":"SKIP","floor":5.0},{"not_picked":["Sucker Punch","Deflect"],"picked":"Concentrate","floor":6.0},{"not_picked":["Die Die Die","PiercingWail"],"picked":"Acrobatics","floor":8.0}],"player_experience":3346198,"relics_obtained":[{"floor":6.0,"key":"Gremlin Horn"},{"floor":9.0,"key":"Incense Burner"}],"event_choices":[],"is_beta":false,"boss_relics":[],"items_purged_floors":[],"is_endless":false,"potions_floor_spawned":[2,8],"killed_by":"3 Louse","ascension_level":20}