{"gold_per_floor":[212,229,242,91,102,102,102,102,102,133,56,75,75,75,75,204,204,220,120,120,120,139,139,139,162,162,162,162,185,185,210,210,330,330,354,229,253,253,103,103,103,103,103,103,117,117,0,14,14,14],"floor_reached":51,"playtime":1831,"items_purged":["Strike_G","Defend_G","Strike_G","Defend_G"],"score":793,"play_id":"b930d288-c92c-4eca-83c8-912dac9e00ca","local_time":"20181022215546","is_ascension_mode":false,"campfire_choices":[{"data":"Catalyst","floor":6.0,"key":"SMITH"},{"data":"Catalyst","floor":8.0,"key":"SMITH"},{"floor":13.0,"key":"REST"},{"data":"Well Laid Plans","floor":15.0,"key":"SMITH"},{"data":"Noxious Fumes","floor":23,"key":"SMITH"},{"data":"Catalyst","floor":28,"key":"SMITH"},{"data":"Adrenaline","floor":30,"key":"SMITH"},{"data":"Malaise","floor":32,"key":"SMITH"},{"data":"Bouncing Flask","floor":40,"key":"SMITH"},{"floor":42,"key":"REST"},{"floor":46,"key":"REST"},{"floor":49,"key":"REST"}],"neow_cost":"NONE","seed_source_timestamp":49640509218968,"circlet_count":0,"master_deck":["Defend_G+1","Defend_G+1","Strike_G+1","Survivor+1","Neutralize+1","Noxious Fumes+1","Backflip+1","Escape Plan+1","Catalyst+1","Catalyst+1","Bouncing Flask+1","Well Laid Plans+1","Escape Plan+1","Venomology+1","Adrenaline+1","Backstab+1","PiercingWail+1","Escape Plan+1","Catalyst+1","Malaise+1","Venomology+1","Catalyst+1"],"special_seed":0,"relics":["Ring of the Snake","Golden Idol","Matryoshka","Molten Egg 2","Runic Pyramid","Omamori","Bag of Marbles","Nilry\u0027s Codex","Cursed Key","Mark of the Bloom","War Paint","Nunchaku","Blue Candle","Red Mask"],"potions_floor_usage":[22,22,29,31,33,35,35,35,35,35,45,45,50,50],"damage_taken":[{"damage":0.0,"enemies":"2 Louse","floor":1.0,"turns":4.0},{"damage":2.0,"enemies":"Jaw Worm","floor":2.0,"turns":6.0},{"damage":3.0,"enemies":"Small Slimes","floor":3.0,"turns":4.0},{"damage":17.0,"enemies":"Exordium Wildlife","floor":5.0,"turns":7.0},{"damage":16.0,"enemies":"Gremlin Nob","floor":10.0,"turns":4.0},{"damage":7.0,"enemies":"Blue Slaver","floor":12.0,"turns":3.0},{"damage":0.0,"enemies":"The Guardian","floor":16.0,"turns":4.0},{"damage":0.0,"enemies":"Chosen","floor":18.0,"turns":3.0},{"damage":5,"enemies":"3 Byrds","floor":22,"turns":2},{"damage":3,"enemies":"Snake Plant","floor":25,"turns":3},{"damage":0,"enemies":"Centurion and Healer","floor":29,"turns":3},{"damage":0,"enemies":"Shelled Parasite and Fungi","floor":31,"turns":2},{"damage":10,"enemies":"Champ","floor":33,"turns":4},{"damage":9,"enemies":"3 Darklings","floor":35,"turns":5},{"damage":0,"enemies":"3 Shapes","floor":37,"turns":5},{"damage":0,"enemies":"Spire Growth","floor":45,"turns":1},{"damage":0,"enemies":"Maw","floor":48,"turns":2},{"damage":0,"enemies":"Awakened One","floor":50,"turns":10}],"seed_played":"-5673587212788718284","potions_obtained":[{"floor":1.0,"key":"PowerPotion"},{"floor":5.0,"key":"FearPotion"},{"floor":10.0,"key":"GamblersBrew"},{"floor":25,"key":"AttackPotion"},{"floor":33,"key":"Energy Potion"},{"floor":37,"key":"FearPotion"}],"is_trial":false,"path_per_floor":["M","M","M","$","M","R","?","R","T","E","$","M","R","?","R","B",null,"M","$","?","?","M","R","?","M","T","?","R","M","R","M","R","B",null,"M","$","M","?","$","R","?","R","T","T","M","R","?","M","R","B"],"character_chosen":"THE_SILENT","items_purchased":["Catalyst","Well Laid Plans"],"campfire_rested":4,"item_purchase_floors":[4,11],"current_hp_per_floor":[70,68,65,65,48,48,31,31,31,15,15,8,29,22,22,22,70,70,70,70,70,65,65,65,62,62,46,46,46,46,46,46,36,70,61,61,61,61,61,61,61,61,61,61,61,61,61,61,61,61],"gold":14,"neow_bonus":"HUNDRED_GOLD","is_prod":false,"is_daily":false,"chose_seed":false,"campfire_upgraded":8,"win_rate":0,"timestamp":1540216546,"path_taken":["M","M","M","$","M","R","?","R","T","E","$","M","R","?","R","BOSS","M","$","?","?","M","R","?","M","T","?","R","?","R","M","R","BOSS","M","$","M","?","$","R","?","R","T","?","M","R","?","?","R","BOSS"],"build_version":"2018-10-18","purchased_purges":4,"victory":true,"max_hp_per_floor":[70,70,70,70,70,70,70,70,70,70,70,70,70,70,70,70,70,70,70,70,70,70,70,70,70,70,70,70,70,70,70,70,70,70,70,70,70,70,70,70,70,70,70,70,70,70,70,70,70,70],"card_choices":[{"not_picked":["Calculated Gamble","Flying Knee"],"picked":"Noxious Fumes","floor":1.0},{"not_picked":["Infinite Blades","Underhanded Strike"],"picked":"Backflip","floor":2.0},{"not_picked":["Acrobatics","Poisoned Stab"],"picked":"Escape Plan","floor":3.0},{"not_picked":["Backflip","Noxious Fumes"],"picked":"Catalyst","floor":5.0},{"not_picked":["Calculated Gamble","Poisoned Stab"],"picked":"Bouncing Flask","floor":10.0},{"not_picked":["Terror","Caltrops"],"picked":"Escape Plan","floor":12.0},{"not_picked":["Bullet Time","Phantasmal Killer"],"picked":"Venomology","floor":16.0},{"not_picked":["Bane+1","Prepared","Finisher+1"],"picked":"SKIP","floor":18.0},{"not_picked":["Cloak And Dagger","Flying Knee+1"],"picked":"PiercingWail+1","floor":22},{"not_picked":["Reflex","Sucker Punch+1"],"picked":"Catalyst","floor":25},{"not_picked":["Choke+1","Backstab+1","Endless Agony+1"],"picked":"SKIP","floor":29},{"not_picked":["Dagger Throw+1","Underhanded Strike+1"],"picked":"Malaise","floor":31},{"not_picked":["Malaise","After Image"],"picked":"Venomology","floor":33},{"not_picked":["Dagger Throw+1","Deflect","Slice+1"],"picked":"SKIP","floor":35},{"not_picked":["Bouncing Flask+1","Terror","Cloak And Dagger+1"],"picked":"SKIP","floor":37},{"not_picked":["Distraction","Well Laid Plans","Outmaneuver+1"],"picked":"SKIP","floor":45},{"not_picked":["Accuracy+1","Deflect","PiercingWail"],"picked":"SKIP","floor":48}],"player_experience":531961,"relics_obtained":[{"floor":9.0,"key":"Matryoshka"},{"floor":10.0,"key":"Molten Egg 2"},{"floor":26,"key":"Omamori"},{"floor":26,"key":"Bag of Marbles"},{"floor":27,"key":"Nilry\u0027s Codex"},{"floor":43,"key":"War Paint"},{"floor":43,"key":"Nunchaku"},{"floor":44,"key":"Blue Candle"}],"event_choices":[{"damage_healed":0.0,"max_hp_gain":0.0,"max_hp_loss":0.0,"gold_gain":0.0,"event_name":"Golden Idol","player_choice":"Take Damage","floor":7.0,"gold_loss":0.0,"damage_taken":17.0,"relics_obtained":["Golden Idol"]},{"cards_removed":["Strike_G"],"damage_healed":0.0,"max_hp_gain":0.0,"max_hp_loss":0.0,"gold_gain":0.0,"event_name":"Golden Wing","player_choice":"Card Removal","floor":14.0,"gold_loss":0.0,"damage_taken":7.0},{"damage_healed":0.0,"max_hp_gain":0.0,"max_hp_loss":0.0,"gold_gain":0.0,"cards_transformed":["Defend_G","Strike_G"],"event_name":"Drug Dealer","player_choice":"Became Test Subject","floor":20.0,"gold_loss":0.0,"damage_taken":0.0,"cards_obtained":["Adrenaline","Backstab"]},{"damage_healed":0,"gold_gain":0,"player_choice":"Ignored","damage_taken":0,"max_hp_gain":0,"max_hp_loss":0,"event_name":"The Mausoleum","floor":21,"gold_loss":0},{"damage_healed":0,"gold_gain":0,"player_choice":"Read","damage_taken":0,"max_hp_gain":0,"max_hp_loss":0,"event_name":"The Library","floor":24,"gold_loss":0,"cards_obtained":["Escape Plan"]},{"damage_healed":0,"gold_gain":0,"player_choice":"Obtained Book","damage_taken":16,"max_hp_gain":0,"max_hp_loss":0,"event_name":"Cursed Tome","floor":27,"gold_loss":0},{"damage_healed":0,"gold_gain":0,"player_choice":"Copied","damage_taken":0,"max_hp_gain":0,"max_hp_loss":0,"event_name":"Duplicator","floor":38,"gold_loss":0,"cards_obtained":["Catalyst"]},{"damage_healed":0,"gold_gain":0,"player_choice":"Upgrade","damage_taken":0,"relics_obtained":["Mark of the Bloom"],"max_hp_gain":0,"max_hp_loss":0,"event_name":"MindBloom","floor":41,"gold_loss":0,"cards_upgraded":["Defend_G","Defend_G","Strike_G","Survivor","Neutralize","Backflip","Escape Plan","Escape Plan","Venomology","Escape Plan","Venomology"]},{"damage_healed":0,"gold_gain":0,"player_choice":"Paid","damage_taken":0,"relics_obtained":["Red Mask"],"max_hp_gain":0,"max_hp_loss":0,"event_name":"Tomb of Lord Red Mask","floor":47,"gold_loss":117}],"is_beta":false,"boss_relics":[{"not_picked":["Runic Dome","Pandora\u0027s Box"],"picked":"Runic Pyramid"},{"not_picked":["HoveringKite","Eternal Feather"],"picked":"Cursed Key"}],"items_purged_floors":[4,19,36,39],"is_endless":false,"potions_floor_spawned":[1,5,10,25,33,37],"ascension_level":0}