{"gold_per_floor":[113,71,71,346,356,356,370,370,370,387,387,387,119,154,154,231,281,301,35,50,50,60,60,79,79,127,127,154,154,154,184,184,184],"floor_reached":33,"playtime":2460,"items_purged":["Regret","Strike_G"],"score":612,"play_id":"0f3304e4-9fe0-4882-8150-502cfec5ae74","local_time":"20190125000911","is_ascension_mode":true,"campfire_choices":[{"data":"Neutralize","floor":6.0,"key":"SMITH"},{"data":"Footwork","floor":8.0,"key":"SMITH"},{"data":"Masterful Stab","floor":11.0,"key":"SMITH"},{"data":"Noxious Fumes","floor":15.0,"key":"SMITH"},{"data":"Catalyst","floor":23.0,"key":"SMITH"},{"data":"Acrobatics","floor":25.0,"key":"SMITH"},{"data":"Prepared","floor":27.0,"key":"SMITH"},{"floor":30.0,"key":"REST"},{"data":"Burst","floor":32,"key":"SMITH"}],"neow_cost":"TEN_PERCENT_HP_LOSS","seed_source_timestamp":39087668485497,"circlet_count":0,"master_deck":["AscendersBane","Defend_G","Defend_G","Defend_G","Defend_G+1","Defend_G","Strike_G","Strike_G","Survivor","Neutralize+1","Footwork+1","Masterful Stab+1","Catalyst+1","Grand Finale","Noxious Fumes+1","Acrobatics+1","Prepared+1","After Image","Acrobatics","Escape Plan","Finisher","Burst+1","PiercingWail+1","Noxious Fumes"],"special_seed":0,"relics":["Ring of the Snake","The Specimen","Dodecahedron","Tiny House","Lantern","Oddly Smooth Stone","Molten Egg 2","theJungle:WildPear","Letter Opener"],"potions_floor_usage":[],"damage_taken":[{"damage":4.0,"enemies":"Cultist","floor":1.0,"turns":4.0},{"damage":15.0,"enemies":"Small Slimes","floor":5.0,"turns":6.0},{"damage":0.0,"enemies":"2 Louse","floor":7.0,"turns":5.0},{"damage":0.0,"enemies":"Looter","floor":10.0,"turns":3.0},{"damage":2.0,"enemies":"3 Sentries","floor":14.0,"turns":2.0},{"damage":20.0,"enemies":"The Guardian","floor":16.0,"turns":10.0},{"damage":5.0,"enemies":"theJungle:MUSHROOMGANG","floor":18.0,"turns":8.0},{"damage":3.0,"enemies":"Shell Parasite","floor":20.0,"turns":7.0},{"damage":9.0,"enemies":"theJungle:Lyon","floor":22.0,"turns":10.0},{"damage":0.0,"enemies":"Snake Plant","floor":24.0,"turns":3.0},{"damage":3.0,"enemies":"theJungle:Cassacara","floor":28.0,"turns":7.0},{"damage":0,"enemies":"theJungle:2_Phrogs","floor":31,"turns":7},{"damage":75,"enemies":"theJungle:TotemBoss","floor":33,"turns":6}],"seed_played":"-6143446876281347706","potions_obtained":[{"floor":7.0,"key":"Regen Potion"},{"floor":14.0,"key":"AttackPotion"},{"floor":17.0,"key":"Explosive Potion"},{"floor":18.0,"key":"GhostInAJar"},{"floor":24.0,"key":"Fire Potion"}],"is_trial":false,"path_per_floor":["M","$","$","?","M","R","M","R","T","M","R","?","$","E","R","B",null,"M","$","M","?","M","R","M","R","T","R","E","?","R","E","R","B"],"character_chosen":"THE_SILENT","items_purchased":["Footwork","Noxious Fumes","Acrobatics","Swift Potion","Lantern"],"campfire_rested":1,"item_purchase_floors":[2,13,13,13,19],"current_hp_per_floor":[55,55,55,55,40,40,40,40,40,40,40,40,40,38,38,33,58,53,53,50,50,41,41,41,41,41,41,38,48,70,70,70,0],"gold":184,"neow_bonus":"ONE_RARE_RELIC","is_prod":false,"is_daily":false,"chose_seed":false,"campfire_upgraded":8,"win_rate":0,"timestamp":1548346151,"path_taken":["M","?","$","?","?","R","M","R","T","M","R","?","$","E","R","BOSS","M","$","M","?","?","R","M","R","T","R","E","?","R","E","R","BOSS"],"build_version":"2019-01-23","purchased_purges":2,"victory":false,"max_hp_per_floor":[60,60,60,60,60,60,60,60,60,60,60,60,60,60,60,60,65,65,65,65,65,65,65,65,65,65,65,65,75,75,75,75,75],"card_choices":[{"not_picked":["Quick Slash","Outmaneuver","Dagger Throw"],"picked":"SKIP","floor":1.0},{"not_picked":["Acrobatics","Deflect","Envenom"],"picked":"SKIP","floor":5.0},{"not_picked":["Poisoned Stab","Finisher"],"picked":"Masterful Stab","floor":7.0},{"not_picked":["Heel Hook","Finisher"],"picked":"Catalyst","floor":10.0},{"not_picked":["Cloak And Dagger","Blade Dance"],"picked":"Prepared","floor":14.0},{"not_picked":["Unload","Envenom"],"picked":"After Image","floor":16.0},{"not_picked":["Deflect","Reflex"],"picked":"Acrobatics","floor":17.0},{"not_picked":["Dagger Throw","Prepared"],"picked":"Escape Plan","floor":18.0},{"not_picked":["Cloak And Dagger","Prepared","Dagger Throw"],"picked":"SKIP","floor":20.0},{"not_picked":["Sucker Punch","Setup","Dodge and Roll"],"picked":"SKIP","floor":22.0},{"not_picked":["Blur","Reflex"],"picked":"Burst","floor":24.0},{"not_picked":["Dash","Quick Slash"],"picked":"PiercingWail+1","floor":28.0},{"not_picked":["Distraction","Grand Finale+1"],"picked":"Noxious Fumes","floor":31}],"player_experience":2220834,"relics_obtained":[{"floor":14.0,"key":"Dodecahedron"},{"floor":26.0,"key":"Oddly Smooth Stone"},{"floor":28.0,"key":"Molten Egg 2"},{"floor":31,"key":"Letter Opener"}],"event_choices":[{"damage_healed":0.0,"max_hp_gain":0.0,"max_hp_loss":0.0,"gold_gain":275.0,"event_name":"Golden Shrine","player_choice":"Desecrate","floor":4.0,"gold_loss":0.0,"damage_taken":0.0,"cards_obtained":["Regret"]},{"damage_healed":0.0,"max_hp_gain":0.0,"max_hp_loss":0.0,"gold_gain":0.0,"cards_transformed":["Strike_G"],"event_name":"Living Wall","player_choice":"Change","floor":12.0,"gold_loss":0.0,"damage_taken":0.0,"cards_obtained":["Grand Finale"]},{"damage_healed":0.0,"max_hp_gain":0.0,"max_hp_loss":0.0,"gold_gain":0.0,"cards_transformed":["Strike_G"],"event_name":"Transmorgrifier","player_choice":"Transformed","floor":21.0,"gold_loss":0.0,"damage_taken":0.0,"cards_obtained":["Finisher"]}],"is_beta":false,"boss_relics":[{"not_picked":["Philosopher\u0027s Stone","White Beast Statue"],"picked":"Tiny House"}],"items_purged_floors":[13,19],"is_endless":false,"potions_floor_spawned":[7,14,18,24],"killed_by":"theJungle:TotemBoss","ascension_level":20}