{"gold_per_floor":[117,136,136,211,229,229,268,288,288,88,109,122,122,47,47,146,146,167,202,202,117,131,131,154,154,178,221,236,161,179,203,203,299,299,322,655,655,383,400,400,400,400,454,454,454,480,495,525,525,525,525,525,525,77,108,108],"floor_reached":57,"playtime":3007,"items_purged":["Defend_B","FTL+1","Cold Snap"],"score":2860,"play_id":"de18fafd-3bdb-4f7b-826a-d859b6b9f2da","local_time":"20190413154013","is_ascension_mode":true,"campfire_choices":[{"data":"Melter","floor":6.0,"key":"SMITH"},{"data":"Zap","floor":13.0,"key":"SMITH"},{"floor":15.0,"key":"REST"},{"data":"Dualcast","floor":23.0,"key":"SMITH"},{"data":"Multi-Cast","floor":25.0,"key":"SMITH"},{"floor":32.0,"key":"REST"},{"data":"Creative AI","floor":40.0,"key":"SMITH"},{"data":"Heatsinks","floor":42.0,"key":"SMITH"},{"floor":45.0,"key":"RECALL"},{"data":"Electrodynamics","floor":49.0,"key":"SMITH"},{"data":"All For One","floor":53.0,"key":"SMITH"}],"neow_cost":"TEN_PERCENT_HP_LOSS","seed_source_timestamp":351616305596659,"circlet_count":0,"master_deck":["AscendersBane","Zap+1","Dualcast+1","Stack+1","Multi-Cast+1","Melter+1","Glacier+1","All For One+1","BootSequence+1","Heatsinks+1","Electrodynamics+1","Steam Power+1","Reinforced Body+1","Undo+1","Tempest+1","Double Energy+1","Skim+1","Creative AI+1","Turbo+1","Darkness+1","Hologram+1","Double Energy+1","Coolheaded+1","Double Energy+1","Secret Technique+1","Recycle+1"],"special_seed":0,"relics":["Cracked Core","Toxic Egg 2","Ice Cream","Astrolabe","Red Mask","Mango","War Paint","Philosopher\u0027s Stone","Pear","Blood Vial","PreservedInsect","Meat on the Bone","Ornamental Fan"],"potions_floor_usage":[56,56],"damage_taken":[{"damage":6.0,"enemies":"Cultist","floor":1.0,"turns":5.0},{"damage":4.0,"enemies":"Small Slimes","floor":2.0,"turns":5.0},{"damage":7.0,"enemies":"Jaw Worm","floor":5.0,"turns":2.0},{"damage":22.0,"enemies":"Lagavulin","floor":7.0,"turns":9.0},{"damage":0.0,"enemies":"2 Fungi Beasts","floor":8.0,"turns":4.0},{"damage":1.0,"enemies":"Blue Slaver","floor":11.0,"turns":4.0},{"damage":0.0,"enemies":"Large Slime","floor":12.0,"turns":10.0},{"damage":29.0,"enemies":"Slime Boss","floor":16.0,"turns":15.0},{"damage":1.0,"enemies":"Shell Parasite","floor":18.0,"turns":6.0},{"damage":0.0,"enemies":"Masked Bandits","floor":19.0,"turns":3.0},{"damage":10.0,"enemies":"2 Thieves","floor":22.0,"turns":4.0},{"damage":8.0,"enemies":"Shelled Parasite and Fungi","floor":24.0,"turns":12.0},{"damage":0.0,"enemies":"Slavers","floor":27.0,"turns":2.0},{"damage":10.0,"enemies":"Cultist and Chosen","floor":28.0,"turns":6.0},{"damage":0.0,"enemies":"Snake Plant","floor":30.0,"turns":3.0},{"damage":2.0,"enemies":"Shelled Parasite and Fungi","floor":31.0,"turns":5.0},{"damage":10.0,"enemies":"Champ","floor":33.0,"turns":5.0},{"damage":0.0,"enemies":"3 Darklings","floor":35.0,"turns":2.0},{"damage":0.0,"enemies":"3 Shapes","floor":39.0,"turns":2.0},{"damage":6.0,"enemies":"Nemesis","floor":46.0,"turns":7.0},{"damage":16.0,"enemies":"Spire Growth","floor":47.0,"turns":5.0},{"damage":0.0,"enemies":"Giant Head","floor":48.0,"turns":3.0},{"damage":0.0,"enemies":"Time Eater","floor":50.0,"turns":4.0},{"damage":53.0,"enemies":"Donu and Deca","floor":51.0,"turns":5.0},{"damage":2.0,"enemies":"Shield and Spear","floor":55.0,"turns":2.0},{"damage":47,"enemies":"The Heart","floor":56,"turns":9}],"seed_played":"-5345383696264812626","potions_obtained":[{"floor":2.0,"key":"Block Potion"},{"floor":5.0,"key":"GamblersBrew"},{"floor":7.0,"key":"Ancient Potion"},{"floor":18.0,"key":"Ancient Potion"},{"floor":22.0,"key":"Fruit Juice"},{"floor":24.0,"key":"AttackPotion"},{"floor":28.0,"key":"Weak Potion"},{"floor":33.0,"key":"Dexterity Potion"},{"floor":35.0,"key":"SkillPotion"}],"is_trial":false,"path_per_floor":["M","M","?","?","M","R","E","M","T","$","M","M","R","?","R","B",null,"M","?","?","?","M","R","M","R","T","E","M","?","M","M","R","B",null,"M","?","?","$","M","R","T","R","T","?","R","E","M","E","R","B","B",null,"R","$","E","B",null],"character_chosen":"DEFECT","items_purchased":["BootSequence+1","Heatsinks","Ancient Potion","Darkness+1","Double Energy+1","Secret Technique+1","AttackPotion"],"campfire_rested":2,"item_purchase_floors":[10,10,38,38,54,54,54],"current_hp_per_floor":[58,54,54,43,36,36,14,14,14,14,13,13,13,13,30,1,44,43,43,43,57,52,52,44,44,44,44,34,34,34,32,55,45,69,69,69,69,69,69,69,79,79,79,79,79,75,61,63,63,65,26,69,69,69,69,36],"gold":108,"neow_bonus":"TRANSFORM_TWO_CARDS","is_prod":false,"is_daily":false,"chose_seed":false,"campfire_upgraded":8,"win_rate":0,"timestamp":1555141213,"path_taken":["M","?","?","?","M","R","E","M","T","$","M","M","R","?","R","BOSS","M","?","?","?","M","R","M","R","T","E","M","?","?","M","R","BOSS","M","?","?","$","M","R","?","R","T","?","R","E","M","E","R","BOSS","BOSS","R","$","E","BOSS"],"build_version":"2019-01-23","purchased_purges":3,"victory":true,"max_hp_per_floor":[64,64,58,58,58,58,58,58,58,58,58,58,58,58,58,58,58,58,58,58,72,77,77,77,77,77,77,77,77,77,77,77,77,77,77,77,73,73,73,73,83,83,83,83,83,83,83,83,83,83,83,83,83,83,83,83],"card_choices":[{"not_picked":["Go for the Eyes","Sweeping Beam","Lockon"],"picked":"SKIP","floor":1.0},{"not_picked":["Conserve Battery","Blizzard"],"picked":"Melter","floor":2.0},{"not_picked":["Ball Lightning","Double Energy"],"picked":"Reinforced Body","floor":5.0},{"not_picked":["Redo","Gash"],"picked":"Glacier","floor":7.0},{"not_picked":["Force Field+1","Rebound"],"picked":"All For One","floor":8.0},{"not_picked":["Go for the Eyes","Rip and Tear"],"picked":"Cold Snap","floor":11.0},{"not_picked":["Barrage","Cold Snap"],"picked":"Compile Driver","floor":12.0},{"not_picked":["Core Surge","Buffer"],"picked":"Electrodynamics","floor":16.0},{"not_picked":["Sweeping Beam","Heatsinks","Beam Cell"],"picked":"SKIP","floor":18.0},{"not_picked":["Force Field+1","Barrage"],"picked":"Undo+1","floor":19.0},{"not_picked":["Beam Cell","Stack+1"],"picked":"Tempest+1","floor":22.0},{"not_picked":["White Noise+1","Leap+1"],"picked":"Double Energy+1","floor":24.0},{"not_picked":["Leap+1","Compile Driver+1"],"picked":"Skim+1","floor":27.0},{"not_picked":["Steam+1","Compile Driver","Steam Power+1"],"picked":"SKIP","floor":28.0},{"not_picked":["Streamline","Stack+1","Multi-Cast+1"],"picked":"SKIP","floor":30.0},{"not_picked":["Streamline","Undo+1","Ball Lightning+1"],"picked":"SKIP","floor":31.0},{"not_picked":["Multi-Cast+1","Machine Learning"],"picked":"Creative AI","floor":33.0},{"not_picked":["Loop","Stack+1"],"picked":"Turbo+1","floor":35.0},{"not_picked":["Sweeping Beam","Barrage"],"picked":"Hologram+1","floor":39.0},{"not_picked":["Lockon","Static Discharge","Aggregate+1"],"picked":"SKIP","floor":46.0},{"not_picked":["Ball Lightning","Loop"],"picked":"Double Energy+1","floor":47.0},{"not_picked":["Sweeping Beam","Hello World"],"picked":"Coolheaded+1","floor":48.0},{"not_picked":["Self Repair","Fusion+1"],"picked":"Recycle+1","floor":55.0}],"player_experience":1380236,"relics_obtained":[{"floor":7.0,"key":"Toxic Egg 2"},{"floor":9.0,"key":"Ice Cream"},{"floor":19.0,"key":"Red Mask"},{"floor":27.0,"key":"War Paint"},{"floor":41.0,"key":"Pear"},{"floor":43.0,"key":"Blood Vial"},{"floor":46.0,"key":"PreservedInsect"},{"floor":48.0,"key":"Meat on the Bone"},{"floor":55.0,"key":"Ornamental Fan"}],"event_choices":[{"damage_healed":0.0,"max_hp_gain":0.0,"max_hp_loss":6.0,"gold_gain":0.0,"event_name":"Golden Idol","player_choice":"Lose Max HP","floor":3.0,"gold_loss":0.0,"damage_taken":0.0,"relics_obtained":["Golden Idol"]},{"damage_healed":0.0,"max_hp_gain":0.0,"max_hp_loss":0.0,"gold_gain":75.0,"event_name":"World of Goop","player_choice":"Gather Gold","floor":4.0,"gold_loss":0.0,"damage_taken":11.0},{"cards_removed":["Strike_B"],"damage_healed":0.0,"max_hp_gain":0.0,"max_hp_loss":0.0,"gold_gain":0.0,"event_name":"The Cleric","player_choice":"Card Removal","floor":14.0,"gold_loss":75.0,"damage_taken":0.0},{"damage_healed":0.0,"max_hp_gain":0.0,"max_hp_loss":0.0,"gold_gain":0.0,"event_name":"Masked Bandits","player_choice":"Fought Bandits","floor":19.0,"gold_loss":0.0,"damage_taken":0.0},{"cards_removed":["Defend_B"],"damage_healed":0.0,"max_hp_gain":0.0,"max_hp_loss":0.0,"gold_gain":0.0,"event_name":"Back to Basics","player_choice":"Elegance","floor":20.0,"gold_loss":0.0,"damage_taken":0.0},{"damage_healed":0.0,"max_hp_gain":0.0,"max_hp_loss":0.0,"gold_gain":0.0,"event_name":"Addict","player_choice":"Obtained Relic","floor":21.0,"gold_loss":85.0,"damage_taken":0.0,"relics_obtained":["Mango"]},{"cards_removed":["Defend_B"],"damage_healed":0.0,"max_hp_gain":0.0,"max_hp_loss":0.0,"gold_gain":0.0,"event_name":"Beggar","player_choice":"Gave Gold","floor":29.0,"gold_loss":75.0,"damage_taken":0.0},{"damage_healed":0.0,"max_hp_gain":0.0,"max_hp_loss":0.0,"gold_gain":333.0,"event_name":"The Moai Head","player_choice":"Gave Idol","floor":36.0,"relics_lost":["Golden Idol"],"gold_loss":0.0,"damage_taken":0.0},{"damage_healed":0.0,"max_hp_gain":0.0,"max_hp_loss":4.0,"gold_gain":0.0,"event_name":"Winding Halls","player_choice":"Max HP","floor":37.0,"gold_loss":0.0,"damage_taken":0.0},{"cards_removed":["Compile Driver"],"damage_healed":0.0,"max_hp_gain":0.0,"max_hp_loss":0.0,"gold_gain":0.0,"event_name":"Falling","player_choice":"Removed Attack","floor":44.0,"gold_loss":0.0,"damage_taken":0.0}],"is_beta":false,"boss_relics":[{"not_picked":["Cursed Key","White Beast Statue"],"picked":"Astrolabe"},{"not_picked":["Lizard Tail","Pandora\u0027s Box"],"picked":"Philosopher\u0027s Stone"}],"items_purged_floors":[10,38,54],"is_endless":false,"potions_floor_spawned":[2,5,7,18,22,24,28,30,33,35,47],"ascension_level":20}