{"path_per_floor":["M","?","$","M","?","R","M","M","T","M","M","?","R","M","R"],"character_chosen":"THE_SILENT","items_purchased":["Poisoned Stab"],"gold_per_floor":[118,68,17,28,28,28,42,60,60,72,92,92,92,105,105,105],"floor_reached":16,"campfire_rested":0,"playtime":392,"item_purchase_floors":[3],"current_hp_per_floor":[53,53,53,53,53,53,53,36,36,34,18,15,15,15,15,0],"items_purged":[],"gold":105,"score":160,"play_id":"0a11c618-3210-44bd-b44a-eb0742b1af85","local_time":"20180615164041","is_prod":false,"is_daily":false,"chose_seed":false,"is_ascension_mode":true,"campfire_upgraded":3,"win_rate":0,"timestamp":1529052041,"campfire_choices":[{"data":"Neutralize","floor":6,"key":"SMITH"},{"data":"Survivor","floor":13,"key":"SMITH"},{"data":"Flying Knee","floor":15,"key":"SMITH"}],"path_taken":["M","?","$","?","?","R","M","M","T","?","M","?","R","M","R","BOSS"],"build_version":"2018-06-14v2","seed_source_timestamp":26121626266317,"purchased_purges":0,"victory":false,"master_deck":["Defend_G","Defend_G","Defend_G","Defend_G","Defend_G","Strike_G","Strike_G","Strike_G","Survivor+1","Neutralize+1","AscendersBane","Poisoned Stab","Poisoned Stab","Flying Knee+1","Leg Sweep+1","Terror+1"],"max_hp_per_floor":[66,66,66,66,66,66,66,66,66,66,66,66,66,66,66,66],"relics":["Ring of the Snake","Toxic Egg 2","Pantograph"],"card_choices":[{"not_picked":["Deflect","Quick Slash"],"picked":"Poisoned Stab","floor":1},{"not_picked":["Underhanded Strike","Deflect","Concentrate"],"picked":"SKIP","floor":4},{"not_picked":["Quick Slash","Endless Agony","PiercingWail"],"picked":"SKIP","floor":7},{"not_picked":["Underhanded Strike","Dagger Spray","Quick Slash"],"picked":"SKIP","floor":8},{"not_picked":["Leg Sweep+1","Skewer"],"picked":"Flying Knee","floor":10},{"not_picked":["Sucker Punch","Expertise+1"],"picked":"Leg Sweep+1","floor":11},{"not_picked":["Dodge and Roll+1","Slice"],"picked":"Terror+1","floor":14}],"player_experience":610791,"potions_floor_usage":[16],"damage_taken":[{"damage":6,"enemies":"Jaw Worm","floor":1,"turns":6},{"damage":0,"enemies":"2 Louse","floor":4,"turns":3},{"damage":0,"enemies":"Cultist","floor":7,"turns":4},{"damage":17,"enemies":"Lots of Slimes","floor":8,"turns":7},{"damage":2,"enemies":"Blue Slaver","floor":10,"turns":4},{"damage":16,"enemies":"Exordium Thugs","floor":11,"turns":5},{"damage":0,"enemies":"Red Slaver","floor":14,"turns":5},{"damage":42,"enemies":"Hexaghost","floor":16,"turns":9}],"relics_obtained":[{"floor":9,"key":"Toxic Egg 2"}],"event_choices":[{"event_name":"The Cleric","player_choice":"Card Removal","floor":2,"damage_taken":0},{"event_name":"Bonfire Elementals","player_choice":"BASIC","floor":5,"damage_taken":0},{"event_name":"Scrap Ooze","player_choice":"success","floor":12,"damage_taken":3}],"boss_relics":[],"items_purged_floors":[],"is_endless":false,"potions_floor_spawned":[8,10],"seed_played":"-3650400122296520333","killed_by":"Hexaghost","ascension_level":14,"potions_obtained":[{"floor":8,"key":"Ancient Potion"},{"floor":10,"key":"Strength Potion"}],"is_trial":false}