{"gold_per_floor":[119,130,148,148,159,187,43,43,43,68,68,82,115,131,131,235,235,248,264,264,284,98,98],"floor_reached":23,"playtime":1857,"items_purged":["Strike_G"],"score":381,"play_id":"11579a12-8aa1-46e0-aa07-c19e57a19338","local_time":"20190803224332","is_ascension_mode":true,"campfire_choices":[{"floor":8,"key":"REST"},{"data":"Wraith Form v2","floor":15,"key":"SMITH"}],"neow_cost":"NONE","seed_source_timestamp":12704715404068,"circlet_count":0,"master_deck":["AscendersBane","Strike_G","Strike_G","Strike_G","Defend_G","Defend_G","Defend_G","Defend_G","Defend_G","Survivor","Neutralize","Corpse Explosion","Dodge and Roll","Deadly Poison","Dash","Dagger Spray","Dodge and Roll","Wraith Form v2+1","PiercingWail","Backflip","Adrenaline","Escape Plan","Terror+1","HandOfGreed"],"special_seed":0,"relics":["Ring of the Snake","Torii","Ice Cream","Nunchaku","Regal Pillow","Runic Pyramid"],"potions_floor_usage":[6,16,19,21,23],"damage_taken":[{"damage":2,"enemies":"2 Louse","floor":1,"turns":2},{"damage":2,"enemies":"Cultist","floor":2,"turns":4},{"damage":2,"enemies":"Small Slimes","floor":3,"turns":4},{"damage":0,"enemies":"Blue Slaver","floor":5,"turns":5},{"damage":46,"enemies":"Lagavulin","floor":6,"turns":6},{"damage":26,"enemies":"Gremlin Nob","floor":10,"turns":6},{"damage":1,"enemies":"2 Fungi Beasts","floor":12,"turns":2},{"damage":15,"enemies":"3 Sentries","floor":13,"turns":6},{"damage":1,"enemies":"Looter","floor":14,"turns":4},{"damage":27,"enemies":"Hexaghost","floor":16,"turns":12},{"damage":3,"enemies":"3 Byrds","floor":18,"turns":3},{"damage":17,"enemies":"Shell Parasite","floor":19,"turns":12},{"damage":10,"enemies":"Centurion and Healer","floor":21,"turns":6},{"damage":29,"enemies":"Book of Stabbing","floor":23,"turns":8}],"seed_played":"631686741695637657","potions_obtained":[{"floor":2,"key":"Energy Potion"},{"floor":10,"key":"SteroidPotion"},{"floor":14,"key":"Swift Potion"},{"floor":16,"key":"GamblersBrew"},{"floor":19,"key":"AttackPotion"}],"is_trial":false,"path_per_floor":["M","M","M","?","M","E","$","R","T","E","?","M","E","M","R","B",null,"M","M","?","M","$","E"],"character_chosen":"THE_SILENT","items_purchased":["Blur","HandOfGreed"],"campfire_rested":1,"item_purchase_floors":[7,22],"current_hp_per_floor":[61,59,57,57,57,11,11,32,32,6,70,69,54,53,53,26,59,56,39,39,29,29,0],"gold":98,"neow_bonus":"ONE_RANDOM_RARE_CARD","is_prod":false,"is_daily":false,"chose_seed":false,"campfire_upgraded":1,"win_rate":0,"timestamp":1564886612,"path_taken":["M","M","M","?","?","E","?","R","T","E","?","M","E","M","R","BOSS","M","M","?","M","$","E"],"build_version":"2019-07-17","purchased_purges":1,"victory":false,"max_hp_per_floor":[70,70,70,70,70,70,70,70,70,70,70,70,70,70,70,70,70,70,70,70,70,70,70],"card_choices":[{"not_picked":["Blade Dance","Leg Sweep"],"picked":"Dodge and Roll","floor":1},{"not_picked":["Quick Slash","Caltrops"],"picked":"Deadly Poison","floor":2},{"not_picked":["Dodge and Roll","Flechettes"],"picked":"Dash","floor":3},{"not_picked":["Acrobatics","Accuracy"],"picked":"Dagger Spray","floor":5},{"not_picked":["Blade Dance","Flying Knee"],"picked":"Dodge and Roll","floor":6},{"not_picked":["Bouncing Flask","PiercingWail"],"picked":"Wraith Form v2","floor":10},{"not_picked":["Outmaneuver","Dodge and Roll","Eviscerate"],"picked":"SKIP","floor":12},{"not_picked":["Poisoned Stab","Predator"],"picked":"PiercingWail","floor":13},{"not_picked":["Dash","Dagger Throw"],"picked":"Backflip","floor":14},{"not_picked":["A Thousand Cuts","Tools of the Trade"],"picked":"Adrenaline","floor":16},{"not_picked":["Finisher","Blade Dance","Sucker Punch"],"picked":"SKIP","floor":18},{"not_picked":["Expertise","Acrobatics"],"picked":"Escape Plan","floor":19},{"not_picked":["PiercingWail","Slice"],"picked":"Terror+1","floor":21}],"player_experience":459792,"relics_obtained":[{"floor":6,"key":"Torii"},{"floor":9,"key":"Ice Cream"},{"floor":10,"key":"Nunchaku"},{"floor":13,"key":"Regal Pillow"}],"event_choices":[{"cards_removed":["Strike_G"],"damage_healed":0,"gold_gain":0,"player_choice":"Purged","damage_taken":0,"max_hp_gain":0,"max_hp_loss":0,"event_name":"Purifier","floor":4,"gold_loss":0},{"cards_removed":["Blur"],"damage_healed":64,"gold_gain":0,"player_choice":"Offered Uncommon","damage_taken":0,"max_hp_gain":0,"max_hp_loss":0,"event_name":"Bonfire Elementals","floor":11,"gold_loss":0},{"damage_healed":0,"gold_gain":0,"player_choice":"Ignored","damage_taken":0,"max_hp_gain":0,"max_hp_loss":0,"event_name":"Vampires","floor":20,"gold_loss":0}],"is_beta":false,"boss_relics":[{"not_picked":["Pandora\u0027s Box","Eternal Feather"],"picked":"Runic Pyramid"}],"items_purged_floors":[7],"is_endless":false,"potions_floor_spawned":[2,10,14,16,19],"killed_by":"Book of Stabbing","ascension_level":12}