{"path_per_floor":["M","?","?","M","M","E","?","E","T","E","R","M","?","M","R","B",null,"M","$","M","?","M","R","M","R","T","E","$","?"],"character_chosen":"IRONCLAD","items_purchased":["Omamori","Master of Strategy","Shockwave"],"gold_per_floor":[114,114,114,129,144,174,174,204,254,284,284,299,399,414,414,514,514,529,20,35,35,50,50,65,65,65,95,95,95,95],"floor_reached":30,"campfire_rested":0,"playtime":816,"current_hp_per_floor":[80,64,64,64,68,53,53,46,46,37,37,45,45,53,53,33,80,80,80,80,80,74,74,59,59,59,41,41,17,0],"items_purged":["Strike_R"],"gold":95,"score":268,"play_id":"1a0afc30-3b64-4257-b387-44f43d8d2f14","local_time":"20180412083712","daily_mods":["Allstar","Lethality","Binary"],"is_prod":false,"is_daily":true,"is_ascension_mode":false,"campfire_upgraded":4,"timestamp":1523493432,"path_taken":["M","?","?","M","M","E","?","E","T","E","R","M","?","M","R","BOSS","M","$","M","?","M","R","M","R","T","E","$","?","E"],"build_version":"2018-04-05v2","purchased_purges":1,"victory":false,"master_deck":["Strike_R+1","Defend_R","Defend_R","Defend_R","Bash+1","Jack Of All Trades","Madness","Secret Weapon","Secret Technique","Apotheosis+1","Flame Barrier","Clash","Sword Boomerang+1","Inflame","Rampage+1","Whirlwind","Cleave+1","Berserk+1","Double Tap+1","Master of Strategy","Shockwave+1","Twin Strike+1","Mind Blast","Jack Of All Trades"],"max_hp_per_floor":[80,80,80,80,80,80,80,80,80,80,80,80,80,80,80,80,80,80,80,80,80,80,80,80,80,80,80,80,80,80],"relics":["Burning Blood","Ginger","Blood Vial","Bottled Flame","Astrolabe","Omamori","Nloth\u0027s Gift","Mummified Hand","Paper Frog"],"card_choices":[{"not_picked":["Body Slam"],"picked":"Flame Barrier","floor":1},{"not_picked":["Shrug It Off"],"picked":"Sword Boomerang","floor":6},{"not_picked":["Cleave"],"picked":"Inflame","floor":8},{"not_picked":["Sever Soul"],"picked":"Rampage","floor":10},{"not_picked":["Metallicize"],"picked":"Whirlwind","floor":14},{"not_picked":["Clash"],"picked":"Twin Strike","floor":20}],"player_experience":400320,"potions_floor_usage":[6,8,10,16,27],"damage_taken":[{"damage":1,"enemies":"Cultist","floor":1,"turns":3},{"damage":10,"enemies":"Small Slimes","floor":4,"turns":3},{"damage":2,"enemies":"Jaw Worm","floor":5,"turns":3},{"damage":21,"enemies":"Lagavulin","floor":6,"turns":4},{"damage":13,"enemies":"Gremlin Nob","floor":8,"turns":3},{"damage":17,"enemies":"3 Sentries","floor":10,"turns":5},{"damage":0,"enemies":"Blue Slaver","floor":12,"turns":2},{"damage":0,"enemies":"3 Louse","floor":14,"turns":3},{"damage":28,"enemies":"The Guardian","floor":16,"turns":6},{"damage":5,"enemies":"Shell Parasite","floor":18,"turns":2},{"damage":5,"enemies":"Spheric Guardian","floor":20,"turns":3},{"damage":12,"enemies":"3 Cultists","floor":22,"turns":3},{"damage":23,"enemies":"Snecko","floor":24,"turns":4},{"damage":26,"enemies":"Book of Stabbing","floor":27,"turns":3},{"damage":29,"enemies":"Slavers","floor":30,"turns":1}],"event_choices":[{"event_name":"Shining Light","player_choice":"Entered Light","floor":2,"damage_taken":0},{"event_name":"Living Wall","player_choice":"Change","floor":3,"damage_taken":0},{"event_name":"The Lab","player_choice":"Got Potions","floor":7,"damage_taken":0},{"event_name":"Golden Shrine","player_choice":"Pray","floor":13,"damage_taken":0},{"event_name":"N\u0027loth","player_choice":"Traded a Du-Vu Doll","floor":21,"damage_taken":0},{"event_name":"Knowing Skull","player_choice":"CARD CARD ","floor":29,"damage_taken":0}],"boss_relics":[{"not_picked":["Velvet Choker","Mark of Pain"],"picked":"Astrolabe"}],"potions_floor_spawned":[4,6,8,12,14,18,20,24],"seed_played":"8507077734950112790","killed_by":"Slavers","ascension_level":0,"is_trial":false}