{"gold_per_floor":[117,135,60,75,175,186,205,205,231,506,506,68,78,97,97,97],"floor_reached":16,"playtime":1602,"items_purged":["Strike_R","Regret"],"score":132,"play_id":"b2e9d32f-826a-43a4-82f7-1ad0edc596de","local_time":"20190526001720","is_ascension_mode":true,"campfire_choices":[{"data":"Searing Blow+1","floor":11,"key":"SMITH"},{"floor":15,"key":"REST"}],"neow_cost":"NONE","seed_source_timestamp":130931977207020,"circlet_count":0,"master_deck":["Strike_R","Strike_R","Strike_R","Strike_R","Defend_R","Defend_R","Defend_R","Defend_R","Bash","Cleave","Armaments","True Grit","Spot Weakness","Searing Blow+2","Feel No Pain","Uppercut","Clothesline"],"relics":["Burning Blood","Potion Belt","Mummified Hand"],"potions_floor_usage":[14,16,16],"damage_taken":[{"damage":11,"enemies":"Cultist","floor":1,"turns":4},{"damage":4,"enemies":"Small Slimes","floor":2,"turns":3},{"damage":13,"enemies":"Jaw Worm","floor":4,"turns":4},{"damage":28,"enemies":"Red Slaver","floor":6,"turns":15},{"damage":26,"enemies":"Large Slime","floor":7,"turns":12},{"damage":20,"enemies":"Exordium Wildlife","floor":13,"turns":6},{"damage":9,"enemies":"3 Louse","floor":14,"turns":3},{"damage":37,"enemies":"Hexaghost","floor":16,"turns":9}],"seed_played":"2156962268800979190","potions_obtained":[{"floor":4,"key":"Energy Potion"},{"floor":7,"key":"Energy Potion"},{"floor":13,"key":"AttackPotion"}],"is_trial":false,"path_per_floor":["M","M","$","M","?","M","M","?","T","?","R","$","M","M","R","B"],"character_chosen":"IRONCLAD","items_purchased":["Mummified Hand","Feel No Pain"],"campfire_rested":1,"item_purchase_floors":[12,12],"current_hp_per_floor":[75,77,77,70,70,48,28,28,28,28,28,28,14,11,37,0],"gold":97,"neow_bonus":"TEN_PERCENT_HP_BONUS","is_prod":false,"is_daily":false,"chose_seed":false,"campfire_upgraded":1,"win_rate":0,"timestamp":1558844240,"path_taken":["M","M","$","M","?","?","?","?","T","?","R","$","M","?","R","BOSS"],"build_version":"2019-01-23","purchased_purges":2,"victory":false,"max_hp_per_floor":[88,88,88,88,88,88,88,88,88,88,88,88,88,88,88,88],"card_choices":[{"not_picked":["Headbutt","Iron Wave"],"picked":"Cleave","floor":1},{"not_picked":["Warcry","Entrench"],"picked":"Armaments","floor":2},{"not_picked":["Clash","Anger"],"picked":"True Grit","floor":4},{"not_picked":["Entrench","Armaments"],"picked":"Spot Weakness","floor":6},{"not_picked":["Rupture","Perfected Strike"],"picked":"Searing Blow","floor":7},{"not_picked":["Infernal Blade","Anger"],"picked":"Uppercut","floor":13},{"not_picked":["Twin Strike","Iron Wave"],"picked":"Clothesline","floor":14}],"player_experience":144043,"relics_obtained":[{"floor":9,"key":"Potion Belt"}],"event_choices":[{"damage_healed":0,"gold_gain":100,"player_choice":"Gold","damage_taken":0,"max_hp_gain":0,"max_hp_loss":0,"event_name":"Wheel of Change","floor":5,"gold_loss":0},{"damage_healed":0,"gold_gain":0,"player_choice":"Grow","damage_taken":0,"max_hp_gain":0,"max_hp_loss":0,"event_name":"Living Wall","floor":8,"gold_loss":0,"cards_upgraded":["Searing Blow"]},{"damage_healed":0,"gold_gain":275,"player_choice":"Desecrate","damage_taken":0,"max_hp_gain":0,"max_hp_loss":0,"event_name":"Golden Shrine","floor":10,"gold_loss":0,"cards_obtained":["Regret"]}],"is_beta":false,"boss_relics":[],"items_purged_floors":[3,12],"is_endless":false,"potions_floor_spawned":[4,7,13],"killed_by":"Hexaghost","ascension_level":8}