{"gold_per_floor":[112,112,69,69,69,69,94,94,120,16,16,16,16,41,53,139,151,176,201,55,68,68,68,68,79,79,79,25,36,36,47,47,124,124,143,143,143,160,175,200,200,218,242,260,260,280,280,299,299,299,299,299,299,31,65,65],"floor_reached":57,"playtime":2977,"items_purged":[],"score":2835,"play_id":"8f34e7fe-15a0-4c87-839e-1e6e55332e58","local_time":"20190227201201","is_ascension_mode":true,"campfire_choices":[{"data":"Defragment","floor":6.0,"key":"SMITH"},{"data":"Zap","floor":8.0,"key":"SMITH"},{"data":"Defragment","floor":12.0,"key":"SMITH"},{"data":"Coolheaded","floor":15.0,"key":"SMITH"},{"data":"Defragment","floor":23.0,"key":"SMITH"},{"data":"Aggregate","floor":32.0,"key":"SMITH"},{"data":"Double Energy","floor":41.0,"key":"SMITH"},{"data":"Recycle","floor":47.0,"key":"SMITH"},{"floor":49.0,"key":"RECALL"},{"data":"Defragment","floor":53.0,"key":"SMITH"}],"neow_cost":"NONE","seed_source_timestamp":862266080941707,"circlet_count":0,"master_deck":["AscendersBane","Zap+1","Dualcast","Recycle+1","Defragment+1","Skim","Coolheaded+1","Defragment+1","Double Energy+1","Ball Lightning","Thunder Strike","Coolheaded","Capacitor","Blizzard","Cold Snap","Skim","Defragment+1","Defragment+1","Hologram","Steam","Aggregate+1","Buffer","Hologram","Self Repair","Turbo","Core Surge","Rainbow","Fusion","All For One","Streamline","Ball Lightning","Capacitor","Seek","Loop","Stack+1","Glacier","Compile Driver","Stack","Echo Form","BootSequence+1","White Noise","Turbo+1","Force Field","Skim","Skim","Reinforced Body+1"],"special_seed":0,"relics":["Cracked Core","NeowsBlessing","WarpedTongs","Prayer Wheel","Bag of Preparation","MawBank","Runic Pyramid","Art of War","Pandora\u0027s Box","Blue Candle","OrangePellets","Mummified Hand"],"potions_floor_usage":[56,56],"damage_taken":[{"damage":0.0,"enemies":"2 Louse","floor":1.0,"turns":1.0},{"damage":0.0,"enemies":"Lagavulin","floor":7.0,"turns":1.0},{"damage":0.0,"enemies":"Cultist","floor":14.0,"turns":1.0},{"damage":41.0,"enemies":"Slime Boss","floor":16.0,"turns":9.0},{"damage":9.0,"enemies":"Chosen","floor":18.0,"turns":5.0},{"damage":1.0,"enemies":"Spheric Guardian","floor":19.0,"turns":4.0},{"damage":4.0,"enemies":"Snecko","floor":21.0,"turns":6.0},{"damage":3.0,"enemies":"Centurion and Healer","floor":25.0,"turns":6.0},{"damage":0.0,"enemies":"Chosen and Byrds","floor":29.0,"turns":6.0},{"damage":9.0,"enemies":"Snake Plant","floor":31.0,"turns":5.0},{"damage":0.0,"enemies":"Collector","floor":33.0,"turns":13.0},{"damage":43.0,"enemies":"3 Darklings","floor":35.0,"turns":6.0},{"damage":1.0,"enemies":"3 Shapes","floor":38.0,"turns":5.0},{"damage":35.0,"enemies":"Jaw Worm Horde","floor":39.0,"turns":5.0},{"damage":0.0,"enemies":"Nemesis","floor":40.0,"turns":6.0},{"damage":0.0,"enemies":"3 Darklings","floor":42.0,"turns":5.0},{"damage":0.0,"enemies":"Maw","floor":44.0,"turns":7.0},{"damage":25.0,"enemies":"4 Shapes","floor":46.0,"turns":4.0},{"damage":0.0,"enemies":"3 Darklings","floor":48.0,"turns":5.0},{"damage":28.0,"enemies":"Donu and Deca","floor":50.0,"turns":11.0},{"damage":26.0,"enemies":"Time Eater","floor":51.0,"turns":8.0},{"damage":38,"enemies":"Shield and Spear","floor":55,"turns":8},{"damage":11,"enemies":"The Heart","floor":56,"turns":9}],"seed_played":"-4244946622494075441","potions_obtained":[{"floor":1.0,"key":"Dexterity Potion"},{"floor":14.0,"key":"SpeedPotion"},{"floor":38.0,"key":"SkillPotion"},{"floor":40.0,"key":"Ancient Potion"}],"is_trial":false,"path_per_floor":["M","?","$","?","?","R","E","R","T","$","?","R","?","M","R","B",null,"M","M","$","M","?","R","?","M","T","?","$","M","?","M","R","B",null,"M","?","?","M","M","E","R","M","T","M","?","M","R","M","R","B","B",null,"R","$","E","B",null],"character_chosen":"DEFECT","items_purchased":["Defragment","Coolheaded","Defragment","Skim","Defragment","Steam","OrangePellets","SpeedPotion"],"campfire_rested":0,"item_purchase_floors":[3,10,10,20,20,28,54,54],"current_hp_per_floor":[64,64,64,69,62,62,62,62,62,62,62,62,44,44,44,3,58,49,48,48,44,44,44,44,41,41,41,41,41,41,32,32,39,67,31,31,31,37,9,16,16,23,23,30,59,34,34,54,54,46,40,54,54,54,23,19],"gold":65,"neow_bonus":"THREE_ENEMY_KILL","is_prod":false,"is_daily":false,"chose_seed":false,"campfire_upgraded":9,"win_rate":0,"timestamp":1551269521,"path_taken":["M","?","?","?","?","R","E","R","T","$","?","R","?","M","R","BOSS","M","M","$","M","?","R","?","M","T","?","?","M","?","?","R","BOSS","M","?","?","M","M","E","R","M","T","M","?","M","R","M","R","BOSS","BOSS","R","$","E","BOSS"],"build_version":"2019-01-23","purchased_purges":0,"victory":true,"max_hp_per_floor":[71,71,71,76,76,76,76,76,76,76,76,76,76,76,76,76,76,76,76,76,76,76,76,76,76,76,76,76,76,76,76,76,76,76,76,76,72,72,72,72,72,72,72,72,59,59,59,59,59,59,59,59,59,59,59,59],"card_choices":[{"not_picked":["Go for the Eyes","Conserve Battery"],"picked":"Recycle","floor":1.0},{"not_picked":["Melter","Compile Driver"],"picked":"Skim","floor":7.0},{"not_picked":["Go for the Eyes","Compile Driver"],"picked":"Double Energy","floor":14.0},{"not_picked":["Recycle","Redo"],"picked":"Ball Lightning","floor":14.0},{"not_picked":["Biased Cognition","Multi-Cast"],"picked":"Thunder Strike","floor":16.0},{"not_picked":["Redo","Barrage"],"picked":"Coolheaded","floor":18.0},{"not_picked":["Cold Snap","Glacier"],"picked":"Capacitor","floor":18.0},{"not_picked":["Melter","Gash"],"picked":"Blizzard","floor":19.0},{"not_picked":["Streamline","Leap"],"picked":"Cold Snap","floor":19.0},{"not_picked":["Streamline","Leap+1"],"picked":"Defragment","floor":21.0},{"not_picked":["Lockon+1","Coolheaded","Steam Power"],"picked":"SKIP","floor":21.0},{"not_picked":["Compile Driver","Coolheaded"],"picked":"Hologram","floor":25.0},{"not_picked":["Rainbow","Compile Driver","Coolheaded"],"picked":"SKIP","floor":25.0},{"not_picked":["Redo+1","Stack"],"picked":"Aggregate","floor":29.0},{"not_picked":["Static Discharge","Go for the Eyes"],"picked":"Buffer","floor":29.0},{"not_picked":["Coolheaded","Ball Lightning"],"picked":"Self Repair","floor":31.0},{"not_picked":["Reprogram","Doom and Gloom+1"],"picked":"Turbo","floor":31.0},{"not_picked":["Hyperbeam","Amplify"],"picked":"Core Surge","floor":33.0},{"not_picked":["Self Repair","Gash"],"picked":"Stack+1","floor":35.0},{"not_picked":["Genetic Algorithm","Undo","Redo"],"picked":"SKIP","floor":35.0},{"not_picked":["Coolheaded","Stack+1"],"picked":"Glacier","floor":38.0},{"not_picked":["Compile Driver","Cold Snap","Ball Lightning+1"],"picked":"SKIP","floor":38.0},{"not_picked":["Force Field+1","Coolheaded"],"picked":"Compile Driver","floor":39.0},{"not_picked":["Streamline","Creative AI"],"picked":"Stack","floor":39.0},{"not_picked":["Cold Snap","Coolheaded+1"],"picked":"Echo Form","floor":40.0},{"not_picked":["Aggregate","Leap+1"],"picked":"BootSequence+1","floor":42.0},{"not_picked":["Rebound+1","Ball Lightning+1"],"picked":"White Noise","floor":42.0},{"not_picked":["Hologram+1","Steam"],"picked":"Turbo+1","floor":44.0},{"not_picked":["Rainbow","Blizzard"],"picked":"Force Field","floor":44.0},{"not_picked":["Redo+1","Turbo"],"picked":"Skim","floor":46.0},{"not_picked":["Steam","Darkness","Ball Lightning+1"],"picked":"SKIP","floor":46.0},{"not_picked":["Static Discharge+1","Reprogram+1"],"picked":"Skim","floor":48.0},{"not_picked":["Go for the Eyes","Melter+1","Scrape+1"],"picked":"SKIP","floor":48.0},{"not_picked":["Steam Power","Fusion"],"picked":"Reinforced Body+1","floor":55}],"player_experience":1033353,"relics_obtained":[{"floor":7.0,"key":"Prayer Wheel"},{"floor":9.0,"key":"Bag of Preparation"},{"floor":26.0,"key":"Art of War"},{"floor":40.0,"key":"Blue Candle"},{"floor":55,"key":"Mummified Hand"}],"event_choices":[{"damage_healed":0.0,"max_hp_gain":0.0,"max_hp_loss":0.0,"gold_gain":0.0,"event_name":"Accursed Blacksmith","player_choice":"Rummage","floor":2.0,"gold_loss":0.0,"damage_taken":0.0,"relics_obtained":["WarpedTongs"],"cards_obtained":["Pain"]},{"damage_healed":0.0,"max_hp_gain":5.0,"max_hp_loss":0.0,"gold_gain":0.0,"event_name":"Big Fish","player_choice":"Donut","floor":4.0,"gold_loss":0.0,"damage_taken":0.0},{"cards_removed":["Pain"],"damage_healed":0.0,"max_hp_gain":0.0,"max_hp_loss":0.0,"gold_gain":0.0,"event_name":"Golden Wing","player_choice":"Card Removal","floor":5.0,"gold_loss":0.0,"damage_taken":7.0},{"damage_healed":0.0,"max_hp_gain":0.0,"max_hp_loss":0.0,"gold_gain":0.0,"event_name":"Liars Game","player_choice":"Ignored","floor":11.0,"gold_loss":0.0,"damage_taken":0.0},{"damage_healed":0.0,"max_hp_gain":0.0,"max_hp_loss":0.0,"gold_gain":0.0,"event_name":"Scrap Ooze","player_choice":"Success","floor":13.0,"gold_loss":0.0,"damage_taken":18.0,"relics_obtained":["MawBank"]},{"damage_healed":0.0,"max_hp_gain":0.0,"max_hp_loss":0.0,"gold_gain":0.0,"event_name":"Back to Basics","player_choice":"Simplicity","floor":22.0,"gold_loss":0.0,"damage_taken":0.0,"cards_upgraded":["Strike_B","Strike_B","Strike_B","Strike_B","Defend_B","Defend_B","Defend_B","Defend_B"]},{"damage_healed":0.0,"max_hp_gain":0.0,"max_hp_loss":0.0,"gold_gain":0.0,"event_name":"Beggar","player_choice":"Ignored","floor":24.0,"gold_loss":0.0,"damage_taken":0.0},{"damage_healed":0.0,"max_hp_gain":0.0,"max_hp_loss":0.0,"gold_gain":0.0,"event_name":"The Library","player_choice":"Read","floor":30.0,"gold_loss":0.0,"damage_taken":0.0,"cards_obtained":["Hologram"]},{"damage_healed":0.0,"max_hp_gain":0.0,"max_hp_loss":0.0,"gold_gain":0.0,"event_name":"SensoryStone","player_choice":"Memory 1","floor":36.0,"gold_loss":0.0,"damage_taken":0.0},{"damage_healed":0.0,"max_hp_gain":0.0,"max_hp_loss":4.0,"gold_gain":0.0,"event_name":"Winding Halls","player_choice":"Max HP","floor":37.0,"gold_loss":0.0,"damage_taken":0.0},{"damage_healed":59.0,"max_hp_gain":0.0,"max_hp_loss":13.0,"gold_gain":0.0,"event_name":"The Moai Head","player_choice":"Heal","floor":45.0,"gold_loss":0.0,"damage_taken":0.0}],"is_beta":false,"boss_relics":[{"not_picked":["Nuclear Battery","Coffee Dripper"],"picked":"Runic Pyramid"},{"not_picked":["Philosopher\u0027s Stone","Fusion Hammer"],"picked":"Pandora\u0027s Box"}],"items_purged_floors":[],"is_endless":false,"potions_floor_spawned":[1,14,18,25,33,38,40,48],"ascension_level":20}