{"path_per_floor":["M","$","?","M","?","M","M","R","T","M","M","R","?","E","R","B",null,"M","M","?","M","M","M","R","?","T","M","$","M","E","M","R","B",null,"M","M","$","?","?","R","M","R","T"],"character_chosen":"THE_SILENT","items_purchased":["Ice Cream"],"gold_per_floor":[114,39,39,59,59,69,83,83,83,97,109,109,138,172,172,267,267,286,299,299,311,321,338,338,338,406,423,22,33,368,386,386,487,487,497,515,390,390,390,390,403,403,428],"floor_reached":44,"campfire_rested":4,"playtime":3074,"current_hp_per_floor":[69,69,69,68,54,54,54,54,54,50,47,47,34,25,46,25,70,64,57,57,27,27,24,45,32,42,40,40,40,26,7,32,12,99,87,75,75,99,99,99,53,82,82],"items_purged":["Defend_G","Defend_G","Regret"],"gold":428,"score":409,"play_id":"8c001b3b-5851-4eea-94fe-a226e3bbde58","is_prod":false,"is_daily":false,"is_ascension_mode":false,"campfire_upgraded":3,"path_taken":["M","$","?","?","?","M","M","R","T","M","M","R","?","E","R","BOSS","M","?","?","M","?","M","R","?","T","M","$","M","E","M","R","BOSS","M","M","$","?","?","R","M","R","T","E"],"build_version":"2018-02-15-PROD1","purchased_purges":3,"victory":false,"master_deck":["Defend_G","Defend_G","Defend_G+1","Strike_G","Strike_G","Strike_G","Strike_G","Survivor","Neutralize+1","Dagger Throw+1","Acrobatics+1","Predator+1","Backflip","Unload+1","Regret","Parasite","Prepared+1","Writhe"],"max_hp_per_floor":[70,70,70,70,70,70,70,70,70,70,70,70,70,70,70,70,70,70,70,70,70,70,70,70,75,85,85,85,85,85,85,85,85,99,99,99,99,99,99,99,99,99,99],"relics":["Ring of the Snake","Pen Nib","Ginger","Odd Mushroom","Bag of Preparation","Philosopher\u0027s Stone","Pear","Ice Cream","Old Coin","Calling Bell","Bag of Marbles","Meat on the Bone","Mango","Orichalcum"],"card_choices":[{"not_picked":["Underhanded Strike","Quick Slash"],"picked":"Dagger Throw"},{"not_picked":["Endless Agony","Noxious Fumes"],"picked":"Acrobatics"},{"not_picked":["Caltrops","Masterful Stab"],"picked":"Predator"},{"not_picked":["Outmaneuver","Dagger Spray"],"picked":"Backflip"},{"not_picked":["Bullet Time","A Thousand Cuts"],"picked":"Unload"},{"not_picked":["Poisoned Stab","Malaise"],"picked":"Prepared"}],"player_experience":92359,"potions_floor_usage":[33,41,41],"damage_taken":[{"damage":1.0,"enemies":"Jaw Worm","floor":1.0,"turns":7.0},{"damage":1.0,"enemies":"2 Louse","floor":4.0,"turns":3.0},{"damage":0.0,"enemies":"Small Slimes","floor":6.0,"turns":3.0},{"damage":0.0,"enemies":"Red Slaver","floor":7.0,"turns":4.0},{"damage":4.0,"enemies":"Large Slime","floor":10.0,"turns":6.0},{"damage":3.0,"enemies":"3 Louse","floor":11.0,"turns":4.0},{"damage":13.0,"enemies":"The Mushroom Lair","floor":13.0,"turns":5.0},{"damage":9.0,"enemies":"Lagavulin","floor":14.0,"turns":9.0},{"damage":21.0,"enemies":"The Guardian","floor":16.0,"turns":16.0},{"damage":6.0,"enemies":"2 Thieves","floor":18.0,"turns":5.0},{"damage":7.0,"enemies":"3 Byrds","floor":19.0,"turns":4.0},{"damage":30.0,"enemies":"3 Cultists","floor":21.0,"turns":7.0},{"damage":0.0,"enemies":"Snecko","floor":22.0,"turns":3.0},{"damage":3.0,"enemies":"Chosen and Byrds","floor":23.0,"turns":5.0},{"damage":2.0,"enemies":"Snake Plant","floor":27.0,"turns":4.0},{"damage":0.0,"enemies":"Snecko","floor":29.0,"turns":3.0},{"damage":14.0,"enemies":"Slavers","floor":30.0,"turns":6.0},{"damage":19.0,"enemies":"Centurion and Healer","floor":31.0,"turns":7.0},{"damage":20,"enemies":"Champ","floor":33,"turns":12},{"damage":12,"enemies":"3 Shapes","floor":35,"turns":5},{"damage":12,"enemies":"Orb Walker","floor":36,"turns":3},{"damage":46,"enemies":"4 Shapes","floor":41,"turns":8},{"damage":89,"enemies":"2 Orb Walkers","floor":44,"turns":5}],"event_choices":[{"event_name":"The Cleric","player_choice":"Leave","floor":3.0,"damage_taken":0.0},{"event_name":"Shining Light","player_choice":"Entered Light","floor":5.0,"damage_taken":0.0},{"event_name":"Mushrooms","player_choice":"Fought Mushrooms","floor":13.0,"damage_taken":0.0},{"event_name":"Back to Basics","player_choice":"Elegance","floor":20.0,"damage_taken":0.0},{"event_name":"Forgotten Altar","player_choice":"Shed Blood","floor":25.0,"damage_taken":0.0},{"event_name":"Winding Halls","player_choice":"Writhe","floor":38,"damage_taken":0},{"event_name":"Tomb of Lord Red Mask","player_choice":"Ignored","floor":39,"damage_taken":0}],"boss_relics":[{"not_picked":["White Beast Statue","Lizard Tail"],"picked":"Calling Bell"}],"potions_floor_spawned":[4,7,11,14,19,27,31,33],"seed_played":"103253306589710108","killed_by":"2 Orb Walkers","ascension_level":0,"is_trial":false}