{"gold_per_floor":[114,133,14,14,26,26,40,65,65,65,65,65],"floor_reached":12,"playtime":283,"items_purged":["Strike_G"],"score":176,"play_id":"fe93f4a0-426e-4bb5-a2b8-d023e7ceaa99","local_time":"20190216085818","is_ascension_mode":true,"campfire_choices":[{"data":"1","floor":6.0,"key":"LIFT"},{"data":"2","floor":11,"key":"LIFT"}],"neow_cost":"PERCENT_DAMAGE","seed_source_timestamp":367024731636,"circlet_count":0,"master_deck":["AscendersBane","Defend_G","Defend_G","Defend_G","Defend_G","Defend_G","Strike_G","Strike_G","Strike_G","Survivor","Neutralize","Backstab","Poisoned Stab","Noxious Fumes","Predator","Tactician"],"special_seed":0,"relics":["Ring of the Snake","Girya","Matryoshka","Letter Opener"],"potions_floor_usage":[10,12],"damage_taken":[{"damage":11.0,"enemies":"Cultist","floor":1.0,"turns":6.0},{"damage":0.0,"enemies":"2 Louse","floor":2.0,"turns":3.0},{"damage":6.0,"enemies":"Small Slimes","floor":5.0,"turns":3.0},{"damage":4.0,"enemies":"Blue Slaver","floor":7.0,"turns":2.0},{"damage":10.0,"enemies":"Lagavulin","floor":8.0,"turns":6.0},{"damage":0,"enemies":"3 Sentries","floor":10,"turns":1},{"damage":0,"enemies":"Lagavulin","floor":12,"turns":3}],"seed_played":"54693725699531797","potions_obtained":[{"floor":1.0,"key":"Block Potion"},{"floor":2.0,"key":"PowerPotion"},{"floor":8.0,"key":"SmokeBomb"}],"is_trial":false,"path_per_floor":["M","M","$","?","M","R","M","E","T","E","R","E"],"character_chosen":"THE_SILENT","items_purchased":["Noxious Fumes"],"campfire_rested":0,"item_purchase_floors":[3],"current_hp_per_floor":[33,33,33,33,27,27,23,13,13,13,13,13],"gold":65,"neow_bonus":"ONE_RARE_RELIC","is_prod":false,"is_daily":false,"chose_seed":false,"campfire_upgraded":0,"win_rate":0,"timestamp":1550278698,"path_taken":["M","M","$","?","M","R","?","E","T","E","R","E"],"build_version":"2019-01-23","purchased_purges":1,"victory":false,"max_hp_per_floor":[66,66,66,66,66,66,66,66,66,66,66,66],"card_choices":[{"not_picked":["Reflex","Slice"],"picked":"Backstab","floor":1.0},{"not_picked":["Acrobatics","Backflip"],"picked":"Poisoned Stab","floor":2.0},{"not_picked":["Finisher","Prepared","Blur"],"picked":"SKIP","floor":5.0},{"not_picked":["Sucker Punch","Concentrate","PiercingWail"],"picked":"SKIP","floor":7.0},{"not_picked":["Poisoned Stab","Caltrops"],"picked":"Tactician","floor":8.0}],"player_experience":2804642,"relics_obtained":[{"floor":8.0,"key":"Matryoshka"},{"floor":9.0,"key":"Letter Opener"}],"event_choices":[{"damage_healed":0.0,"max_hp_gain":0.0,"max_hp_loss":0.0,"gold_gain":0.0,"cards_transformed":["Strike_G"],"event_name":"Transmorgrifier","player_choice":"Transformed","floor":4.0,"gold_loss":0.0,"damage_taken":0.0,"cards_obtained":["Predator"]}],"is_beta":false,"boss_relics":[],"items_purged_floors":[3],"is_endless":false,"potions_floor_spawned":[1,2,8,10],"killed_by":"Lagavulin","ascension_level":20}