{"gold_per_floor":[118,43,61,61,72,72,85,85,108,108,8,34,34],"floor_reached":13,"playtime":457,"items_purged":["Strike_G","Strike_G"],"score":146,"play_id":"0b449bef-f724-4cc5-bc62-cd948d5f87cc","local_time":"20190216200654","is_ascension_mode":true,"campfire_choices":[{"data":"Neutralize","floor":6,"key":"SMITH"},{"data":"Catalyst","floor":8,"key":"SMITH"},{"data":"Footwork","floor":10,"key":"SMITH"}],"neow_cost":"NONE","seed_source_timestamp":40377253891007,"circlet_count":0,"master_deck":["AscendersBane","Defend_G","Defend_G","Defend_G","Defend_G","Defend_G","Strike_G","Strike_G","Survivor","Neutralize+1","Footwork+1","Catalyst+1"],"special_seed":0,"relics":["Ring of the Snake","Lantern","Regal Pillow","Art of War"],"potions_floor_usage":[13],"damage_taken":[{"damage":25.0,"enemies":"Jaw Worm","floor":1.0,"turns":7.0},{"damage":7.0,"enemies":"Cultist","floor":3.0,"turns":5.0},{"damage":2,"enemies":"2 Louse","floor":5,"turns":5},{"damage":5,"enemies":"2 Fungi Beasts","floor":7,"turns":7},{"damage":16,"enemies":"Exordium Wildlife","floor":13,"turns":17}],"seed_played":"-7479876523548072256","potions_obtained":[{"floor":5,"key":"EssenceOfSteel"},{"floor":7,"key":"Ancient Potion"}],"is_trial":false,"path_per_floor":["M","$","M","?","M","R","M","R","T","R","$","T","M"],"character_chosen":"THE_SILENT","items_purchased":[],"campfire_rested":0,"item_purchase_floors":[],"current_hp_per_floor":[34,34,27,27,25,25,20,20,20,20,20,20,4],"gold":34,"neow_bonus":"RANDOM_COMMON_RELIC","is_prod":false,"is_daily":false,"chose_seed":false,"campfire_upgraded":3,"win_rate":0,"timestamp":1550318814,"path_taken":["M","$","M","?","M","R","?","R","T","R","$","?","M"],"build_version":"2019-01-23","purchased_purges":2,"victory":false,"max_hp_per_floor":[66,66,66,66,66,66,66,66,66,66,66,66,66],"card_choices":[{"not_picked":["Blade Dance","Deflect","Accuracy"],"picked":"SKIP","floor":1.0},{"not_picked":["Poisoned Stab","PiercingWail"],"picked":"Footwork","floor":3.0},{"not_picked":["Dagger Throw","Flechettes","Quick Slash"],"picked":"SKIP","floor":5},{"not_picked":["All Out Attack","Poisoned Stab","Cloak And Dagger"],"picked":"SKIP","floor":7}],"player_experience":2835203,"relics_obtained":[{"floor":9,"key":"Regal Pillow"},{"floor":12,"key":"Art of War"}],"event_choices":[{"damage_healed":0,"gold_gain":0,"cards_transformed":["Strike_G"],"player_choice":"Transformed","damage_taken":0,"max_hp_gain":0,"max_hp_loss":0,"event_name":"Transmorgrifier","floor":4,"gold_loss":0,"cards_obtained":["Catalyst"]}],"is_beta":false,"boss_relics":[],"items_purged_floors":[2,11],"is_endless":false,"potions_floor_spawned":[5,7],"killed_by":"Exordium Wildlife","ascension_level":20}