{"gold_per_floor":[116,116,134,57,57,57,74,74,74,91,16,16,29,45,45,122,122,2,2,2,18,18],"floor_reached":22,"playtime":1214,"items_purged":["Strike_G"],"score":352,"play_id":"da792d19-00d9-4b61-9e3c-41ca47b6242f","local_time":"20181229170252","is_ascension_mode":true,"campfire_choices":[{"data":"Neutralize","floor":6.0,"key":"SMITH"},{"data":"Grand Finale","floor":15,"key":"SMITH"}],"neow_cost":"TEN_PERCENT_HP_LOSS","seed_source_timestamp":21675555809934,"circlet_count":0,"master_deck":["AscendersBane","Defend_G","Defend_G","Defend_G","Defend_G","Defend_G","Strike_G","Strike_G","Strike_G","Survivor","Neutralize+1","After Image","Backstab","Doppelganger","Well Laid Plans","Well Laid Plans","Cloak And Dagger","Well Laid Plans","Grand Finale+1","Wraith Form v2","Injury","Regret","Injury","Backflip","Escape Plan"],"special_seed":0,"relics":["Ring of the Snake","WingedGreaves","Calling Bell","Art of War","The Courier","Peace Pipe"],"potions_floor_usage":[8,18],"damage_taken":[{"damage":0.0,"enemies":"2 Louse","floor":1.0,"turns":4.0},{"damage":0.0,"enemies":"Cultist","floor":3.0,"turns":4.0},{"damage":0.0,"enemies":"Small Slimes","floor":7.0,"turns":5.0},{"damage":0,"enemies":"Exordium Thugs","floor":8,"turns":2},{"damage":0,"enemies":"Blue Slaver","floor":10,"turns":5},{"damage":9,"enemies":"3 Louse","floor":13,"turns":6},{"damage":0,"enemies":"Red Slaver","floor":14,"turns":5},{"damage":34,"enemies":"The Guardian","floor":16,"turns":12},{"damage":6,"enemies":"2 Thieves","floor":18,"turns":5},{"damage":16,"enemies":"Shell Parasite","floor":21,"turns":7},{"damage":22,"enemies":"Centurion and Healer","floor":22,"turns":2}],"seed_played":"7085326089013927655","potions_obtained":[{"floor":7.0,"key":"SmokeBomb"},{"floor":16,"key":"Block Potion"}],"is_trial":false,"path_per_floor":["M","?","M","$","?","R","M","M","T","M","$","?","M","M","R","B",null,"M","?","$","M","M"],"character_chosen":"THE_SILENT","items_purchased":["Well Laid Plans"],"campfire_rested":0,"item_purchase_floors":[4],"current_hp_per_floor":[59,59,59,59,54,54,54,54,54,54,54,54,45,45,45,11,48,42,42,42,26,4],"gold":18,"neow_bonus":"THREE_RARE_CARDS","is_prod":false,"is_daily":false,"chose_seed":false,"campfire_upgraded":2,"win_rate":0,"timestamp":1546074172,"path_taken":["M","?","?","$","?","R","M","M","T","M","$","?","M","?","R","BOSS","M","?","$","M","M"],"build_version":"2018-12-20","purchased_purges":1,"victory":false,"max_hp_per_floor":[60,60,60,60,60,60,60,60,60,60,60,60,60,60,60,60,60,60,60,60,60,60],"card_choices":[{"not_picked":["Tools of the Trade","Doppelganger"],"picked":"After Image","floor":0.0},{"not_picked":["Slice","Skewer","Blade Dance"],"picked":"SKIP","floor":1.0},{"not_picked":["Slice","Sucker Punch"],"picked":"Well Laid Plans","floor":3.0},{"not_picked":["Endless Agony","Prepared"],"picked":"Cloak And Dagger","floor":7.0},{"not_picked":["Blade Dance","Setup"],"picked":"Well Laid Plans","floor":10},{"not_picked":["Cloak And Dagger","Deflect","Riddle With Holes"],"picked":"SKIP","floor":13},{"not_picked":["Flying Knee","Heel Hook","Dodge and Roll"],"picked":"SKIP","floor":14},{"not_picked":["Glass Knife","Night Terror"],"picked":"Wraith Form v2","floor":16},{"not_picked":["Dagger Throw+1","Cloak And Dagger"],"picked":"Backflip","floor":18},{"not_picked":["Outmaneuver","Flying Knee"],"picked":"Escape Plan","floor":21}],"player_experience":1573096,"relics_obtained":[{"floor":17,"key":"Art of War"},{"floor":17,"key":"The Courier"},{"floor":17,"key":"Peace Pipe"}],"event_choices":[{"damage_healed":0.0,"max_hp_gain":0.0,"max_hp_loss":0.0,"gold_gain":0.0,"event_name":"Match and Keep!","player_choice":"2 cards matched","floor":2.0,"gold_loss":0.0,"damage_taken":0.0,"cards_obtained":["Backstab","Doppelganger"]},{"damage_healed":0.0,"max_hp_gain":0.0,"max_hp_loss":0.0,"gold_gain":0.0,"event_name":"Scrap Ooze","player_choice":"Success","floor":5.0,"gold_loss":0.0,"damage_taken":5.0,"relics_obtained":["WingedGreaves"]},{"damage_healed":0,"gold_gain":0,"cards_transformed":["Strike_G"],"player_choice":"Transformed","damage_taken":0,"max_hp_gain":0,"max_hp_loss":0,"event_name":"Transmorgrifier","floor":12,"gold_loss":0,"cards_obtained":["Grand Finale"]},{"damage_healed":0,"gold_gain":0,"player_choice":"Ignored","damage_taken":0,"max_hp_gain":0,"max_hp_loss":0,"event_name":"Beggar","floor":19,"gold_loss":0}],"is_beta":false,"boss_relics":[{"not_picked":["Runic Pyramid","Snecko Eye"],"picked":"Calling Bell"}],"items_purged_floors":[11],"is_endless":false,"potions_floor_spawned":[7,8,16],"killed_by":"Centurion and Healer","ascension_level":20}