{"gold_per_floor":[114,125,143,143,162,162,193,210,210,210,230,230],"floor_reached":12,"playtime":304,"items_purged":[],"score":127,"play_id":"98bafc02-37c7-4ca1-a5ce-9d0b40f895ec","local_time":"20181009160122","is_ascension_mode":true,"campfire_choices":[{"data":"Defragment","floor":6,"key":"SMITH"},{"floor":10,"key":"REST"}],"neow_cost":"NONE","seed_source_timestamp":612926491768507,"circlet_count":0,"master_deck":["Strike_B","Strike_B+1","Strike_B","Strike_B","Defend_B","Defend_B","Defend_B","Defend_B","Zap","Dualcast","AscendersBane","Defragment+1","Ball Lightning+1","Conserve Battery","Redo","Writhe","Cold Snap"],"relics":["Cursed Key","Matryoshka","Art of War","Ice Cream"],"potions_floor_usage":[7,12],"damage_taken":[{"damage":0,"enemies":"Small Slimes","floor":1,"turns":3},{"damage":14,"enemies":"Jaw Worm","floor":2,"turns":4},{"damage":6,"enemies":"2 Louse","floor":3,"turns":2},{"damage":9,"enemies":"Red Slaver","floor":5,"turns":3},{"damage":20,"enemies":"3 Sentries","floor":7,"turns":6},{"damage":3,"enemies":"Blue Slaver","floor":8,"turns":3},{"damage":21,"enemies":"Lots of Slimes","floor":11,"turns":4},{"damage":13,"enemies":"Large Slime","floor":12,"turns":1}],"seed_played":"-3855860859166037711","potions_obtained":[{"floor":1,"key":"Strength Potion"},{"floor":11,"key":"FearPotion"}],"is_trial":false,"path_per_floor":["M","M","M","?","M","R","E","M","T","R","M"],"character_chosen":"DEFECT","items_purchased":[],"campfire_rested":1,"item_purchase_floors":[],"current_hp_per_floor":[68,54,48,33,24,24,4,1,1,23,2,0],"gold":230,"neow_bonus":"BOSS_RELIC","is_prod":false,"is_daily":false,"chose_seed":false,"campfire_upgraded":1,"win_rate":0,"timestamp":1539072082,"path_taken":["M","M","M","?","?","R","E","M","T","R","M","M"],"build_version":"2018-10-04v2","purchased_purges":0,"victory":false,"max_hp_per_floor":[75,75,75,75,75,75,75,75,75,75,75,75],"card_choices":[{"not_picked":["Reinforced Body","Stack"],"picked":"Defragment","floor":1},{"not_picked":["Force Field","Heatsinks"],"picked":"Ball Lightning","floor":2},{"not_picked":["Skim","Melter"],"picked":"Conserve Battery","floor":3},{"not_picked":["Cold Snap","Storm"],"picked":"Redo","floor":5},{"not_picked":["Gash","Steam","Sunder"],"picked":"SKIP","floor":7},{"not_picked":["Conserve Battery","Hologram","Stack"],"picked":"SKIP","floor":8},{"not_picked":["Turbo","Coolheaded"],"picked":"Cold Snap","floor":11}],"player_experience":252505,"relics_obtained":[{"floor":7,"key":"Matryoshka"},{"floor":9,"key":"Art of War"},{"floor":9,"key":"Ice Cream"}],"event_choices":[{"event_name":"Shining Light","player_choice":"Entered Light","floor":4,"damage_taken":0}],"is_beta":false,"boss_relics":[],"items_purged_floors":[],"is_endless":false,"potions_floor_spawned":[1,11],"killed_by":"Large Slime","ascension_level":11}