{"gold_per_floor":[118,118,135,153,170,170,184,184,184,184,213,229,261,45,45,149,149,164,70,90,140,155,155,105,119,119,119,147,147,215,226,226,326,326,346,31,81,98,98,130,130,192,192,192,205,267,317,27,27,27],"floor_reached":51,"playtime":2274,"items_purged":["Strike_B","Strike_B"],"score":909,"play_id":"fcf3cb43-a587-44e5-9762-d9af03420abb","local_time":"20190619023408","is_ascension_mode":false,"campfire_choices":[{"data":"Dualcast","floor":6.0,"key":"SMITH"},{"data":"Zap","floor":8.0,"key":"SMITH"},{"data":"Biased Cognition","floor":15.0,"key":"SMITH"},{"data":"Impatience","floor":23,"key":"SMITH"},{"data":"Coolheaded","floor":27,"key":"SMITH"},{"data":"Coolheaded","floor":29,"key":"SMITH"},{"data":"Heatsinks","floor":32,"key":"SMITH"},{"data":"Coolheaded","floor":41,"key":"SMITH"},{"data":"Seek","floor":44,"key":"SMITH"},{"data":"Defragment","floor":49,"key":"SMITH"}],"neow_cost":"NONE","seed_source_timestamp":57643694783583,"circlet_count":0,"master_deck":["Strike_B","Defend_B","Defend_B","Defend_B","Defend_B","Zap+1","Dualcast+1","Core Surge","Rip and Tear+1","Cold Snap","Chill","Glacier","White Noise","Chaos","Self Repair","Biased Cognition+1","Seek+1","Coolheaded+1","Impatience+1","Coolheaded+1","Consume+1","Undo","Defragment+1","Heatsinks+1","Electrodynamics","Coolheaded+1","Auto Shields+1","Loop+1","Parasite","Recycle+1","Capacitor+1","Defragment+1"],"special_seed":0,"relics":["Cracked Core","PreservedInsect","SsserpentHead","Bronze Scales","Darkstone Periapt","Runic Dome","Blue Candle","Centennial Puzzle","Coffee Dripper","Incense Burner","Bag of Marbles","Mummified Hand","ClockworkSouvenir"],"potions_floor_usage":[18,22,50,50,50],"damage_taken":[{"damage":1.0,"enemies":"2 Louse","floor":1.0,"turns":2.0},{"damage":0.0,"enemies":"Cultist","floor":3.0,"turns":2.0},{"damage":0.0,"enemies":"Small Slimes","floor":4.0,"turns":1.0},{"damage":8.0,"enemies":"Blue Slaver","floor":5.0,"turns":3.0},{"damage":0.0,"enemies":"2 Fungi Beasts","floor":7.0,"turns":3.0},{"damage":0.0,"enemies":"3 Sentries","floor":11.0,"turns":5.0},{"damage":0.0,"enemies":"Large Slime","floor":12.0,"turns":5.0},{"damage":0.0,"enemies":"Gremlin Nob","floor":13.0,"turns":2.0},{"damage":23.0,"enemies":"Hexaghost","floor":16.0,"turns":8.0},{"damage":0,"enemies":"2 Thieves","floor":18,"turns":4},{"damage":0,"enemies":"Chosen","floor":20,"turns":4},{"damage":0,"enemies":"3 Cultists","floor":22,"turns":5},{"damage":0,"enemies":"Cultist and Chosen","floor":25,"turns":6},{"damage":3,"enemies":"Book of Stabbing","floor":28,"turns":4},{"damage":11,"enemies":"Snecko","floor":30,"turns":6},{"damage":0,"enemies":"Snake Plant","floor":31,"turns":3},{"damage":0,"enemies":"Collector","floor":33,"turns":12},{"damage":16,"enemies":"3 Darklings","floor":35,"turns":3},{"damage":0,"enemies":"Orb Walker","floor":38,"turns":4},{"damage":0,"enemies":"Reptomancer","floor":40,"turns":3},{"damage":0,"enemies":"Sphere and 2 Shapes","floor":42,"turns":1},{"damage":7,"enemies":"Writhing Mass","floor":45,"turns":6},{"damage":1,"enemies":"Maw","floor":46,"turns":7},{"damage":1,"enemies":"Awakened One","floor":50,"turns":11}],"seed_played":"-7797154757516721001","potions_obtained":[{"floor":1.0,"key":"Weak Potion"},{"floor":4.0,"key":"Explosive Potion"},{"floor":12.0,"key":"SkillPotion"},{"floor":22,"key":"Fruit Juice"},{"floor":25,"key":"Explosive Potion"},{"floor":40,"key":"PowerPotion"},{"floor":46,"key":"SkillPotion"}],"is_trial":false,"path_per_floor":["M","?","M","M","M","R","M","R","T","?","E","M","E","$","R","B",null,"M","$","M","?","M","R","$","M","T","R","E","R","M","M","R","B",null,"M","$","?","M","$","E","R","M","T","R","M","M","?","$","R","B",null],"character_chosen":"DEFECT","items_purchased":["Biased Cognition","Impatience","Incense Burner","ClockworkSouvenir","Defragment"],"campfire_rested":0,"item_purchase_floors":[14,19,36,48,48],"current_hp_per_floor":[74,74,74,74,66,66,66,66,66,66,66,66,66,66,66,50,75,75,75,75,75,80,80,80,80,80,80,80,80,76,80,80,80,80,71,71,71,78,78,80,80,80,80,80,86,86,86,86,86,86],"gold":27,"neow_bonus":"ONE_RANDOM_RARE_CARD","is_prod":false,"is_daily":false,"chose_seed":false,"campfire_upgraded":10,"win_rate":0,"timestamp":1560882848,"path_taken":["M","?","?","M","M","R","M","R","T","?","E","M","E","$","R","BOSS","M","$","M","?","M","R","?","M","T","R","E","R","?","M","R","BOSS","M","$","?","M","$","E","R","?","T","R","M","?","?","$","R","BOSS"],"build_version":"2019-01-23","purchased_purges":2,"victory":true,"max_hp_per_floor":[75,75,75,75,75,75,75,75,75,75,75,75,75,75,75,75,75,75,75,75,75,80,80,80,80,80,80,80,80,80,80,80,80,80,80,80,80,80,80,80,80,80,80,80,86,86,86,86,86,86],"card_choices":[{"not_picked":["Steam","Stack"],"picked":"Rip and Tear","floor":1.0},{"not_picked":["Barrage","Heatsinks"],"picked":"Cold Snap","floor":3.0},{"not_picked":["Go for the Eyes","Ball Lightning"],"picked":"Chill","floor":4.0},{"not_picked":["Streamline","Turbo"],"picked":"Glacier","floor":5.0},{"not_picked":["Chaos","Gash","Glacier"],"picked":"SKIP","floor":7.0},{"not_picked":["Conserve Battery","Auto Shields"],"picked":"White Noise","floor":11.0},{"not_picked":["Hologram","Rebound"],"picked":"Chaos","floor":12.0},{"not_picked":["Conserve Battery","Compile Driver"],"picked":"Self Repair","floor":13.0},{"not_picked":["Thunder Strike","Meteor Strike"],"picked":"Seek","floor":16.0},{"not_picked":["Genetic Algorithm","Hologram"],"picked":"Coolheaded","floor":18},{"not_picked":["Gash+1","Turbo","Stack"],"picked":"SKIP","floor":20},{"not_picked":["Beam Cell+1","Conserve Battery"],"picked":"Consume+1","floor":22},{"not_picked":["FTL","Hologram","Turbo"],"picked":"SKIP","floor":25},{"not_picked":["Barrage","Static Discharge+1"],"picked":"Undo","floor":28},{"not_picked":["Stack","Barrage"],"picked":"Defragment+1","floor":30},{"not_picked":["Leap","Meteor Strike"],"picked":"Heatsinks","floor":31},{"not_picked":["Biased Cognition","Thunder Strike"],"picked":"Electrodynamics","floor":33},{"not_picked":["Barrage","Conserve Battery"],"picked":"Coolheaded","floor":35},{"not_picked":["Undo","Conserve Battery+1"],"picked":"Auto Shields+1","floor":38},{"not_picked":["Lockon+1","Consume+1","Storm"],"picked":"SKIP","floor":40},{"not_picked":["Aggregate","Tempest"],"picked":"Loop+1","floor":42},{"not_picked":["Auto Shields","Chaos+1"],"picked":"Recycle+1","floor":45},{"not_picked":["Steam","Redo+1"],"picked":"Capacitor+1","floor":46}],"player_experience":5434672,"relics_obtained":[{"floor":9.0,"key":"PreservedInsect"},{"floor":11.0,"key":"Bronze Scales"},{"floor":13.0,"key":"Darkstone Periapt"},{"floor":26,"key":"Blue Candle"},{"floor":28,"key":"Centennial Puzzle"},{"floor":40,"key":"Bag of Marbles"},{"floor":43,"key":"Mummified Hand"}],"event_choices":[{"damage_healed":0.0,"max_hp_gain":0.0,"max_hp_loss":0.0,"gold_gain":0.0,"event_name":"Upgrade Shrine","player_choice":"Upgraded","floor":2.0,"gold_loss":0.0,"damage_taken":0.0,"cards_upgraded":["Rip and Tear"]},{"damage_healed":0.0,"max_hp_gain":0.0,"max_hp_loss":0.0,"gold_gain":0.0,"event_name":"FaceTrader","player_choice":"Trade","floor":10.0,"gold_loss":0.0,"damage_taken":0.0,"relics_obtained":["SsserpentHead"]},{"damage_healed":0,"gold_gain":0,"player_choice":"1 cards matched","damage_taken":0,"max_hp_gain":0,"max_hp_loss":0,"event_name":"Match and Keep!","floor":21,"gold_loss":0,"cards_obtained":["Coolheaded"]},{"damage_healed":0,"gold_gain":0,"player_choice":"Got Potions","damage_taken":0,"max_hp_gain":0,"max_hp_loss":0,"event_name":"Lab","floor":37,"gold_loss":0},{"cards_removed":["Strike_B"],"damage_healed":0,"gold_gain":0,"player_choice":"Removed Attack","damage_taken":0,"max_hp_gain":0,"max_hp_loss":0,"event_name":"Falling","floor":47,"gold_loss":0}],"is_beta":false,"boss_relics":[{"not_picked":["Philosopher\u0027s Stone","Calling Bell"],"picked":"Runic Dome"},{"not_picked":["Nuclear Battery","FrozenCore"],"picked":"Coffee Dripper"}],"items_purged_floors":[14,24],"is_endless":false,"potions_floor_spawned":[1,4,12,22,25,30,40,42,45,46],"ascension_level":0}