{"gold_per_floor":[118,15,26,39,53,53,53,53,132,151,178,178,204,216,216,292,292,304,229,229,75,92,92,92],"floor_reached":24,"playtime":826,"items_purged":["Body Slam"],"score":487,"play_id":"75e8fa2d-43b7-4484-9c06-4c734ac3c39f","local_time":"20190110133736","is_ascension_mode":true,"campfire_choices":[{"data":"True Grit","floor":6.0,"key":"SMITH"},{"data":"True Grit","floor":12.0,"key":"SMITH"},{"data":"Bash","floor":15.0,"key":"SMITH"},{"data":"Corruption","floor":23.0,"key":"SMITH"}],"neow_cost":"NONE","seed_source_timestamp":5763526811028,"circlet_count":0,"master_deck":["AscendersBane","Defend_R","Defend_R","Defend_R","Defend_R","Bash+1","True Grit+1","Dropkick","Dropkick","True Grit+1","Reaper","Feed","Corruption+1"],"special_seed":0,"relics":["Burning Blood","NeowsBlessing","Meat on the Bone","Art of War","Mango","Empty Cage"],"potions_floor_usage":[24,24],"damage_taken":[{"damage":0.0,"enemies":"Cultist","floor":1.0,"turns":1.0},{"damage":0.0,"enemies":"Jaw Worm","floor":3.0,"turns":1.0},{"damage":0.0,"enemies":"Small Slimes","floor":4.0,"turns":1.0},{"damage":14.0,"enemies":"Blue Slaver","floor":5.0,"turns":4.0},{"damage":20.0,"enemies":"3 Louse","floor":10.0,"turns":7.0},{"damage":24.0,"enemies":"Lagavulin","floor":11.0,"turns":8.0},{"damage":36.0,"enemies":"3 Sentries","floor":13.0,"turns":15.0},{"damage":18.0,"enemies":"Exordium Wildlife","floor":14.0,"turns":5.0},{"damage":42.0,"enemies":"The Guardian","floor":16.0,"turns":9.0},{"damage":23.0,"enemies":"Shell Parasite","floor":18.0,"turns":8.0},{"damage":15.0,"enemies":"2 Thieves","floor":22.0,"turns":4.0},{"damage":48,"enemies":"Book of Stabbing","floor":24,"turns":4}],"seed_played":"3792581517312022741","potions_obtained":[{"floor":4.0,"key":"Fire Potion"},{"floor":5.0,"key":"Block Potion"},{"floor":11.0,"key":"GamblersBrew"},{"floor":14.0,"key":"SpeedPotion"}],"is_trial":false,"path_per_floor":["M","$","M","M","M","R","?","?","T","M","E","R","E","M","R","B",null,"M","?","?","$","M","R","E"],"character_chosen":"IRONCLAD","items_purchased":["True Grit","Dropkick","Corruption"],"campfire_rested":0,"item_purchase_floors":[2,2,21],"current_hp_per_floor":[74,74,75,75,67,67,60,60,60,55,49,49,57,53,53,34,75,67,67,67,67,61,61,19],"gold":92,"neow_bonus":"THREE_ENEMY_KILL","is_prod":false,"is_daily":false,"chose_seed":false,"campfire_upgraded":4,"win_rate":0,"timestamp":1547098656,"path_taken":["M","$","M","M","?","R","?","?","T","M","E","R","E","M","R","BOSS","M","?","?","$","M","R","E"],"build_version":"2019-01-03v4","purchased_purges":1,"victory":false,"max_hp_per_floor":[75,75,75,75,75,75,75,75,75,75,75,75,89,89,89,89,89,92,92,92,92,95,95,95],"card_choices":[{"not_picked":["Iron Wave","Perfected Strike"],"picked":"Body Slam","floor":1.0},{"not_picked":["Sword Boomerang","Body Slam"],"picked":"Dropkick","floor":3.0},{"not_picked":["Havoc","Headbutt"],"picked":"True Grit","floor":4.0},{"not_picked":["Entrench","Heavy Blade","Inflame"],"picked":"SKIP","floor":5.0},{"not_picked":["Disarm","Reckless Charge","Searing Blow"],"picked":"SKIP","floor":10.0},{"not_picked":["Feel No Pain","Pommel Strike","Dual Wield"],"picked":"SKIP","floor":11.0},{"not_picked":["Thunderclap","Searing Blow","Perfected Strike"],"picked":"SKIP","floor":13.0},{"not_picked":["Pommel Strike","Rupture","Shrug It Off"],"picked":"SKIP","floor":14.0},{"not_picked":["Fiend Fire","Brutality"],"picked":"Feed","floor":16.0},{"not_picked":["Rampage","Clash","Flex"],"picked":"SKIP","floor":18.0},{"not_picked":["Clothesline","Iron Wave","Flex+1"],"picked":"SKIP","floor":22.0}],"player_experience":1903916,"relics_obtained":[{"floor":9.0,"key":"Meat on the Bone"},{"floor":11.0,"key":"Art of War"},{"floor":13.0,"key":"Mango"}],"event_choices":[{"cards_removed":["Strike_R"],"damage_healed":0.0,"max_hp_gain":0.0,"max_hp_loss":0.0,"gold_gain":0.0,"event_name":"Golden Wing","player_choice":"Card Removal","floor":7.0,"gold_loss":0.0,"damage_taken":7.0},{"damage_healed":0.0,"max_hp_gain":0.0,"max_hp_loss":0.0,"gold_gain":0.0,"cards_transformed":["Strike_R"],"event_name":"Living Wall","player_choice":"Change","floor":8.0,"gold_loss":0.0,"damage_taken":0.0,"cards_obtained":["Reaper"]},{"cards_removed":["Strike_R"],"damage_healed":0.0,"max_hp_gain":0.0,"max_hp_loss":0.0,"gold_gain":0.0,"event_name":"Beggar","player_choice":"Gave Gold","floor":19.0,"gold_loss":75.0,"damage_taken":0.0},{"damage_healed":0.0,"max_hp_gain":0.0,"max_hp_loss":0.0,"gold_gain":0.0,"event_name":"Ghosts","player_choice":"Ignored","floor":20.0,"gold_loss":0.0,"damage_taken":0.0}],"is_beta":false,"boss_relics":[{"not_picked":["Fusion Hammer","Orrery"],"picked":"Empty Cage"}],"items_purged_floors":[21],"is_endless":false,"potions_floor_spawned":[4,5,11,14,16],"killed_by":"Book of Stabbing","ascension_level":20}