{"gold_per_floor":[111,111,386,402,413,413,202,202,254,289,289,261,261,161,161,161],"floor_reached":16,"playtime":392,"items_purged":["Regret","Strike_B"],"score":196,"play_id":"8e9018a3-0dd9-4546-8082-d951da1edf7c","local_time":"20190512064605","is_ascension_mode":true,"campfire_choices":[{"data":"Fusion","floor":6.0,"key":"SMITH"},{"data":"Blizzard","floor":8.0,"key":"SMITH"},{"data":"Coolheaded","floor":13,"key":"SMITH"},{"data":"Loop","floor":15,"key":"SMITH"}],"neow_cost":"NONE","seed_source_timestamp":1051040318444,"circlet_count":0,"master_deck":["AscendersBane","Strike_B","Strike_B","Defend_B","Defend_B","Defend_B","Defend_B","Zap","Dualcast","Coolheaded+1","Reboot","Loop+1","Fusion+1","Blizzard+1","Turbo","Hologram"],"special_seed":0,"relics":["Cracked Core","NeowsBlessing","Ancient Tea Set","Bottled Tornado","Dodecahedron"],"potions_floor_usage":[],"damage_taken":[{"damage":0.0,"enemies":"2 Louse","floor":1.0,"turns":1.0},{"damage":0.0,"enemies":"Cultist","floor":4.0,"turns":1.0},{"damage":0.0,"enemies":"Jaw Worm","floor":5.0,"turns":1.0},{"damage":17.0,"enemies":"3 Sentries","floor":10.0,"turns":9.0},{"damage":2,"enemies":"Exordium Thugs","floor":12,"turns":4},{"damage":0,"enemies":"Slime Boss","floor":16,"turns":1}],"seed_played":"-3906836401808846575","potions_obtained":[{"floor":5.0,"key":"AttackPotion"},{"floor":12,"key":"EssenceOfSteel"}],"is_trial":false,"path_per_floor":["M","?","?","M","M","R","$","R","T","E","?","M","R","$","R","B"],"character_chosen":"DEFECT","items_purchased":["Coolheaded","Blizzard"],"campfire_rested":0,"item_purchase_floors":[7,7],"current_hp_per_floor":[64,64,64,64,64,64,64,64,64,47,47,45,45,45,45,45],"gold":161,"neow_bonus":"THREE_ENEMY_KILL","is_prod":false,"is_daily":false,"chose_seed":false,"campfire_upgraded":4,"win_rate":0,"timestamp":1557614765,"path_taken":["M","?","?","M","?","R","$","R","T","E","?","M","R","?","R","BOSS"],"build_version":"2019-01-23","purchased_purges":2,"victory":false,"max_hp_per_floor":[71,71,71,71,71,71,71,71,71,71,71,71,71,71,71,71],"card_choices":[{"not_picked":["Hologram","Rebound"],"picked":"Coolheaded","floor":1.0},{"not_picked":["Stack","Coolheaded"],"picked":"Loop","floor":4.0},{"not_picked":["Conserve Battery","Go for the Eyes"],"picked":"Fusion","floor":5.0},{"not_picked":["Steam Power","Tempest"],"picked":"Turbo","floor":10.0},{"not_picked":["Rebound","Steam Power"],"picked":"Hologram","floor":12}],"player_experience":4707779,"relics_obtained":[{"floor":9.0,"key":"Ancient Tea Set"},{"floor":10.0,"key":"Bottled Tornado"}],"event_choices":[{"damage_healed":0.0,"max_hp_gain":0.0,"max_hp_loss":0.0,"gold_gain":0.0,"cards_transformed":["Strike_B"],"event_name":"Living Wall","player_choice":"Change","floor":2.0,"gold_loss":0.0,"damage_taken":0.0,"cards_obtained":["Reboot"]},{"damage_healed":0.0,"max_hp_gain":0.0,"max_hp_loss":0.0,"gold_gain":275.0,"event_name":"Golden Shrine","player_choice":"Desecrate","floor":3.0,"gold_loss":0.0,"damage_taken":0.0,"cards_obtained":["Regret"]},{"cards_removed":["Coolheaded"],"damage_healed":0.0,"max_hp_gain":0.0,"max_hp_loss":0.0,"gold_gain":0.0,"event_name":"WeMeetAgain","player_choice":"Gave Card","floor":11.0,"gold_loss":0.0,"damage_taken":0.0,"relics_obtained":["Dodecahedron"]}],"is_beta":false,"boss_relics":[],"items_purged_floors":[7,14],"is_endless":false,"potions_floor_spawned":[5,12],"killed_by":"Slime Boss","ascension_level":20}