{"gold_per_floor":[116,116,116,48,48,91,16,57,81,81,119,89,89,107,107,205,205,230,245,135,149,0,0,25,68,68,68,68,81,81,105,105,199,199,224,249,374,374,443,443,95,95,95,95,119,169,188,63,63,63],"floor_reached":51,"playtime":1951,"items_purged":["Strike_G","Defend_G","Shame"],"score":1373,"play_id":"d311d0b7-0ae0-47f9-8ceb-fc0563cc58e3","local_time":"20190214143824","is_ascension_mode":true,"campfire_choices":[{"data":"Footwork","floor":10.0,"key":"SMITH"},{"data":"Deadly Poison","floor":13.0,"key":"SMITH"},{"data":"Neutralize","floor":15.0,"key":"SMITH"},{"data":"Concentrate","floor":23.0,"key":"SMITH"},{"data":"Footwork","floor":27.0,"key":"SMITH"},{"floor":32.0,"key":"REST"},{"data":"Well Laid Plans","floor":40.0,"key":"SMITH"},{"data":"Calculated Gamble","floor":42.0,"key":"SMITH"},{"data":"Reflex","floor":44,"key":"SMITH"},{"data":"Tactician","floor":49,"key":"SMITH"}],"neow_cost":"NONE","seed_source_timestamp":155102776947112,"circlet_count":0,"master_deck":["AscendersBane","Defend_G","Defend_G","Defend_G+1","Survivor","Neutralize+1","Backflip","Expertise+1","Footwork+1","Die Die Die+1","Deadly Poison+1","After Image+1","Deadly Poison+1","Burst+1","Concentrate+1","Footwork+1","Noxious Fumes","Calculated Gamble+1","Reflex+1","Backflip","Well Laid Plans+1","Corpse Explosion","Tactician+1"],"special_seed":0,"relics":["Ring of the Snake","NeowsBlessing","Golden Idol","Happy Flower","Whetstone","Art of War","Pantograph","Astrolabe","Regal Pillow","Ninja Scroll","Cursed Key","Mango","SsserpentHead","Letter Opener","FossilizedHelix"],"potions_floor_usage":[50],"damage_taken":[{"damage":0.0,"enemies":"Small Slimes","floor":1.0,"turns":1.0},{"damage":0.0,"enemies":"Lagavulin","floor":6.0,"turns":1.0},{"damage":0.0,"enemies":"3 Sentries","floor":8.0,"turns":2.0},{"damage":8.0,"enemies":"Lagavulin","floor":11.0,"turns":8.0},{"damage":0.0,"enemies":"2 Louse","floor":14.0,"turns":2.0},{"damage":29.0,"enemies":"Slime Boss","floor":16.0,"turns":14.0},{"damage":10.0,"enemies":"Spheric Guardian","floor":18.0,"turns":4.0},{"damage":13.0,"enemies":"3 Byrds","floor":19.0,"turns":7.0},{"damage":20.0,"enemies":"Sentry and Sphere","floor":21.0,"turns":7.0},{"damage":0.0,"enemies":"Snake Plant","floor":24.0,"turns":5.0},{"damage":3.0,"enemies":"Book of Stabbing","floor":25.0,"turns":7.0},{"damage":8.0,"enemies":"3 Cultists","floor":29.0,"turns":7.0},{"damage":0.0,"enemies":"Sentry and Sphere","floor":31.0,"turns":5.0},{"damage":0.0,"enemies":"Automaton","floor":33.0,"turns":10.0},{"damage":0.0,"enemies":"Orb Walker","floor":35.0,"turns":4.0},{"damage":0.0,"enemies":"3 Shapes","floor":36.0,"turns":3.0},{"damage":0.0,"enemies":"Mind Bloom Boss Battle","floor":37.0,"turns":6.0},{"damage":3.0,"enemies":"3 Darklings","floor":39.0,"turns":6.0},{"damage":23,"enemies":"Jaw Worm Horde","floor":45,"turns":2},{"damage":0,"enemies":"Maw","floor":47,"turns":6},{"damage":15,"enemies":"Donu and Deca","floor":50,"turns":7}],"seed_played":"-7066434218048739198","potions_obtained":[{"floor":8.0,"key":"Fruit Juice"},{"floor":12.0,"key":"SpeedPotion"},{"floor":12.0,"key":"EntropicBrew"},{"floor":14.0,"key":"GhostInAJar"},{"floor":18.0,"key":"SkillPotion"},{"floor":24.0,"key":"Ancient Potion"},{"floor":29.0,"key":"Explosive Potion"},{"floor":45,"key":"AttackPotion"}],"is_trial":false,"path_per_floor":["M","?","?","$","?","E","$","E","T","R","E","?","R","M","R","B",null,"M","M","?","M","$","R","M","E","T","R","$","M","?","M","R","B",null,"M","M","?","?","M","R","$","R","T","R","M","T","M","$","R","B",null],"character_chosen":"THE_SILENT","items_purchased":["Footwork","Noxious Fumes","Calculated Gamble","Letter Opener"],"campfire_rested":1,"item_purchase_floors":[4,22,22,41],"current_hp_per_floor":[59,59,39,39,39,39,39,44,44,44,36,36,36,36,36,32,57,47,34,34,14,14,14,14,11,11,11,11,3,3,3,37,62,64,64,64,79,79,76,76,76,76,76,76,53,53,53,53,53,63],"gold":63,"neow_bonus":"THREE_ENEMY_KILL","is_prod":false,"is_daily":false,"chose_seed":false,"campfire_upgraded":9,"win_rate":0,"timestamp":1550126304,"path_taken":["M","?","?","$","?","E","$","E","T","R","E","?","R","M","R","BOSS","M","?","?","M","$","R","M","E","T","R","?","?","?","M","R","BOSS","M","M","?","?","?","R","$","R","T","R","M","?","M","$","R","BOSS"],"build_version":"2019-01-23","purchased_purges":3,"victory":true,"max_hp_per_floor":[66,66,66,66,60,60,60,65,65,65,65,65,65,65,65,65,65,65,65,65,65,65,65,65,65,65,65,65,65,65,65,65,65,65,65,65,79,79,79,79,79,79,79,79,79,79,79,79,79,79],"card_choices":[{"not_picked":["Slice","Heel Hook"],"picked":"Backflip","floor":1.0},{"not_picked":["Sucker Punch","Flying Knee"],"picked":"Die Die Die","floor":6.0},{"not_picked":["Dash","Blade Dance"],"picked":"Deadly Poison","floor":8.0},{"not_picked":["Infinite Blades","Dagger Spray","Bane"],"picked":"SKIP","floor":11.0},{"not_picked":["Sucker Punch","Riddle With Holes","Deflect"],"picked":"SKIP","floor":14.0},{"not_picked":["Prepared","Backflip"],"picked":"Concentrate","floor":18.0},{"not_picked":["Dodge and Roll","Endless Agony"],"picked":"Footwork","floor":19.0},{"not_picked":["Caltrops","Bane","Heel Hook"],"picked":"SKIP","floor":21.0},{"not_picked":["Dodge and Roll+1","Prepared"],"picked":"Reflex","floor":24.0},{"not_picked":["Burst","Sucker Punch","Expertise"],"picked":"SKIP","floor":25.0},{"not_picked":["Outmaneuver","Dash"],"picked":"Backflip","floor":29.0},{"not_picked":["Finisher","Infinite Blades"],"picked":"Well Laid Plans","floor":31.0},{"not_picked":["Phantasmal Killer","Die Die Die"],"picked":"Corpse Explosion","floor":33.0},{"not_picked":["Heel Hook","Backflip+1","Outmaneuver"],"picked":"SKIP","floor":35.0},{"not_picked":["Dodge and Roll","Deadly Poison+1","Eviscerate"],"picked":"SKIP","floor":36.0},{"not_picked":["Dagger Spray","Bane","Backstab+1"],"picked":"SKIP","floor":39.0},{"not_picked":["Bouncing Flask","Flying Knee","Eviscerate"],"picked":"SKIP","floor":45},{"not_picked":["Blade Dance+1","Flechettes"],"picked":"Tactician","floor":47}],"player_experience":745776,"relics_obtained":[{"floor":6.0,"key":"Happy Flower"},{"floor":8.0,"key":"Whetstone"},{"floor":9.0,"key":"Art of War"},{"floor":11.0,"key":"Pantograph"},{"floor":25.0,"key":"Regal Pillow"},{"floor":26.0,"key":"Ninja Scroll"},{"floor":37.0,"key":"Mango"},{"floor":46,"key":"FossilizedHelix"}],"event_choices":[{"damage_healed":0.0,"max_hp_gain":0.0,"max_hp_loss":0.0,"gold_gain":0.0,"cards_transformed":["Strike_G"],"event_name":"Living Wall","player_choice":"Change","floor":2.0,"gold_loss":0.0,"damage_taken":0.0,"cards_obtained":["Expertise"]},{"damage_healed":0.0,"max_hp_gain":0.0,"max_hp_loss":0.0,"gold_gain":0.0,"event_name":"Shining Light","player_choice":"Entered Light","floor":3.0,"gold_loss":0.0,"damage_taken":20.0,"cards_upgraded":["Defend_G","Strike_G"]},{"damage_healed":0.0,"max_hp_gain":0.0,"max_hp_loss":6.0,"gold_gain":0.0,"event_name":"Golden Idol","player_choice":"Lose Max HP","floor":5.0,"gold_loss":0.0,"damage_taken":0.0,"relics_obtained":["Golden Idol"]},{"damage_healed":0.0,"max_hp_gain":0.0,"max_hp_loss":0.0,"gold_gain":0.0,"event_name":"The Woman in Blue","player_choice":"Bought 2 Potions","floor":12.0,"gold_loss":0.0,"damage_taken":0.0},{"cards_removed":["Strike_G"],"damage_healed":0.0,"max_hp_gain":0.0,"max_hp_loss":0.0,"gold_gain":0.0,"event_name":"Designer","player_choice":"Upgrade and Remove","floor":20.0,"gold_loss":110.0,"damage_taken":0.0,"cards_upgraded":["Expertise"]},{"damage_healed":0.0,"max_hp_gain":0.0,"max_hp_loss":0.0,"gold_gain":0.0,"event_name":"Cursed Tome","player_choice":"Ignored","floor":30.0,"gold_loss":0.0,"damage_taken":0.0},{"damage_healed":0.0,"max_hp_gain":0.0,"max_hp_loss":0.0,"gold_gain":0.0,"event_name":"MindBloom","player_choice":"Fight","floor":37.0,"gold_loss":0.0,"damage_taken":0.0},{"damage_healed":0.0,"max_hp_gain":0.0,"max_hp_loss":0.0,"gold_gain":0.0,"event_name":"FaceTrader","player_choice":"Trade","floor":38.0,"gold_loss":0.0,"damage_taken":0.0,"relics_obtained":["SsserpentHead"]}],"is_beta":false,"boss_relics":[{"not_picked":["White Beast Statue","Busted Crown"],"picked":"Astrolabe"},{"not_picked":["Lizard Tail","Orrery"],"picked":"Cursed Key"}],"items_purged_floors":[7,41,48],"is_endless":false,"potions_floor_spawned":[8,14,18,24,29,39,45,47],"ascension_level":15}