{"gold_per_floor":[114,389,314,124,151,151,167,141,141,141,167,167,42,54,54,127,127,142,117,88,88,138,171,171,202,202,202,122,122,172,222,222,300,300,314,414,464,514,664,664,714,714,714,748,408,458,276,287,287,287,287,287,287,42,72,72],"floor_reached":57,"playtime":3070,"items_purged":["Regret","Strike_G","Strike_G","Defend_G","Defend_G","Quick Slash+1"],"score":3254,"play_id":"a743093a-794c-4921-a324-9e1749d3ea25","local_time":"20190219200727","is_ascension_mode":true,"campfire_choices":[{"data":"Neutralize","floor":6.0,"key":"SMITH"},{"data":"Acrobatics","floor":10.0,"key":"SMITH"},{"data":"Tactician","floor":15.0,"key":"SMITH"},{"data":"Reflex","floor":24.0,"key":"SMITH"},{"floor":27.0,"key":"RECALL"},{"data":"Survivor","floor":32,"key":"SMITH"},{"data":"Defend_G","floor":40,"key":"SMITH"},{"data":"Defend_G","floor":42,"key":"SMITH"},{"data":"After Image","floor":49,"key":"SMITH"},{"data":"Defend_G","floor":53,"key":"SMITH"}],"neow_cost":"NONE","seed_source_timestamp":39938587686295,"circlet_count":0,"master_deck":["AscendersBane","Defend_G+1","Defend_G+1","Defend_G+1","Survivor+1","Neutralize+1","Reflex+1","Tactician+1","Acrobatics+1","Bouncing Flask+1","Calculated Gamble+1","Night Terror+1","Acrobatics+1","Calculated Gamble+1","Ghostly+1","Ghostly+1","Ghostly+1","Catalyst+1","After Image+1","After Image+1","Tactician+1","Expertise+1","Impatience+1","Impatience+1","Thinking Ahead+1","Concentrate+1","Master of Strategy+1","Tactician+1","Master of Strategy+1"],"special_seed":0,"relics":["Ring of the Snake","NeowsBlessing","Juzu Bracelet","Toxic Egg 2","Calipers","SsserpentHead","WristBlade","Pear","Whetstone","Astrolabe","Darkstone Periapt","Regal Pillow","Membership Card","Bottled Tornado"],"potions_floor_usage":[56,56],"damage_taken":[{"damage":0.0,"enemies":"Small Slimes","floor":1.0,"turns":1.0},{"damage":0.0,"enemies":"Cultist","floor":7.0,"turns":1.0},{"damage":0.0,"enemies":"Lagavulin","floor":11.0,"turns":1.0},{"damage":2.0,"enemies":"Jaw Worm","floor":14.0,"turns":6.0},{"damage":27.0,"enemies":"The Guardian","floor":16.0,"turns":9.0},{"damage":10.0,"enemies":"Chosen","floor":18.0,"turns":5.0},{"damage":2.0,"enemies":"Gremlin Leader","floor":23.0,"turns":5.0},{"damage":0.0,"enemies":"Book of Stabbing","floor":25.0,"turns":4.0},{"damage":0.0,"enemies":"2 Thieves","floor":28.0,"turns":4.0},{"damage":3,"enemies":"Collector","floor":33,"turns":5},{"damage":0,"enemies":"Orb Walker","floor":35,"turns":4},{"damage":0,"enemies":"Mind Bloom Boss Battle","floor":39,"turns":3},{"damage":0,"enemies":"Giant Head","floor":44,"turns":3},{"damage":0,"enemies":"3 Darklings","floor":48,"turns":1},{"damage":0,"enemies":"Donu and Deca","floor":50,"turns":2},{"damage":0,"enemies":"Awakened One","floor":51,"turns":6},{"damage":0,"enemies":"Shield and Spear","floor":55,"turns":2},{"damage":0,"enemies":"The Heart","floor":56,"turns":6}],"seed_played":"-67523754488154171","potions_obtained":[{"floor":7.0,"key":"PowerPotion"},{"floor":11.0,"key":"GhostInAJar"},{"floor":23.0,"key":"Dexterity Potion"}],"is_trial":false,"path_per_floor":["M","?","$","$","T","R","M","$","T","R","E","?","$","M","R","B",null,"M","$","$","$","?","E","R","E","T","R","M","$","?","?","R","B",null,"M","?","?","?","?","R","?","R","T","E","$","?","$","M","R","B","B",null,"R","$","E","B",null],"character_chosen":"THE_SILENT","items_purchased":["Tactician","Acrobatics","Acrobatics+1","Calculated Gamble+1","Membership Card","Concentrate+1","Master of Strategy+1","Tactician+1","Master of Strategy+1"],"campfire_rested":0,"item_purchase_floors":[4,8,19,20,45,45,47,54,54],"current_hp_per_floor":[59,59,59,59,59,59,59,59,59,59,59,59,59,57,57,30,57,47,47,47,47,33,41,41,41,41,41,41,41,41,31,31,28,43,43,43,43,43,43,43,33,33,33,33,33,30,30,30,30,30,30,42,42,42,42,42],"gold":72,"neow_bonus":"THREE_ENEMY_KILL","is_prod":false,"is_daily":false,"chose_seed":false,"campfire_upgraded":9,"win_rate":0,"timestamp":1550578047,"path_taken":["M","?","?","$","?","R","M","$","T","R","E","?","$","M","R","BOSS","M","$","?","$","?","E","R","E","T","R","M","$","?","?","R","BOSS","M","?","?","?","?","R","?","R","T","E","$","?","$","M","R","BOSS","BOSS","R","$","E","BOSS"],"build_version":"2019-01-23","purchased_purges":6,"victory":true,"max_hp_per_floor":[66,66,66,66,66,66,66,66,66,66,66,66,66,66,66,66,66,66,66,66,66,33,43,43,43,43,43,43,43,43,48,48,48,48,48,48,46,46,46,46,46,46,46,46,46,46,46,46,46,46,46,46,46,46,46,46],"card_choices":[{"not_picked":["Dagger Spray","Blur"],"picked":"Reflex","floor":1.0},{"not_picked":["Outmaneuver","Endless Agony","PiercingWail"],"picked":"SKIP","floor":7.0},{"not_picked":["Dagger Throw","Cloak And Dagger+1"],"picked":"Bouncing Flask+1","floor":11.0},{"not_picked":["Backflip+1","Underhanded Strike"],"picked":"Calculated Gamble+1","floor":14.0},{"not_picked":["Corpse Explosion+1","Venomology+1"],"picked":"Night Terror+1","floor":16.0},{"not_picked":["Blade Dance+1","Noxious Fumes","PiercingWail+1"],"picked":"SKIP","floor":18.0},{"not_picked":["PiercingWail+1","Deadly Poison+1"],"picked":"Catalyst+1","floor":23.0},{"not_picked":["Slice","Poisoned Stab","Cloak And Dagger+1"],"picked":"SKIP","floor":25.0},{"not_picked":["Catalyst+1","Skewer","Bane"],"picked":"SKIP","floor":28.0},{"not_picked":["Glass Knife","Die Die Die"],"picked":"After Image","floor":33},{"not_picked":["Concentrate+1","Deflect+1"],"picked":"Tactician+1","floor":35},{"not_picked":["Skewer","Slice"],"picked":"Expertise+1","floor":39},{"not_picked":["Master of Strategy+1","Mind Blast"],"picked":"Impatience+1","floor":41},{"not_picked":["Secret Technique+1","Magnetism"],"picked":"Impatience+1","floor":41},{"not_picked":["Deep Breath+1","Good Instincts+1"],"picked":"Thinking Ahead+1","floor":41},{"not_picked":["Quick Slash","Flying Knee","Prepared+1"],"picked":"SKIP","floor":44},{"not_picked":["Poisoned Stab","Bane","Riddle With Holes+1"],"picked":"SKIP","floor":48},{"not_picked":["Blur+1","Prepared+1","Poisoned Stab"],"picked":"SKIP","floor":55}],"player_experience":2965952,"relics_obtained":[{"floor":5.0,"key":"Juzu Bracelet"},{"floor":9.0,"key":"Toxic Egg 2"},{"floor":11.0,"key":"Calipers"},{"floor":23.0,"key":"Pear"},{"floor":25.0,"key":"Whetstone"},{"floor":43,"key":"Darkstone Periapt"},{"floor":44,"key":"Regal Pillow"},{"floor":55,"key":"Bottled Tornado"}],"event_choices":[{"damage_healed":0.0,"max_hp_gain":0.0,"max_hp_loss":0.0,"gold_gain":275.0,"event_name":"Golden Shrine","player_choice":"Desecrate","floor":2.0,"gold_loss":0.0,"damage_taken":0.0,"cards_obtained":["Regret"]},{"damage_healed":0.0,"max_hp_gain":0.0,"max_hp_loss":0.0,"gold_gain":0.0,"event_name":"FaceTrader","player_choice":"Trade","floor":12.0,"gold_loss":0.0,"damage_taken":0.0,"relics_obtained":["SsserpentHead"]},{"damage_healed":0.0,"max_hp_gain":0.0,"max_hp_loss":33.0,"gold_gain":0.0,"event_name":"Ghosts","player_choice":"Became a Ghost","floor":22.0,"gold_loss":0.0,"damage_taken":0.0,"cards_obtained":["Ghostly","Ghostly","Ghostly"]},{"damage_healed":0,"gold_gain":0,"player_choice":"Ignored","damage_taken":0,"max_hp_gain":0,"max_hp_loss":0,"event_name":"Cursed Tome","floor":30,"gold_loss":0},{"damage_healed":0,"gold_gain":0,"player_choice":"Shed Blood","damage_taken":15,"max_hp_gain":5,"max_hp_loss":0,"event_name":"Forgotten Altar","floor":31,"gold_loss":0},{"damage_healed":0,"gold_gain":50,"player_choice":"Pray","damage_taken":0,"max_hp_gain":0,"max_hp_loss":0,"event_name":"Golden Shrine","floor":36,"gold_loss":0},{"damage_healed":0,"gold_gain":0,"player_choice":"Max HP","damage_taken":0,"max_hp_gain":0,"max_hp_loss":2,"event_name":"Winding Halls","floor":37,"gold_loss":0},{"cards_removed":["Skewer"],"damage_healed":0,"gold_gain":0,"player_choice":"Removed Attack","damage_taken":0,"max_hp_gain":0,"max_hp_loss":0,"event_name":"Falling","floor":38,"gold_loss":0},{"damage_healed":0,"gold_gain":0,"player_choice":"Fight","damage_taken":0,"max_hp_gain":0,"max_hp_loss":0,"event_name":"MindBloom","floor":39,"gold_loss":0},{"damage_healed":0,"gold_gain":0,"player_choice":"Memory 3","damage_taken":10,"max_hp_gain":0,"max_hp_loss":0,"event_name":"SensoryStone","floor":41,"gold_loss":0},{"damage_healed":0,"gold_gain":0,"player_choice":"Bought 0 Potions","damage_taken":0,"max_hp_gain":0,"max_hp_loss":0,"event_name":"The Woman in Blue","floor":46,"gold_loss":0}],"is_beta":false,"boss_relics":[{"not_picked":["Orrery","Velvet Choker"],"picked":"WristBlade"},{"not_picked":["Coffee Dripper","Ring of the Serpent"],"picked":"Astrolabe"}],"items_purged_floors":[3,4,13,45,47,54],"is_endless":false,"potions_floor_spawned":[7,11,16,23,25,33,44,48],"ascension_level":20}