{"gold_per_floor":[17,17,27,38,38,38,65,65,135,135,153,8,8,21,21,125,125,142,142,142,57,20,20,120,137,137,149,161,173,185,215,227,340,352,375,183,197,197,197,197,217,46,73,73,73,0,23,23,23,23],"floor_reached":51,"playtime":1663,"items_purged":["Defend_B","Defend_B"],"score":662,"play_id":"73c4ae3f-84ba-4fd5-af5c-6d37c5763e91","local_time":"20190617032652","is_ascension_mode":false,"campfire_choices":[{"data":"Capacitor","floor":6.0,"key":"SMITH"},{"floor":10.0,"key":"REST"},{"data":"Recycle","floor":13.0,"key":"SMITH"},{"data":"White Noise","floor":15.0,"key":"SMITH"},{"data":"Creative AI","floor":23,"key":"SMITH"},{"data":"Auto Shields","floor":28,"key":"SMITH"},{"data":"Undo","floor":30,"key":"SMITH"},{"data":"Cold Snap","floor":32,"key":"SMITH"},{"data":"Fission","floor":40,"key":"SMITH"},{"data":"Coolheaded","floor":44,"key":"SMITH"},{"data":"Defragment","floor":49,"key":"SMITH"}],"neow_cost":"NO_GOLD","seed_source_timestamp":117051390189,"circlet_count":0,"master_deck":["Zap+1","Dualcast+1","Capacitor+1","Cold Snap+1","Recycle+1","White Noise+1","Defragment+1","Ball Lightning","Creative AI+1","Electrodynamics+1","Genetic Algorithm+1","Tempest+1","Auto Shields+1","Defragment+1","Undo+1","Chill+1","Fission+1","Coolheaded+1","Glacier","Defragment+1"],"special_seed":0,"relics":["Cracked Core","War Paint","Juzu Bracelet","Bottled Flame","Lantern","Astrolabe","WingedGreaves","MawBank","Busted Crown","Pen Nib","Red Mask","Oddly Smooth Stone"],"potions_floor_usage":[25,50],"damage_taken":[{"damage":1.0,"enemies":"Cultist","floor":1.0,"turns":3.0},{"damage":6.0,"enemies":"Jaw Worm","floor":3.0,"turns":3.0},{"damage":1.0,"enemies":"2 Louse","floor":4.0,"turns":2.0},{"damage":21.0,"enemies":"3 Sentries","floor":7.0,"turns":6.0},{"damage":1.0,"enemies":"Exordium Wildlife","floor":11.0,"turns":3.0},{"damage":2.0,"enemies":"Gremlin Gang","floor":14.0,"turns":5.0},{"damage":4.0,"enemies":"Slime Boss","floor":16.0,"turns":6.0},{"damage":7,"enemies":"Shell Parasite","floor":18,"turns":5},{"damage":0,"enemies":"2 Thieves","floor":25,"turns":1},{"damage":0,"enemies":"3 Cultists","floor":31,"turns":4},{"damage":36,"enemies":"Automaton","floor":33,"turns":8},{"damage":3,"enemies":"Orb Walker","floor":35,"turns":4},{"damage":7,"enemies":"3 Shapes","floor":37,"turns":3},{"damage":0,"enemies":"Sphere and 2 Shapes","floor":41,"turns":3},{"damage":32,"enemies":"Awakened One","floor":50,"turns":12}],"seed_played":"-2956939204392439516","potions_obtained":[{"floor":3.0,"key":"SkillPotion"},{"floor":4.0,"key":"GamblersBrew"},{"floor":11.0,"key":"Strength Potion"},{"floor":33,"key":"FearPotion"}],"is_trial":false,"path_per_floor":["M","$","M","M","?","R","E","?","T","R","M","$","R","M","R","B",null,"M","?","?","?","$","R","?","M","T","?","R","?","R","M","R","B",null,"M","$","M","?","?","R","M","$","T","R","?","?","T","?","R","B",null],"character_chosen":"DEFECT","items_purchased":["Lantern","Undo","Coolheaded","Glacier","Defragment"],"campfire_rested":1,"item_purchase_floors":[12,22,36,36,42],"current_hp_per_floor":[74,74,68,67,49,49,28,13,13,35,34,34,34,32,32,28,75,68,68,68,68,68,68,68,68,68,61,61,61,61,61,61,25,75,72,72,65,65,65,65,65,65,65,65,65,65,65,65,65,33],"gold":23,"neow_bonus":"TRANSFORM_TWO_CARDS","is_prod":false,"is_daily":false,"chose_seed":false,"campfire_upgraded":10,"win_rate":0,"timestamp":1560713212,"path_taken":["M","$","M","?","?","R","E","?","T","R","M","?","R","M","R","BOSS","M","?","?","?","$","R","?","M","T","?","R","?","R","M","R","BOSS","M","$","M","?","?","R","M","$","T","R","?","?","?","?","R","BOSS"],"build_version":"2019-01-23","purchased_purges":2,"victory":true,"max_hp_per_floor":[75,75,75,75,75,75,75,75,75,75,75,75,75,75,75,75,75,75,75,75,75,75,75,75,75,75,75,75,75,75,75,75,75,75,75,75,75,75,75,75,75,75,75,75,75,75,75,71,71,71],"card_choices":[{"not_picked":["Coolheaded","Rebound"],"picked":"Cold Snap","floor":1.0},{"not_picked":["Storm","Force Field"],"picked":"Recycle","floor":3.0},{"not_picked":["Auto Shields","Coolheaded"],"picked":"White Noise","floor":4.0},{"not_picked":["Hologram","Cold Snap"],"picked":"Defragment","floor":7.0},{"not_picked":["Amplify","Redo"],"picked":"Ball Lightning","floor":11.0},{"not_picked":["Leap","Beam Cell","Reprogram"],"picked":"SKIP","floor":14.0},{"not_picked":["Buffer","All For One"],"picked":"Creative AI","floor":16.0},{"not_picked":["Compile Driver","Beam Cell"],"picked":"Auto Shields","floor":18},{"not_picked":["Rebound","Cold Snap+1"],"picked":"Chill+1","floor":25},{"not_picked":["Static Discharge","Rebound","Aggregate"],"picked":"SKIP","floor":31},{"not_picked":["Rainbow","Amplify"],"picked":"Fission","floor":33},{"not_picked":["Go for the Eyes+1"],"picked":"SKIP","floor":35},{"not_picked":["Beam Cell+1"],"picked":"SKIP","floor":37},{"not_picked":["Sweeping Beam+1"],"picked":"SKIP","floor":41}],"player_experience":5335489,"relics_obtained":[{"floor":7.0,"key":"Juzu Bracelet"},{"floor":9.0,"key":"Bottled Flame"},{"floor":26,"key":"MawBank"},{"floor":43,"key":"Pen Nib"},{"floor":47,"key":"Oddly Smooth Stone"}],"event_choices":[{"damage_healed":0.0,"max_hp_gain":0.0,"max_hp_loss":0.0,"gold_gain":0.0,"event_name":"Scrap Ooze","player_choice":"Success","floor":5.0,"gold_loss":0.0,"damage_taken":18.0,"relics_obtained":["War Paint"]},{"damage_healed":0.0,"max_hp_gain":0.0,"max_hp_loss":0.0,"gold_gain":0.0,"event_name":"Shining Light","player_choice":"Entered Light","floor":8.0,"gold_loss":0.0,"damage_taken":15.0,"cards_upgraded":["Defragment","Dualcast"]},{"damage_healed":0,"gold_gain":0,"player_choice":"Ignored","damage_taken":0,"max_hp_gain":0,"max_hp_loss":0,"event_name":"Vampires","floor":19,"gold_loss":0},{"damage_healed":0,"gold_gain":0,"player_choice":"Copied","damage_taken":0,"max_hp_gain":0,"max_hp_loss":0,"event_name":"Duplicator","floor":20,"gold_loss":0,"cards_obtained":["Defragment"]},{"damage_healed":0,"gold_gain":0,"player_choice":"Obtained Relic","damage_taken":0,"relics_obtained":["WingedGreaves"],"max_hp_gain":0,"max_hp_loss":0,"event_name":"Addict","floor":21,"gold_loss":85},{"damage_healed":0,"gold_gain":100,"player_choice":"Pray","damage_taken":0,"max_hp_gain":0,"max_hp_loss":0,"event_name":"Golden Shrine","floor":24,"gold_loss":0},{"damage_healed":0,"gold_gain":0,"player_choice":"Damaged","damage_taken":7,"max_hp_gain":0,"max_hp_loss":0,"event_name":"Wheel of Change","floor":27,"gold_loss":0},{"cards_removed":["Strike_B"],"damage_healed":0,"gold_gain":0,"player_choice":"Elegance","damage_taken":0,"max_hp_gain":0,"max_hp_loss":0,"event_name":"Back to Basics","floor":29,"gold_loss":0},{"damage_healed":0,"gold_gain":0,"player_choice":"Memory 1","damage_taken":0,"max_hp_gain":0,"max_hp_loss":0,"event_name":"SensoryStone","floor":38,"gold_loss":0},{"cards_removed":["Defend_B"],"damage_healed":0,"gold_gain":0,"player_choice":"Removed Skill","damage_taken":0,"max_hp_gain":0,"max_hp_loss":0,"event_name":"Falling","floor":39,"gold_loss":0},{"damage_healed":0,"gold_gain":0,"player_choice":"Ignored","damage_taken":0,"max_hp_gain":0,"max_hp_loss":0,"event_name":"Mysterious Sphere","floor":45,"gold_loss":0},{"damage_healed":0,"gold_gain":0,"player_choice":"Paid","damage_taken":0,"relics_obtained":["Red Mask"],"max_hp_gain":0,"max_hp_loss":0,"event_name":"Tomb of Lord Red Mask","floor":46,"gold_loss":73},{"damage_healed":0,"gold_gain":0,"player_choice":"Max HP","damage_taken":0,"max_hp_gain":0,"max_hp_loss":4,"event_name":"Winding Halls","floor":48,"gold_loss":0}],"is_beta":false,"boss_relics":[{"not_picked":["Calling Bell","Snecko Eye"],"picked":"Astrolabe"},{"not_picked":["Runic Dome","Orrery"],"picked":"Busted Crown"}],"items_purged_floors":[36,42],"is_endless":false,"potions_floor_spawned":[3,4,11,14,33,37],"ascension_level":0}