{"gold_per_floor":[10,85,99,99,99,99,115,115,115,140,158,190,204,218,218,218],"floor_reached":16,"playtime":374,"items_purged":[],"score":196,"play_id":"78b72b64-7be6-4c0f-9541-b07dbcb2c2c2","local_time":"20181010230211","is_ascension_mode":true,"campfire_choices":[{"data":"Zap","floor":6.0,"key":"SMITH"},{"data":"Electrodynamics","floor":8.0,"key":"SMITH"},{"data":"Dualcast","floor":15.0,"key":"SMITH"}],"neow_cost":"NO_GOLD","seed_source_timestamp":724444992800679,"circlet_count":0,"master_deck":["Strike_B","Strike_B","Defend_B","Defend_B","Defend_B","Defend_B","Zap+1","Dualcast+1","AscendersBane","Electrodynamics+1","Leap","Self Repair","Chill"],"special_seed":0,"relics":["Cracked Core","Bottled Flame","Emotion Chip","Question Card"],"potions_floor_usage":[16,16],"damage_taken":[{"damage":3.0,"enemies":"Small Slimes","floor":1.0,"turns":3.0},{"damage":3.0,"enemies":"2 Louse","floor":3.0,"turns":3.0},{"damage":2.0,"enemies":"Jaw Worm","floor":7.0,"turns":3.0},{"damage":11.0,"enemies":"3 Sentries","floor":10.0,"turns":4.0},{"damage":17.0,"enemies":"Exordium Thugs","floor":11.0,"turns":3.0},{"damage":5.0,"enemies":"Lagavulin","floor":12.0,"turns":6.0},{"damage":0.0,"enemies":"Blue Slaver","floor":13.0,"turns":5.0},{"damage":7.0,"enemies":"Looter","floor":14.0,"turns":3.0},{"damage":29,"enemies":"The Guardian","floor":16,"turns":2}],"seed_played":"-8095960216243295583","potions_obtained":[{"floor":3.0,"key":"SpeedPotion"},{"floor":13.0,"key":"Strength Potion"},{"floor":14.0,"key":"FearPotion"}],"is_trial":false,"path_per_floor":["M","?","M","?","?","R","M","R","T","E","M","E","M","M","R"],"character_chosen":"DEFECT","items_purchased":[],"campfire_rested":0,"item_purchase_floors":[],"current_hp_per_floor":[61,50,47,47,47,47,45,45,45,34,17,12,19,19,19,0],"gold":218,"neow_bonus":"THREE_RARE_CARDS","is_prod":false,"is_daily":false,"chose_seed":false,"campfire_upgraded":3,"win_rate":0,"timestamp":1539183731,"path_taken":["M","?","M","?","?","R","M","R","T","E","?","E","?","M","R","BOSS"],"build_version":"2018-10-04v2","purchased_purges":0,"victory":false,"max_hp_per_floor":[71,71,71,71,71,71,71,71,71,71,71,71,71,71,71,71],"card_choices":[{"not_picked":["Echo Form","Buffer"],"picked":"Electrodynamics","floor":0.0},{"not_picked":["Steam","Melter"],"picked":"Leap","floor":1.0},{"not_picked":["Barrage","Hello World","Compile Driver"],"picked":"SKIP","floor":3.0},{"not_picked":["Turbo","Barrage","BootSequence"],"picked":"SKIP","floor":7.0},{"not_picked":["Beam Cell","Reprogram","Aggregate"],"picked":"SKIP","floor":10.0},{"not_picked":["BootSequence","Coolheaded","Steam"],"picked":"SKIP","floor":11.0},{"not_picked":["Coolheaded","Tempest"],"picked":"Self Repair","floor":12.0},{"not_picked":["Gash","Compile Driver","Barrage","Doom and Gloom"],"picked":"SKIP","floor":13.0},{"not_picked":["Skim","Leap","Barrage"],"picked":"Chill","floor":14.0}],"player_experience":276195,"relics_obtained":[{"floor":9.0,"key":"Bottled Flame"},{"floor":10.0,"key":"Emotion Chip"},{"floor":12.0,"key":"Question Card"}],"event_choices":[{"event_name":"World of Goop","player_choice":"Gather Gold","floor":2.0,"damage_taken":0.0},{"event_name":"Purifier","player_choice":"One Purge","floor":4.0,"damage_taken":0.0},{"event_name":"Living Wall","player_choice":"Forget","floor":5.0,"damage_taken":0.0}],"is_beta":false,"boss_relics":[],"items_purged_floors":[],"is_endless":false,"potions_floor_spawned":[3,13,14],"killed_by":"The Guardian","ascension_level":15}