{"gold_per_floor":[118,118,118,131,145,145,183,183,206,206,131,131,149,173,173,293,293,317,168,93,108,108,121,121,145,145,244,244,264,0,25,25,155,155,178,25,40,54,54,98,116,116,185,185,185,201,201,201,201,201],"floor_reached":51,"playtime":987,"items_purged":["Strike_R","Strike_R","Strike_R","Strike_R"],"score":902,"play_id":"2dda11bc-a81a-4698-a27f-b69064f78a0b","local_time":"20190724203415","is_ascension_mode":false,"campfire_choices":[{"data":"Double Tap","floor":6.0,"key":"SMITH"},{"data":"Shrug It Off","floor":8.0,"key":"SMITH"},{"data":"Defend_R","floor":12.0,"key":"SMITH"},{"data":"Defend_R","floor":15.0,"key":"SMITH"},{"data":"True Grit","floor":24.0,"key":"SMITH"},{"data":"Offering","floor":28.0,"key":"SMITH"},{"data":"Second Wind","floor":32.0,"key":"SMITH"},{"data":"Defend_R","floor":42.0,"key":"SMITH"},{"floor":47.0,"key":"RECALL"}],"neow_cost":"TEN_PERCENT_HP_LOSS","seed_source_timestamp":7653412476949,"circlet_count":0,"master_deck":["Defend_R+1","Defend_R+1","Defend_R+1","Defend_R+1","Bash+1","Double Tap+1","Rampage+1","Shrug It Off+1","Offering+1","True Grit+1","Second Wind+1"],"special_seed":0,"relics":["Burning Blood","Golden Idol","Regal Pillow","Ancient Tea Set","Coffee Dripper","Anchor","Membership Card","Philosopher\u0027s Stone","Bag of Preparation","Singing Bowl","Frozen Egg 2"],"potions_floor_usage":[50,50],"damage_taken":[{"damage":8.0,"enemies":"Small Slimes","floor":1.0,"turns":3.0},{"damage":6.0,"enemies":"Jaw Worm","floor":4.0,"turns":3.0},{"damage":0.0,"enemies":"Cultist","floor":5.0,"turns":3.0},{"damage":8.0,"enemies":"Gremlin Nob","floor":7.0,"turns":3.0},{"damage":6.0,"enemies":"3 Louse","floor":13.0,"turns":4.0},{"damage":0.0,"enemies":"Exordium Wildlife","floor":14.0,"turns":3.0},{"damage":20.0,"enemies":"Hexaghost","floor":16.0,"turns":7.0},{"damage":6.0,"enemies":"Chosen","floor":18.0,"turns":3.0},{"damage":6.0,"enemies":"2 Thieves","floor":21.0,"turns":3.0},{"damage":13.0,"enemies":"Snake Plant","floor":23.0,"turns":5.0},{"damage":6.0,"enemies":"Cultist and Chosen","floor":25.0,"turns":4.0},{"damage":9.0,"enemies":"3 Cultists","floor":29.0,"turns":6.0},{"damage":6.0,"enemies":"Snake Plant","floor":31.0,"turns":3.0},{"damage":6.0,"enemies":"Champ","floor":33.0,"turns":4.0},{"damage":6.0,"enemies":"Orb Walker","floor":35.0,"turns":3.0},{"damage":6.0,"enemies":"3 Darklings","floor":37.0,"turns":2.0},{"damage":6.0,"enemies":"4 Shapes","floor":38.0,"turns":3.0},{"damage":6.0,"enemies":"Reptomancer","floor":40.0,"turns":2.0},{"damage":6.0,"enemies":"Sphere and 2 Shapes","floor":41.0,"turns":3.0},{"damage":6.0,"enemies":"Spire Growth","floor":46.0,"turns":2.0},{"damage":6,"enemies":"Donu and Deca","floor":50,"turns":4}],"seed_played":"-730222050675747116","potions_obtained":[{"floor":1.0,"key":"AttackPotion"},{"floor":7.0,"key":"Fire Potion"},{"floor":21.0,"key":"Poison Potion"},{"floor":23.0,"key":"Fire Potion"},{"floor":33.0,"key":"SkillPotion"},{"floor":37.0,"key":"FearPotion"}],"is_trial":false,"path_per_floor":["M","?","?","M","M","R","E","R","T","?","$","R","M","M","R","B",null,"M","$","?","M","$","M","R","M","T","?","R","M","$","M","R","B",null,"M","$","M","M","$","E","M","R","T","?","?","M","R","?","R","B",null],"character_chosen":"IRONCLAD","items_purchased":["True Grit","Membership Card","Bag of Preparation"],"campfire_rested":0,"item_purchase_floors":[19,30,36],"current_hp_per_floor":[70,56,56,56,62,62,60,60,60,60,60,60,60,66,66,52,67,67,67,67,67,67,60,60,60,60,60,60,57,57,57,57,57,67,67,67,67,67,67,69,71,71,71,67,67,69,69,69,69,69],"gold":201,"neow_bonus":"THREE_RARE_CARDS","is_prod":false,"is_daily":false,"chose_seed":false,"campfire_upgraded":8,"win_rate":0,"timestamp":1563971655,"path_taken":["M","?","?","M","M","R","E","R","T","?","$","R","M","M","R","BOSS","M","$","?","M","$","M","R","M","T","?","R","M","?","?","R","BOSS","M","$","M","M","$","E","M","R","T","?","?","?","R","?","R","BOSS"],"build_version":"2019-07-17","purchased_purges":4,"victory":true,"max_hp_per_floor":[72,72,67,67,67,67,67,67,67,67,67,67,67,67,67,67,67,67,67,67,67,67,67,67,67,67,67,67,67,67,67,67,67,67,67,67,67,67,67,69,71,71,71,67,67,69,69,69,69,69],"card_choices":[{"not_picked":["Dark Embrace","Impervious"],"picked":"Double Tap","floor":0.0},{"not_picked":["Sentinel","True Grit"],"picked":"Rampage","floor":1.0},{"not_picked":["Inflame","Hemokinesis"],"picked":"Shrug It Off","floor":4.0},{"not_picked":["Armaments","Havoc","Pommel Strike"],"picked":"SKIP","floor":5.0},{"not_picked":["Hemokinesis","Metallicize","Headbutt"],"picked":"SKIP","floor":7.0},{"not_picked":["Body Slam","Bloodletting","Clothesline"],"picked":"SKIP","floor":13.0},{"not_picked":["Clothesline","Cleave","Heavy Blade"],"picked":"SKIP","floor":14.0},{"not_picked":["Brutality","Bludgeon"],"picked":"Offering","floor":16.0},{"not_picked":["Hemokinesis","Sentinel+1","Pommel Strike"],"picked":"SKIP","floor":18.0},{"not_picked":["Intimidate","Body Slam","Combust"],"picked":"SKIP","floor":21.0},{"not_picked":["Headbutt","Perfected Strike","Flex"],"picked":"SKIP","floor":23.0},{"not_picked":["Warcry","Wild Strike","True Grit"],"picked":"SKIP","floor":25.0},{"not_picked":["Metallicize+1","Thunderclap+1","Barricade"],"picked":"SKIP","floor":29.0},{"not_picked":["Wild Strike+1","Perfected Strike"],"picked":"Second Wind","floor":31.0},{"not_picked":["Combust+1","Feel No Pain+1","Seeing Red+1"],"picked":"SKIP","floor":35.0},{"not_picked":["Seeing Red","Cleave+1","Rupture+1"],"picked":"SKIP","floor":37.0},{"not_picked":["Shrug It Off","Perfected Strike+1","True Grit"],"picked":"SKIP","floor":38.0},{"not_picked":["Dropkick+1","Metallicize","Sword Boomerang+1"],"picked":"Singing Bowl","floor":40.0},{"not_picked":["Flex","Clothesline+1","Anger"],"picked":"Singing Bowl","floor":41.0},{"not_picked":["Thunderclap","Body Slam+1","Sword Boomerang"],"picked":"Singing Bowl","floor":46.0}],"player_experience":5853245,"relics_obtained":[{"floor":7.0,"key":"Regal Pillow"},{"floor":9.0,"key":"Ancient Tea Set"},{"floor":26.0,"key":"Anchor"},{"floor":40.0,"key":"Singing Bowl"},{"floor":43.0,"key":"Frozen Egg 2"}],"event_choices":[{"damage_healed":0.0,"max_hp_gain":0.0,"max_hp_loss":0.0,"gold_gain":0.0,"event_name":"Shining Light","player_choice":"Entered Light","floor":2.0,"gold_loss":0.0,"damage_taken":14.0,"cards_upgraded":["Rampage","Defend_R"]},{"damage_healed":0.0,"max_hp_gain":0.0,"max_hp_loss":5.0,"gold_gain":0.0,"event_name":"Golden Idol","player_choice":"Lose Max HP","floor":3.0,"gold_loss":0.0,"damage_taken":0.0,"relics_obtained":["Golden Idol"]},{"damage_healed":0.0,"max_hp_gain":0.0,"max_hp_loss":0.0,"gold_gain":0.0,"event_name":"Accursed Blacksmith","player_choice":"Forge","floor":10.0,"gold_loss":0.0,"damage_taken":0.0,"cards_upgraded":["Bash"]},{"cards_removed":["Strike_R"],"damage_healed":0.0,"max_hp_gain":0.0,"max_hp_loss":0.0,"gold_gain":0.0,"event_name":"Beggar","player_choice":"Gave Gold","floor":20.0,"gold_loss":75.0,"damage_taken":0.0},{"damage_healed":0.0,"max_hp_gain":0.0,"max_hp_loss":0.0,"gold_gain":99.0,"event_name":"Nest","player_choice":"Stole From Cult","floor":27.0,"gold_loss":0.0,"damage_taken":0.0},{"damage_healed":0.0,"max_hp_gain":0.0,"max_hp_loss":4.0,"gold_gain":0.0,"event_name":"Winding Halls","player_choice":"Max HP","floor":44.0,"gold_loss":0.0,"damage_taken":0.0},{"damage_healed":0.0,"max_hp_gain":0.0,"max_hp_loss":0.0,"gold_gain":0.0,"event_name":"Mysterious Sphere","player_choice":"Ignored","floor":45.0,"gold_loss":0.0,"damage_taken":0.0},{"damage_healed":0,"gold_gain":0,"player_choice":"Full Heal","damage_taken":0,"max_hp_gain":0,"max_hp_loss":0,"event_name":"Wheel of Change","floor":48,"gold_loss":0}],"is_beta":false,"boss_relics":[{"not_picked":["Astrolabe","Fusion Hammer"],"picked":"Coffee Dripper"},{"not_picked":["Black Star","Mark of Pain"],"picked":"Philosopher\u0027s Stone"}],"items_purged_floors":[11,19,30,36],"is_endless":false,"potions_floor_spawned":[1,7,21,23,29,33,37,40,41],"ascension_level":0}