{"gold_per_floor":[109,128,48,61,81,81,111,111,195,224,240,240,117,130,130,231,231,246,265,295,305,207,207,242,442,465,465,465,480,507,61,61,159,209,225,30,41,41,4,30,57,279,279,159,159,159,189,202,202,202],"floor_reached":51,"playtime":2353,"items_purged":["Strike_G","Strike_G","Normality","Regret","Doubt"],"score":1314,"play_id":"832de082-0de4-45f3-ae7e-ebdbc7844a0d","local_time":"20181001000212","is_ascension_mode":true,"campfire_choices":[{"data":"Cloak And Dagger","floor":6.0,"key":"SMITH"},{"data":"Accuracy","floor":8.0,"key":"SMITH"},{"data":"Blade Dance","floor":12.0,"key":"SMITH"},{"data":"Neutralize","floor":15.0,"key":"SMITH"},{"data":"Cloak And Dagger","floor":23.0,"key":"SMITH"},{"data":"Burst","floor":27.0,"key":"SMITH"},{"floor":32.0,"key":"REST"},{"data":"Envenom","floor":46,"key":"SMITH"},{"data":"Malaise","floor":49,"key":"SMITH"}],"neow_cost":"NONE","seed_source_timestamp":271799633951178,"circlet_count":0,"master_deck":["Defend_G+1","Defend_G+1","Defend_G+1","Defend_G","Defend_G","Strike_G","Strike_G","Strike_G","Survivor","Neutralize+1","AscendersBane","Cloak And Dagger+1","Backflip","Accuracy+1","Escape Plan","Blade Dance+1","Well Laid Plans","Cloak And Dagger+1","Burst+1","Dagger Spray+1","Acrobatics+1","Footwork+1","Parasite","Envenom+1","Leg Sweep","Footwork","Accuracy","Malaise+1"],"special_seed":0,"relics":["Ring of the Snake","Happy Flower","Darkstone Periapt","Tiny Chest","Smiling Mask","Cursed Key","Red Mask","Art of War","Vajra","Letter Opener","Pen Nib","Bottled Tornado","Juzu Bracelet","Tiny House","Bag of Marbles","Dream Catcher","Bronze Scales","NlothsMask","War Paint"],"potions_floor_usage":[],"damage_taken":[{"damage":0.0,"enemies":"Cultist","floor":1.0,"turns":4.0},{"damage":2.0,"enemies":"Jaw Worm","floor":2.0,"turns":7.0},{"damage":0.0,"enemies":"Small Slimes","floor":4.0,"turns":4.0},{"damage":3.0,"enemies":"Looter","floor":5.0,"turns":5.0},{"damage":23.0,"enemies":"Lagavulin","floor":7.0,"turns":6.0},{"damage":15.0,"enemies":"3 Sentries","floor":10.0,"turns":11.0},{"damage":1.0,"enemies":"3 Louse","floor":11.0,"turns":5.0},{"damage":3.0,"enemies":"Blue Slaver","floor":14.0,"turns":3.0},{"damage":0.0,"enemies":"Hexaghost","floor":16.0,"turns":12.0},{"damage":2.0,"enemies":"Chosen","floor":18.0,"turns":4.0},{"damage":4.0,"enemies":"Shell Parasite","floor":19.0,"turns":5.0},{"damage":4.0,"enemies":"Masked Bandits","floor":20.0,"turns":5.0},{"damage":7.0,"enemies":"Cultist and Chosen","floor":21.0,"turns":5.0},{"damage":15.0,"enemies":"Slavers","floor":24.0,"turns":3.0},{"damage":7.0,"enemies":"Snecko","floor":29.0,"turns":4.0},{"damage":3.0,"enemies":"Collector","floor":33.0,"turns":10.0},{"damage":0.0,"enemies":"Orb Walker","floor":35.0,"turns":4.0},{"damage":0.0,"enemies":"3 Shapes","floor":37.0,"turns":4.0},{"damage":1.0,"enemies":"Transient","floor":38.0,"turns":3.0},{"damage":17.0,"enemies":"Nemesis","floor":40.0,"turns":7.0},{"damage":1,"enemies":"Giant Head","floor":47,"turns":7},{"damage":0,"enemies":"Sphere and 2 Shapes","floor":48,"turns":5},{"damage":38,"enemies":"Time Eater","floor":50,"turns":15}],"seed_played":"-2435657836032871561","potions_obtained":[{"floor":2.0,"key":"Poison Potion"},{"floor":4.0,"key":"SkillPotion"},{"floor":5.0,"key":"AttackPotion"},{"floor":14.0,"key":"SpeedPotion"},{"floor":19.0,"key":"SkillPotion"},{"floor":20.0,"key":"Poison Potion"},{"floor":29.0,"key":"Energy Potion"},{"floor":33.0,"key":"LiquidBronze"},{"floor":34.0,"key":"SmokeBomb"},{"floor":37.0,"key":"SpeedPotion"},{"floor":47,"key":"Weak Potion"}],"is_trial":false,"path_per_floor":["M","M","$","M","M","R","E","R","T","E","M","R","$","M","R","B",null,"M","M","?","M","$","R","E","?","T","R","T","M","T","$","R","B",null,"M","$","M","M","$","E","T","?","T","$","?","R","E","M","R","B"],"character_chosen":"THE_SILENT","items_purchased":["Accuracy","Well Laid Plans","PowerPotion","Bottled Tornado","Juzu Bracelet","Bag of Marbles","Footwork","Accuracy"],"campfire_rested":1,"item_purchase_floors":[3,13,22,31,31,36,39,44],"current_hp_per_floor":[63,61,61,61,58,58,35,35,35,20,19,19,19,16,16,16,57,55,51,47,40,40,40,25,25,31,31,37,30,36,36,62,59,86,86,86,86,85,85,68,74,74,74,74,74,74,73,73,73,35],"gold":202,"neow_bonus":"RANDOM_COMMON_RELIC","is_prod":false,"is_daily":false,"chose_seed":false,"campfire_upgraded":8,"win_rate":0,"timestamp":1538323332,"path_taken":["M","M","$","?","M","R","E","R","T","E","M","R","$","M","R","BOSS","M","M","?","M","$","R","E","?","T","R","?","M","?","$","R","BOSS","M","$","M","M","$","E","?","?","T","?","?","R","E","M","R","BOSS"],"build_version":"2018-09-27","purchased_purges":5,"victory":true,"max_hp_per_floor":[70,70,70,70,70,70,70,70,70,70,70,70,70,70,70,70,70,70,70,70,70,70,70,70,70,76,76,82,82,88,88,88,88,93,93,93,93,93,93,93,99,99,99,99,99,99,99,99,99,99],"card_choices":[{"not_picked":["Deflect","Tactician"],"picked":"Cloak And Dagger","floor":1.0},{"not_picked":["Tactician","Riddle With Holes"],"picked":"Backflip","floor":2.0},{"not_picked":["Expertise","PiercingWail"],"picked":"Escape Plan","floor":4.0},{"not_picked":["Outmaneuver","Quick Slash","Acrobatics"],"picked":"SKIP","floor":5.0},{"not_picked":["Tactician","Eviscerate","Unload"],"picked":"SKIP","floor":7.0},{"not_picked":["Riddle With Holes","Sucker Punch","Acrobatics"],"picked":"SKIP","floor":10.0},{"not_picked":["Tactician","Sucker Punch"],"picked":"Blade Dance","floor":11.0},{"not_picked":["Caltrops","Escape Plan"],"picked":"Cloak And Dagger","floor":14.0},{"not_picked":["Corpse Explosion","Venomology"],"picked":"Burst","floor":16.0},{"not_picked":["Outmaneuver","Underhanded Strike"],"picked":"Dagger Spray+1","floor":18.0},{"not_picked":["Quick Slash","Flechettes"],"picked":"Acrobatics+1","floor":19.0},{"not_picked":["Calculated Gamble","Unload","Slice"],"picked":"SKIP","floor":21.0},{"not_picked":["Dagger Spray","Acrobatics+1"],"picked":"Footwork+1","floor":24.0},{"not_picked":["Cloak And Dagger","Deadly Poison","Backflip+1"],"picked":"SKIP","floor":29.0},{"not_picked":["Night Terror","Venomology"],"picked":"Envenom","floor":33.0},{"not_picked":["Skewer+1","Poisoned Stab"],"picked":"Leg Sweep","floor":34.0},{"not_picked":["Dagger Throw+1","Acrobatics+1","Outmaneuver"],"picked":"SKIP","floor":35.0},{"not_picked":["Slice+1","Quick Slash+1","Dagger Throw"],"picked":"SKIP","floor":37.0},{"not_picked":["Blade Dance","Acrobatics","Endless Agony+1"],"picked":"SKIP","floor":40.0},{"not_picked":["Outmaneuver","Calculated Gamble+1"],"picked":"Malaise","floor":47},{"not_picked":["Underhanded Strike","All Out Attack","Cloak And Dagger"],"picked":"SKIP","floor":48}],"player_experience":165979,"relics_obtained":[{"floor":7.0,"key":"Darkstone Periapt"},{"floor":9.0,"key":"Tiny Chest"},{"floor":10.0,"key":"Smiling Mask"},{"floor":20.0,"key":"Red Mask"},{"floor":24.0,"key":"Art of War"},{"floor":26.0,"key":"Vajra"},{"floor":28.0,"key":"Letter Opener"},{"floor":30.0,"key":"Pen Nib"},{"floor":40.0,"key":"Dream Catcher"},{"floor":41.0,"key":"Bronze Scales"},{"floor":47,"key":"War Paint"}],"event_choices":[{"event_name":"Masked Bandits","player_choice":"Fought Bandits","floor":20.0,"damage_taken":0.0},{"event_name":"The Joust","player_choice":"Bet on Owner","floor":25.0,"damage_taken":0.0},{"event_name":"Tomb of Lord Red Mask","player_choice":"Wore Mask","floor":42.0,"damage_taken":0.0},{"event_name":"FaceTrader","player_choice":"Trade","floor":45,"damage_taken":0}],"is_beta":false,"boss_relics":[{"not_picked":["Philosopher\u0027s Stone","Lizard Tail"],"picked":"Cursed Key"},{"not_picked":["White Beast Statue","Calling Bell"],"picked":"Tiny House"}],"items_purged_floors":[13,22,31,36,44],"is_endless":false,"potions_floor_spawned":[2,4,5,14,19,20,29,33,37,38,47],"ascension_level":11}