{"gold_per_floor":[109,70,70,70,70,70,88,88,168,185,196,196,261,281,281,378,378,393,393,403,403,403,403,416,416,416,436,436,456,476,297,297,400,400,411,423,423,436,264,264,283,283,283,299,299,138,138,154,154,154],"floor_reached":51,"playtime":2205,"items_purged":["Pain","Strike_G","Strike_G"],"score":714,"play_id":"953b5f7c-dc8f-4dbd-b74d-76abce1d6c8c","local_time":"20181018164305","is_ascension_mode":false,"campfire_choices":[{"data":"Footwork","floor":6,"key":"SMITH"},{"data":"Adrenaline","floor":8,"key":"SMITH"},{"data":"Poisoned Stab","floor":12,"key":"SMITH"},{"data":"Leg Sweep","floor":15,"key":"SMITH"},{"data":"Leg Sweep","floor":23,"key":"SMITH"},{"data":"Burst","floor":25,"key":"SMITH"},{"data":"Leg Sweep","floor":28,"key":"SMITH"},{"data":"Discovery","floor":32,"key":"SMITH"},{"data":"Noxious Fumes","floor":40,"key":"SMITH"},{"data":"Deadly Poison","floor":42,"key":"SMITH"},{"floor":45,"key":"REST"},{"data":"Footwork","floor":47,"key":"SMITH"},{"data":"Deadly Poison","floor":49,"key":"SMITH"}],"neow_cost":"NONE","seed_source_timestamp":27464757083635,"circlet_count":0,"master_deck":["Defend_G","Defend_G","Defend_G","Defend_G","Strike_G+1","Survivor","Neutralize+1","Poisoned Stab+1","Footwork+1","Adrenaline+1","Leg Sweep+1","Leg Sweep+1","Dagger Throw","Burst+1","Venomology","Prepared+1","Leg Sweep+1","Deadly Poison+1","Discovery+1","Wraith Form v2","Well Laid Plans+1","PiercingWail+1","Deadly Poison+1","Noxious Fumes+1","Footwork+1"],"relics":["Ring of the Snake","Bronze Scales","WarpedTongs","Pantograph","Pear","Sozu","Snake Skull","Whetstone","Ninja Scroll","Runic Dome","Ice Cream","Paper Crane"],"potions_floor_usage":[50],"damage_taken":[{"damage":0,"enemies":"Jaw Worm","floor":1,"turns":8},{"damage":4,"enemies":"Cultist","floor":7,"turns":4},{"damage":1,"enemies":"Small Slimes","floor":10,"turns":3},{"damage":4,"enemies":"Exordium Wildlife","floor":11,"turns":3},{"damage":11,"enemies":"3 Sentries","floor":13,"turns":10},{"damage":1,"enemies":"2 Fungi Beasts","floor":14,"turns":3},{"damage":16,"enemies":"The Guardian","floor":16,"turns":14},{"damage":4,"enemies":"Chosen","floor":18,"turns":6},{"damage":1,"enemies":"3 Byrds","floor":20,"turns":4},{"damage":3,"enemies":"Snake Plant","floor":24,"turns":5},{"damage":5,"enemies":"Shelled Parasite and Fungi","floor":27,"turns":6},{"damage":2,"enemies":"Centurion and Healer","floor":29,"turns":9},{"damage":1,"enemies":"Snake Plant","floor":30,"turns":5},{"damage":16,"enemies":"Collector","floor":33,"turns":7},{"damage":0,"enemies":"3 Shapes","floor":35,"turns":5},{"damage":0,"enemies":"Orb Walker","floor":36,"turns":4},{"damage":0,"enemies":"Mind Bloom Boss Battle","floor":37,"turns":7},{"damage":22,"enemies":"4 Shapes","floor":38,"turns":11},{"damage":5,"enemies":"Reptomancer","floor":41,"turns":4},{"damage":27,"enemies":"Maw","floor":44,"turns":8},{"damage":0,"enemies":"Spire Growth","floor":48,"turns":5},{"damage":0,"enemies":"Awakened One","floor":50,"turns":18}],"seed_played":"24443235632636519","potions_obtained":[{"floor":10,"key":"Regen Potion"},{"floor":14,"key":"SpeedPotion"},{"floor":16,"key":"Dexterity Potion"}],"is_trial":false,"path_per_floor":["M","$","?","?","?","R","M","R","T","M","M","R","?","M","R","B",null,"M","?","M","?","T","R","M","R","T","M","R","M","M","$","R","B",null,"M","M","?","M","$","R","M","R","T","M","R","$","R","M","R","B"],"character_chosen":"THE_SILENT","items_purchased":["Footwork","Discovery","Noxious Fumes","Footwork"],"campfire_rested":1,"item_purchase_floors":[2,31,39,46],"current_hp_per_floor":[70,70,70,70,70,70,66,66,66,65,61,61,60,59,59,64,80,76,76,75,75,75,75,72,72,72,67,67,65,64,64,64,64,80,80,80,80,58,58,58,53,53,53,26,50,50,50,50,50,75],"gold":154,"neow_bonus":"RANDOM_COMMON_RELIC","is_prod":false,"is_daily":false,"chose_seed":false,"campfire_upgraded":12,"win_rate":0,"timestamp":1539852185,"path_taken":["M","$","?","?","?","R","M","R","T","M","?","R","?","M","R","BOSS","M","?","M","?","?","R","M","R","T","M","R","M","M","$","R","BOSS","M","M","?","M","$","R","M","R","T","?","R","$","R","M","R","BOSS"],"build_version":"2018-10-11","purchased_purges":3,"victory":true,"max_hp_per_floor":[70,70,70,70,70,70,70,70,70,70,70,70,80,80,80,80,80,80,80,80,80,80,80,80,80,80,80,80,80,80,80,80,80,80,80,80,80,80,80,80,80,80,80,80,80,80,80,80,80,80],"card_choices":[{"not_picked":["Acrobatics","PiercingWail"],"picked":"Poisoned Stab","floor":1},{"not_picked":["Poisoned Stab","Blur"],"picked":"Leg Sweep","floor":7},{"not_picked":["Predator","PiercingWail","Setup"],"picked":"SKIP","floor":10},{"not_picked":["Backflip","Choke"],"picked":"Leg Sweep","floor":11},{"not_picked":["Deflect","Concentrate"],"picked":"Dagger Throw","floor":13},{"not_picked":["Choke","Deflect","Tactician"],"picked":"SKIP","floor":14},{"not_picked":["Bullet Time","Doppelganger"],"picked":"Burst","floor":16},{"not_picked":["Endless Agony","Skewer","Outmaneuver"],"picked":"SKIP","floor":18},{"not_picked":["Bane+1","Backflip"],"picked":"Prepared+1","floor":20},{"not_picked":["Poisoned Stab","Acrobatics","Cloak And Dagger"],"picked":"SKIP","floor":24},{"not_picked":["Glass Knife","Acrobatics"],"picked":"Leg Sweep","floor":27},{"not_picked":["Cloak And Dagger","Predator","Caltrops"],"picked":"SKIP","floor":29},{"not_picked":["Underhanded Strike","Sucker Punch"],"picked":"Deadly Poison","floor":30},{"not_picked":["A Thousand Cuts","Storm of Steel"],"picked":"Wraith Form v2","floor":33},{"not_picked":["Finisher","Quick Slash","Acrobatics+1"],"picked":"SKIP","floor":35},{"not_picked":["Backflip+1","Noxious Fumes"],"picked":"Well Laid Plans+1","floor":36},{"not_picked":["Bane","Prepared"],"picked":"PiercingWail+1","floor":37},{"not_picked":["Deflect+1","Masterful Stab+1"],"picked":"Deadly Poison","floor":38},{"not_picked":["Dagger Throw+1","Heel Hook","All Out Attack+1"],"picked":"SKIP","floor":41},{"not_picked":["Dagger Spray","Poisoned Stab+1","Heel Hook+1"],"picked":"SKIP","floor":44},{"not_picked":["Eviscerate+1","Sucker Punch","Deflect"],"picked":"SKIP","floor":48}],"player_experience":336773,"relics_obtained":[{"floor":9,"key":"Pantograph"},{"floor":22,"key":"Whetstone"},{"floor":26,"key":"Ninja Scroll"},{"floor":37,"key":"Ice Cream"},{"floor":43,"key":"Paper Crane"}],"event_choices":[{"event_name":"Transmorgrifier","player_choice":"Transform","floor":3,"damage_taken":0},{"event_name":"Liars Game","player_choice":"disagreed","floor":4,"damage_taken":0},{"event_name":"Accursed Blacksmith","player_choice":"Rummage","floor":5,"damage_taken":0},{"event_name":"Dead Adventurer","player_choice":"Searched \u00273\u0027 times","floor":13,"damage_taken":0},{"event_name":"Drug Dealer","player_choice":"Became Test Subject","floor":19,"damage_taken":0},{"event_name":"WeMeetAgain","player_choice":"Card","floor":21,"damage_taken":0},{"event_name":"MindBloom","player_choice":"Fight","floor":37,"damage_taken":0}],"is_beta":false,"boss_relics":[{"not_picked":["Snecko Eye","Eternal Feather"],"picked":"Sozu"},{"not_picked":["Velvet Choker","Black Star"],"picked":"Runic Dome"}],"items_purged_floors":[31,39,46],"is_endless":false,"potions_floor_spawned":[10,14,16,18,20,24,29,35,41],"ascension_level":0}