{"gold_per_floor":[118,3,15,15,15,47,47,63,90,110,110],"floor_reached":11,"playtime":278,"items_purged":[],"score":192,"play_id":"a27fc72e-ada3-440f-8a61-4f3606798163","local_time":"20190101003606","is_ascension_mode":true,"campfire_choices":[],"neow_cost":"NONE","seed_source_timestamp":48740909127439,"circlet_count":0,"master_deck":["AscendersBane","Strike_B","Strike_B","Strike_B","Defend_B","Defend_B","Defend_B","Zap","Dualcast","Coolheaded","Gash","Hologram","Skim","White Noise"],"special_seed":0,"relics":["Cracked Core","NeowsBlessing","Juzu Bracelet","DataDisk","Odd Mushroom"],"potions_floor_usage":[],"damage_taken":[{"damage":0.0,"enemies":"2 Louse","floor":1.0,"turns":1.0},{"damage":0.0,"enemies":"Small Slimes","floor":3.0,"turns":1.0},{"damage":0,"enemies":"Lagavulin","floor":6,"turns":2},{"damage":0,"enemies":"Cultist","floor":8,"turns":3},{"damage":31,"enemies":"The Mushroom Lair","floor":10,"turns":5},{"damage":17,"enemies":"Gremlin Gang","floor":11,"turns":2}],"seed_played":"-2107892264031247773","potions_obtained":[{"floor":3.0,"key":"Dexterity Potion"},{"floor":10,"key":"EssenceOfSteel"}],"is_trial":false,"path_per_floor":["M","$","M","?","?","E","$","M","T","?","M"],"character_chosen":"DEFECT","items_purchased":["Gash","Hologram"],"campfire_rested":0,"item_purchase_floors":[2,2],"current_hp_per_floor":[64,64,64,64,57,57,57,57,57,26,9],"gold":110,"neow_bonus":"THREE_ENEMY_KILL","is_prod":false,"is_daily":false,"chose_seed":false,"campfire_upgraded":0,"win_rate":0,"timestamp":1546274166,"path_taken":["M","$","M","?","?","E","$","M","T","?","M"],"build_version":"2018-12-20","purchased_purges":0,"victory":false,"max_hp_per_floor":[71,71,71,71,71,71,71,71,71,71,71],"card_choices":[{"not_picked":["Leap","Blizzard"],"picked":"Coolheaded","floor":1.0},{"not_picked":["Darkness","Chaos","Sweeping Beam"],"picked":"SKIP","floor":3.0},{"not_picked":["Tempest","Barrage","Hello World"],"picked":"SKIP","floor":6},{"not_picked":["Lockon","Storm"],"picked":"Skim","floor":8},{"not_picked":["Doom and Gloom","Redo"],"picked":"White Noise","floor":10}],"player_experience":1628337,"relics_obtained":[{"floor":6,"key":"Juzu Bracelet"},{"floor":9,"key":"DataDisk"},{"floor":10,"key":"Odd Mushroom"}],"event_choices":[{"cards_removed":["Strike_B"],"damage_healed":0,"gold_gain":0,"player_choice":"Forget","damage_taken":0,"max_hp_gain":0,"max_hp_loss":0,"event_name":"Living Wall","floor":4,"gold_loss":0},{"cards_removed":["Defend_B"],"damage_healed":0,"gold_gain":0,"player_choice":"Card Removal","damage_taken":7,"max_hp_gain":0,"max_hp_loss":0,"event_name":"Golden Wing","floor":5,"gold_loss":0},{"damage_healed":0,"gold_gain":0,"player_choice":"Fought Mushrooms","damage_taken":0,"max_hp_gain":0,"max_hp_loss":0,"event_name":"Mushrooms","floor":10,"gold_loss":0}],"is_beta":false,"boss_relics":[],"items_purged_floors":[],"is_endless":false,"potions_floor_spawned":[3,10],"killed_by":"Gremlin Gang","ascension_level":20}