{"gold_per_floor":[117,3,3,3,3,36,36,89,89,89,123,142,92,108,108,207,207,221,237,40,40,88,116,135,135,219,132,150,150,52,52,52,155,155,167,182,132,143,154,154,154],"floor_reached":41,"playtime":1538,"items_purged":["Strike_R","Pain","Strike_R","Regret","Strike_R","Shame"],"score":584,"play_id":"dd966311-fd9d-47bd-a793-51ba5a37f8c3","local_time":"20180920141811","is_ascension_mode":true,"campfire_choices":[{"data":"Barricade","floor":7,"key":"SMITH"},{"data":"Inflame","floor":10,"key":"SMITH"},{"data":"Body Slam","floor":15,"key":"SMITH"},{"data":"Flex","floor":25,"key":"SMITH"},{"data":"Limit Break","floor":29,"key":"SMITH"},{"data":"Body Slam","floor":32,"key":"SMITH"},{"floor":40,"key":"REST"}],"neow_cost":"NONE","seed_source_timestamp":4528194857446,"circlet_count":0,"master_deck":["Strike_R","Strike_R","Defend_R","Defend_R","Defend_R","Defend_R","Bash","Flex+1","Inflame+1","Barricade+1","Body Slam+1","Ghostly Armor","Reaper","Feel No Pain","Limit Break+1","Second Wind","Shrug It Off","Double Tap","Flame Barrier","Seeing Red+1","Body Slam+1","Doubt","Parasite","True Grit+1","Whirlwind+1"],"relics":["Burning Blood","Art of War","WarpedTongs","Smiling Mask","Dream Catcher","Question Card","Mercury Hourglass","Cursed Key","Centennial Puzzle","Pear","Tiny Chest","Calling Bell","Omamori","Letter Opener","Du-Vu Doll"],"potions_floor_usage":[11,16,16,23,24,38,41],"damage_taken":[{"damage":6,"enemies":"Cultist","floor":1,"turns":4},{"damage":46,"enemies":"3 Sentries","floor":6,"turns":10},{"damage":22,"enemies":"Lagavulin","floor":11,"turns":7},{"damage":0,"enemies":"Small Slimes","floor":12,"turns":5},{"damage":7,"enemies":"Jaw Worm","floor":14,"turns":4},{"damage":0,"enemies":"Slime Boss","floor":16,"turns":6},{"damage":4,"enemies":"Chosen","floor":18,"turns":4},{"damage":36,"enemies":"3 Byrds","floor":19,"turns":6},{"damage":63,"enemies":"Book of Stabbing","floor":23,"turns":7},{"damage":4,"enemies":"Centurion and Healer","floor":24,"turns":7},{"damage":5,"enemies":"Snake Plant","floor":28,"turns":4},{"damage":21,"enemies":"Automaton","floor":33,"turns":9},{"damage":24,"enemies":"3 Shapes","floor":35,"turns":4},{"damage":53,"enemies":"3 Darklings","floor":36,"turns":11},{"damage":25,"enemies":"Transient","floor":38,"turns":5},{"damage":42,"enemies":"Sphere and 2 Shapes","floor":39,"turns":8},{"damage":45,"enemies":"Nemesis","floor":41,"turns":4}],"seed_played":"-6703170597549304639","potions_obtained":[{"floor":6,"key":"Swift Potion"},{"floor":12,"key":"GamblersBrew"},{"floor":14,"key":"SteroidPotion"},{"floor":18,"key":"Poison Potion"},{"floor":23,"key":"BloodPotion"},{"floor":35,"key":"GamblersBrew"},{"floor":39,"key":"AttackPotion"}],"is_trial":false,"path_per_floor":["M","$","$","?","?","E","R","T","T","R","E","M","$","M","R","B",null,"M","M","$","?","T","E","M","R","T","$","M","R","$","?","R","B",null,"M","M","$","M","M","R"],"character_chosen":"IRONCLAD","items_purchased":["Inflame","Limit Break","Flame Barrier","Body Slam"],"campfire_rested":1,"item_purchase_floors":[2,20,27,30],"current_hp_per_floor":[80,80,80,80,80,40,40,40,40,40,24,30,30,29,29,35,69,80,58,58,58,58,27,45,45,45,45,56,56,56,56,56,70,85,67,71,71,52,16,43,0],"gold":154,"neow_bonus":"RANDOM_COMMON_RELIC","is_prod":false,"is_daily":false,"chose_seed":false,"campfire_upgraded":6,"win_rate":0,"timestamp":1537424291,"path_taken":["M","?","$","?","?","E","R","?","T","R","E","?","$","?","R","BOSS","M","M","$","?","?","E","?","R","T","?","M","R","$","?","R","BOSS","M","M","$","M","M","R","E"],"build_version":"2018-09-06","purchased_purges":6,"victory":false,"max_hp_per_floor":[80,80,80,80,80,80,80,80,80,80,80,80,80,80,80,80,80,80,80,80,80,80,90,90,90,90,90,90,90,90,90,90,90,90,90,90,90,90,90,90,90],"card_choices":[{"not_picked":["Cleave","Reckless Charge"],"picked":"Flex","floor":1},{"not_picked":["Power Through","Rampage"],"picked":"Barricade","floor":6},{"not_picked":["Infernal Blade","Sever Soul","Combust"],"picked":"Body Slam","floor":11},{"not_picked":["Inflame","Flex","Pommel Strike"],"picked":"Ghostly Armor","floor":12},{"not_picked":["Warcry","Wild Strike","Carnage","Havoc"],"picked":"SKIP","floor":14},{"not_picked":["Bludgeon","Fiend Fire","Exhume"],"picked":"Reaper","floor":16},{"not_picked":["Heavy Blade","Searing Blow","Wild Strike"],"picked":"Feel No Pain","floor":18},{"not_picked":["Havoc","Blood for Blood","Anger","Flex"],"picked":"SKIP","floor":19},{"not_picked":["Warcry","Perfected Strike","Wild Strike"],"picked":"Shrug It Off","floor":23},{"not_picked":["Rampage","Sentinel","Sever Soul"],"picked":"Double Tap","floor":24},{"not_picked":["Wild Strike","Perfected Strike+1","Twin Strike"],"picked":"Seeing Red+1","floor":28},{"not_picked":["Burning Pact+1","Evolve","Clothesline"],"picked":"True Grit+1","floor":35},{"not_picked":["Bloodletting","Headbutt","Twin Strike+1","Seeing Red"],"picked":"SKIP","floor":36},{"not_picked":["Cleave+1","Sword Boomerang","Iron Wave","Blood for Blood"],"picked":"SKIP","floor":38},{"not_picked":["Clothesline+1","Combust","Wild Strike+1","Warcry"],"picked":"SKIP","floor":39},{"not_picked":["Clothesline+1","Feed","Dual Wield"],"picked":"Whirlwind+1","floor":40}],"player_experience":37481,"relics_obtained":[{"floor":6,"key":"Smiling Mask"},{"floor":8,"key":"Dream Catcher"},{"floor":9,"key":"Question Card"},{"floor":11,"key":"Mercury Hourglass"},{"floor":22,"key":"Centennial Puzzle"},{"floor":23,"key":"Pear"},{"floor":26,"key":"Tiny Chest"},{"floor":34,"key":"Omamori"},{"floor":34,"key":"Letter Opener"},{"floor":34,"key":"Du-Vu Doll"}],"event_choices":[{"event_name":"Accursed Blacksmith","player_choice":"Rummage","floor":4,"damage_taken":0},{"event_name":"Liars Game","player_choice":"disagreed","floor":5,"damage_taken":0},{"event_name":"The Library","player_choice":"Read","floor":21,"damage_taken":0},{"event_name":"Back to Basics","player_choice":"Elegance","floor":31,"damage_taken":0}],"is_beta":false,"boss_relics":[{"not_picked":["Runic Pyramid","Tiny House"],"picked":"Cursed Key"},{"not_picked":["Philosopher\u0027s Stone","Sozu"],"picked":"Calling Bell"}],"items_purged_floors":[2,13,20,27,30,37],"is_endless":false,"potions_floor_spawned":[6,12,14,18,23,35,39],"killed_by":"Nemesis","ascension_level":5}