{"gold_per_floor":[109,126,126,142,217,217,242,242],"floor_reached":8,"playtime":184,"items_purged":[],"score":90,"play_id":"d91fcdd3-447e-4e4d-a659-a7a67abb4f32","local_time":"20181020011514","is_ascension_mode":true,"campfire_choices":[{"data":"Carnage","floor":6,"key":"SMITH"}],"neow_cost":"NONE","seed_source_timestamp":199239694683621,"circlet_count":0,"master_deck":["Strike_R","Strike_R","Strike_R","Strike_R","Defend_R","Defend_R","Defend_R","Defend_R","Bash","AscendersBane","Warcry","Evolve","Carnage+1","Juggernaut"],"relics":["Burning Blood","Bronze Scales","Art of War"],"potions_floor_usage":[7],"damage_taken":[{"damage":19,"enemies":"Small Slimes","floor":1,"turns":5},{"damage":4,"enemies":"2 Louse","floor":2,"turns":3},{"damage":1,"enemies":"Cultist","floor":4,"turns":4},{"damage":15,"enemies":"Lagavulin","floor":7,"turns":6},{"damage":0,"enemies":"The Mushroom Lair","floor":8,"turns":1}],"seed_played":"6421559075587252373","potions_obtained":[{"floor":1,"key":"SpeedPotion"},{"floor":7,"key":"LiquidBronze"}],"is_trial":false,"path_per_floor":["M","M","?","M","?","R","E"],"character_chosen":"IRONCLAD","items_purchased":[],"campfire_rested":0,"item_purchase_floors":[],"current_hp_per_floor":[59,61,54,59,48,48,39,39],"gold":242,"neow_bonus":"RANDOM_COMMON_RELIC","is_prod":false,"is_daily":false,"chose_seed":false,"campfire_upgraded":1,"win_rate":0,"timestamp":1539969314,"path_taken":["M","M","?","?","?","R","E","?"],"build_version":"2018-10-18","purchased_purges":0,"victory":false,"max_hp_per_floor":[80,80,80,80,80,80,80,80],"card_choices":[{"not_picked":["Combust","Clash"],"picked":"Warcry","floor":1},{"not_picked":["Headbutt","Armaments"],"picked":"Evolve","floor":2},{"not_picked":["Thunderclap","Wild Strike"],"picked":"Carnage","floor":4},{"not_picked":["Clothesline","Heavy Blade"],"picked":"Juggernaut","floor":7}],"player_experience":344694,"relics_obtained":[{"floor":7,"key":"Art of War"}],"event_choices":[{"cards_removed":["Strike_R"],"damage_healed":0,"gold_gain":0,"player_choice":"Card Removal","damage_taken":7,"max_hp_gain":0,"max_hp_loss":0,"event_name":"Golden Wing","floor":3,"gold_loss":0},{"damage_healed":0,"gold_gain":75,"player_choice":"Gather Gold","damage_taken":11,"max_hp_gain":0,"max_hp_loss":0,"event_name":"World of Goop","floor":5,"gold_loss":0},{"damage_healed":0,"gold_gain":0,"player_choice":"Fought Mushrooms","damage_taken":0,"max_hp_gain":0,"max_hp_loss":0,"event_name":"Mushrooms","floor":8,"gold_loss":0}],"is_beta":false,"boss_relics":[],"items_purged_floors":[],"is_endless":false,"potions_floor_spawned":[1,7],"killed_by":"The Mushroom Lair","ascension_level":12}