{"gold_per_floor":[217,232,36,36,51,51,70,70,70,70,90,104,104,117,117,212,212,226,226,226,240,252,252,267,267,348,348,359,378,303,319,319,421,421,431,431,431,431,443,461,461,361,361,375,386,60,60,60,60,60],"floor_reached":51,"playtime":1575,"items_purged":["Strike_G","Defend_G","Defend_G"],"score":743,"play_id":"92bcf240-fa77-4db4-b71b-9f9c8914393b","local_time":"20181020132506","is_ascension_mode":false,"campfire_choices":[{"data":"Noxious Fumes","floor":6.0,"key":"SMITH"},{"data":"Malaise","floor":8.0,"key":"SMITH"},{"data":"Deadly Poison","floor":10.0,"key":"SMITH"},{"data":"Corpse Explosion","floor":13.0,"key":"SMITH"},{"data":"Neutralize","floor":15.0,"key":"SMITH"},{"data":"Footwork","floor":23,"key":"SMITH"},{"data":"Wraith Form v2","floor":25,"key":"SMITH"},{"data":"Backflip","floor":27,"key":"SMITH"},{"data":"Malaise","floor":32,"key":"SMITH"},{"data":"Leg Sweep","floor":41,"key":"SMITH"},{"data":"Corpse Explosion","floor":47,"key":"SMITH"},{"data":"Defend_G","floor":49,"key":"SMITH"}],"neow_cost":"NONE","seed_source_timestamp":10149666358346,"circlet_count":0,"master_deck":["Defend_G+1","Defend_G","Strike_G","Strike_G+1","Strike_G+1","Survivor","Neutralize+1","Noxious Fumes+1","Malaise+1","Corpse Explosion+1","Wraith Form v2+1","Calculated Gamble+1","Footwork+1","Backflip+1","Outmaneuver+1","Leg Sweep+1","PiercingWail","Malaise+1","Corpse Explosion+1","Calculated Gamble+1","Backflip+1","Malaise+1"],"special_seed":0,"relics":["Ring of the Snake","Shuriken","Runic Pyramid","Sundial","Velvet Choker","Whetstone","DollysMirror"],"potions_floor_usage":[44],"damage_taken":[{"damage":1.0,"enemies":"Cultist","floor":1.0,"turns":6.0},{"damage":6.0,"enemies":"Jaw Worm","floor":2.0,"turns":6.0},{"damage":0.0,"enemies":"Small Slimes","floor":5.0,"turns":4.0},{"damage":0.0,"enemies":"2 Fungi Beasts","floor":7.0,"turns":4.0},{"damage":15.0,"enemies":"Gremlin Gang","floor":11.0,"turns":6.0},{"damage":12.0,"enemies":"Exordium Thugs","floor":12.0,"turns":5.0},{"damage":7.0,"enemies":"Looter","floor":14.0,"turns":3.0},{"damage":0.0,"enemies":"Hexaghost","floor":16.0,"turns":9.0},{"damage":0.0,"enemies":"3 Byrds","floor":18.0,"turns":3.0},{"damage":0,"enemies":"Chosen","floor":21,"turns":5},{"damage":0,"enemies":"Snake Plant","floor":22,"turns":5},{"damage":0,"enemies":"Snecko","floor":24,"turns":8},{"damage":0,"enemies":"Shelled Parasite and Fungi","floor":28,"turns":5},{"damage":0,"enemies":"Sentry and Sphere","floor":29,"turns":3},{"damage":0,"enemies":"Cultist and Chosen","floor":31,"turns":5},{"damage":22,"enemies":"Collector","floor":33,"turns":9},{"damage":0,"enemies":"3 Shapes","floor":35,"turns":3},{"damage":1,"enemies":"3 Darklings","floor":39,"turns":4},{"damage":12,"enemies":"4 Shapes","floor":40,"turns":3},{"damage":0,"enemies":"Transient","floor":44,"turns":5},{"damage":0,"enemies":"Maw","floor":45,"turns":9},{"damage":0,"enemies":"Time Eater","floor":50,"turns":16}],"seed_played":"-5171484722020973700","potions_obtained":[{"floor":2.0,"key":"SkillPotion"},{"floor":11.0,"key":"Strength Potion"},{"floor":12.0,"key":"AttackPotion"},{"floor":35,"key":"SkillPotion"},{"floor":45,"key":"Block Potion"}],"is_trial":false,"path_per_floor":["M","M","$","?","M","R","M","R","T","R","M","M","R","M","R","B",null,"M","?","?","M","M","R","M","R","T","R","M","M","$","M","R","B",null,"M","?","?","?","M","M","R","$","T","M","M","$","R","?","R","B"],"character_chosen":"THE_SILENT","items_purchased":["Noxious Fumes","Malaise","DollysMirror"],"campfire_rested":0,"item_purchase_floors":[3,3,46],"current_hp_per_floor":[69,63,63,56,56,56,56,56,56,56,41,29,29,22,22,22,70,70,70,70,70,70,70,70,70,70,70,70,70,70,70,70,48,70,70,70,70,66,65,53,53,53,53,53,53,53,53,53,53,53],"gold":60,"neow_bonus":"HUNDRED_GOLD","is_prod":false,"is_daily":false,"chose_seed":false,"campfire_upgraded":12,"win_rate":0,"timestamp":1540013106,"path_taken":["M","?","$","?","M","R","M","R","T","R","M","M","R","M","R","BOSS","M","?","?","M","M","R","M","R","T","R","M","?","$","M","R","BOSS","M","?","?","?","?","M","R","$","T","M","M","$","R","?","R","BOSS"],"build_version":"2018-10-18","purchased_purges":3,"victory":true,"max_hp_per_floor":[70,70,70,70,70,70,70,70,70,70,70,70,70,70,70,70,70,70,70,70,70,70,70,70,70,70,70,70,70,70,70,70,70,70,70,70,70,66,66,66,66,66,66,66,66,66,66,66,66,66],"card_choices":[{"not_picked":["Bane","Quick Slash","Deflect"],"picked":"SKIP","floor":1.0},{"not_picked":["Expertise","Masterful Stab","Underhanded Strike"],"picked":"SKIP","floor":2.0},{"not_picked":["Sucker Punch","Tactician","Dagger Throw"],"picked":"SKIP","floor":5.0},{"not_picked":["Outmaneuver","Flying Knee"],"picked":"Deadly Poison","floor":7.0},{"not_picked":["Choke","Finisher","PiercingWail"],"picked":"SKIP","floor":11.0},{"not_picked":["Blade Dance","Eviscerate"],"picked":"Corpse Explosion","floor":12.0},{"not_picked":["Infinite Blades","Slice","Underhanded Strike"],"picked":"SKIP","floor":14.0},{"not_picked":["Glass Knife","After Image"],"picked":"Wraith Form v2","floor":16.0},{"not_picked":["Poisoned Stab","Bouncing Flask"],"picked":"Calculated Gamble+1","floor":18.0},{"not_picked":["Cloak And Dagger","Underhanded Strike"],"picked":"Footwork","floor":21},{"not_picked":["Blade Dance","Cloak And Dagger"],"picked":"Backflip","floor":22},{"not_picked":["Deflect","Backflip"],"picked":"Outmaneuver+1","floor":24},{"not_picked":["Quick Slash","Crippling Poison"],"picked":"Leg Sweep","floor":28},{"not_picked":["Blade Dance","Cloak And Dagger"],"picked":"PiercingWail","floor":29},{"not_picked":["PiercingWail","Quick Slash"],"picked":"Malaise","floor":31},{"not_picked":["A Thousand Cuts","Phantasmal Killer"],"picked":"Corpse Explosion","floor":33},{"not_picked":["Prepared","Outmaneuver","Bane+1"],"picked":"SKIP","floor":35},{"not_picked":["Slice+1","Sucker Punch+1","Eviscerate+1"],"picked":"SKIP","floor":39},{"not_picked":["Prepared","Reflex+1"],"picked":"Calculated Gamble+1","floor":40},{"not_picked":["Setup","Poisoned Stab"],"picked":"Backflip+1","floor":44},{"not_picked":["Flying Knee+1","Infinite Blades+1","Dash"],"picked":"SKIP","floor":45}],"player_experience":396356,"relics_obtained":[{"floor":9.0,"key":"Shuriken"},{"floor":26,"key":"Sundial"},{"floor":43,"key":"Whetstone"}],"event_choices":[{"cards_removed":["Strike_G"],"damage_healed":0.0,"max_hp_gain":0.0,"max_hp_loss":0.0,"gold_gain":0.0,"event_name":"Golden Wing","player_choice":"Card Removal","floor":4.0,"gold_loss":0.0,"damage_taken":7.0},{"damage_healed":0,"gold_gain":0,"player_choice":"Ignored","damage_taken":0,"max_hp_gain":0,"max_hp_loss":0,"event_name":"Cursed Tome","floor":19,"gold_loss":0},{"cards_removed":["Defend_G"],"damage_healed":0,"gold_gain":0,"player_choice":"Purged","damage_taken":0,"max_hp_gain":0,"max_hp_loss":0,"event_name":"Purifier","floor":20,"gold_loss":0},{"damage_healed":0,"gold_gain":0,"player_choice":"Ignored","damage_taken":0,"max_hp_gain":0,"max_hp_loss":0,"event_name":"Tomb of Lord Red Mask","floor":36,"gold_loss":0},{"cards_removed":["Deadly Poison"],"damage_healed":0,"gold_gain":0,"player_choice":"Removed Skill","damage_taken":0,"max_hp_gain":0,"max_hp_loss":0,"event_name":"Falling","floor":37,"gold_loss":0},{"damage_healed":0,"gold_gain":0,"player_choice":"Max HP","damage_taken":0,"max_hp_gain":0,"max_hp_loss":4,"event_name":"Winding Halls","floor":38,"gold_loss":0},{"damage_healed":0,"gold_gain":0,"player_choice":"Ignored","damage_taken":0,"max_hp_gain":0,"max_hp_loss":0,"event_name":"Mysterious Sphere","floor":48,"gold_loss":0}],"is_beta":false,"boss_relics":[{"not_picked":["Pandora\u0027s Box","HoveringKite"],"picked":"Runic Pyramid"},{"not_picked":["White Beast Statue","Lizard Tail"],"picked":"Velvet Choker"}],"items_purged_floors":[30,42,46],"is_endless":false,"potions_floor_spawned":[2,11,12,21,22,29,35,39,45],"ascension_level":0}