{"gold_per_floor":[116,74,90,105,105,105,30,30,111,111,111,135,160,195,195,195],"floor_reached":16,"playtime":381,"items_purged":["Strike_G"],"score":300,"play_id":"c759073e-9e20-42b7-acc1-fab9b3128f3c","local_time":"20190803203613","is_ascension_mode":true,"campfire_choices":[{"data":"Flechettes","floor":6.0,"key":"SMITH"},{"data":"Masterful Stab","floor":8.0,"key":"SMITH"},{"data":"Dash","floor":10.0,"key":"SMITH"},{"data":"Night Terror","floor":15.0,"key":"SMITH"}],"neow_cost":"TEN_PERCENT_HP_LOSS","seed_source_timestamp":526164134830000,"circlet_count":0,"master_deck":["AscendersBane","Strike_G","Strike_G","Strike_G","Strike_G","Defend_G","Defend_G","Defend_G","Defend_G","Defend_G","Dash+1","Flechettes+1","Masterful Stab+1","Night Terror+1","Tools of the Trade"],"special_seed":0,"relics":["Ring of the Snake","Golden Idol","Sundial","Snake Skull"],"potions_floor_usage":[],"damage_taken":[{"damage":8.0,"enemies":"2 Louse","floor":1.0,"turns":4.0},{"damage":6.0,"enemies":"Jaw Worm","floor":3.0,"turns":6.0},{"damage":0.0,"enemies":"Cultist","floor":4.0,"turns":3.0},{"damage":0.0,"enemies":"3 Louse","floor":12.0,"turns":3.0},{"damage":5.0,"enemies":"Exordium Thugs","floor":13.0,"turns":4.0},{"damage":24.0,"enemies":"Lagavulin","floor":14.0,"turns":8.0},{"damage":23,"enemies":"Slime Boss","floor":16,"turns":6}],"seed_played":"-6390615108024268852","potions_obtained":[{"floor":13.0,"key":"Regen Potion"}],"is_trial":false,"path_per_floor":["M","$","M","M","?","R","$","R","T","R","?","M","M","E","R","B"],"character_chosen":"THE_SILENT","items_purchased":["Flechettes"],"campfire_rested":0,"item_purchase_floors":[2],"current_hp_per_floor":[51,51,45,45,45,45,45,45,45,45,45,45,40,31,31,8],"gold":195,"neow_bonus":"REMOVE_TWO","is_prod":false,"is_daily":false,"chose_seed":false,"campfire_upgraded":4,"win_rate":0,"timestamp":1564832173,"path_taken":["M","$","M","M","?","R","$","R","T","R","?","?","M","E","R","BOSS"],"build_version":"2019-07-17","purchased_purges":1,"victory":false,"max_hp_per_floor":[60,60,60,60,54,54,54,54,54,54,54,54,54,54,54,54],"card_choices":[{"not_picked":["Dagger Throw","Dagger Spray","Dash"],"picked":"SKIP","floor":1.0},{"not_picked":["Dagger Throw","Dagger Spray"],"picked":"Dash","floor":1.0},{"not_picked":["Blade Dance","Caltrops"],"picked":"Masterful Stab","floor":3.0},{"not_picked":["Outmaneuver","Bane","Slice"],"picked":"SKIP","floor":4.0},{"not_picked":["Dagger Spray","Noxious Fumes"],"picked":"Tools of the Trade","floor":12.0},{"not_picked":["Riddle With Holes","Underhanded Strike","Deadly Poison"],"picked":"SKIP","floor":13.0},{"not_picked":["Flying Knee","Accuracy","Sucker Punch"],"picked":"SKIP","floor":14.0}],"player_experience":749637,"relics_obtained":[{"floor":9.0,"key":"Sundial"},{"floor":14.0,"key":"Snake Skull"}],"event_choices":[{"damage_healed":0.0,"max_hp_gain":0.0,"max_hp_loss":6.0,"gold_gain":0.0,"event_name":"Golden Idol","player_choice":"Lose Max HP","floor":5.0,"gold_loss":0.0,"damage_taken":0.0,"relics_obtained":["Golden Idol"]},{"damage_healed":0.0,"max_hp_gain":0.0,"max_hp_loss":0.0,"gold_gain":0.0,"event_name":"Match and Keep!","player_choice":"1 cards matched","floor":11.0,"gold_loss":0.0,"damage_taken":0.0,"cards_obtained":["Night Terror"]}],"is_beta":false,"boss_relics":[],"items_purged_floors":[7],"is_endless":false,"potions_floor_spawned":[13],"killed_by":"Slime Boss","ascension_level":20}