{"gold_per_floor":[118,43,43,43,43,76,97,162,162,176,176,237,237,25,25,118,118,138,172,272,322,102,102],"floor_reached":23,"playtime":505,"items_purged":["Strike_B","Strike_B","Zap"],"score":444,"play_id":"c96d2bc6-9464-404d-a90a-6d1c3d2386b5","local_time":"20190614224447","is_ascension_mode":true,"campfire_choices":[{"data":"Rainbow","floor":11,"key":"SMITH"},{"data":"Recycle","floor":13,"key":"SMITH"},{"data":"Loop","floor":15,"key":"SMITH"}],"neow_cost":"NONE","seed_source_timestamp":48746986428815,"circlet_count":0,"master_deck":["AscendersBane","Defend_B","Defend_B","Defend_B","Defend_B","Dualcast","Recycle+1","Rainbow+1","White Noise","Double Energy","Loop+1","Redo","Conserve Battery","Amplify","Turbo","Storm"],"relics":["Cracked Core","NeowsBlessing","Golden Idol","SsserpentHead","Symbiotic Virus","Smiling Mask","Tiny Chest","Empty Cage"],"potions_floor_usage":[16,18,23],"damage_taken":[{"damage":0,"enemies":"Jaw Worm","floor":1,"turns":1},{"damage":0,"enemies":"Gremlin Nob","floor":6,"turns":1},{"damage":0,"enemies":"2 Louse","floor":7,"turns":1},{"damage":0,"enemies":"Cultist","floor":8,"turns":4},{"damage":13,"enemies":"Gremlin Gang","floor":10,"turns":7},{"damage":26,"enemies":"Lagavulin","floor":12,"turns":7},{"damage":22,"enemies":"The Guardian","floor":16,"turns":11},{"damage":15,"enemies":"Chosen","floor":18,"turns":4},{"damage":27,"enemies":"2 Thieves","floor":19,"turns":5},{"damage":25,"enemies":"Snake Plant","floor":23,"turns":3}],"seed_played":"-6167396817421354334","potions_obtained":[{"floor":10,"key":"Dexterity Potion"},{"floor":12,"key":"EssenceOfSteel"},{"floor":16,"key":"Swift Potion"}],"is_trial":false,"path_per_floor":["M","$","?","?","?","E","M","M","T","M","R","E","R","$","R","B",null,"M","M","?","?","$","M"],"character_chosen":"DEFECT","items_purchased":["Loop","Redo","Conserve Battery","Turbo","FairyPotion","Storm"],"campfire_rested":0,"item_purchase_floors":[14,14,14,22,22,22],"current_hp_per_floor":[64,64,64,64,64,64,64,64,64,51,51,25,25,25,25,3,49,34,7,7,7,7,0],"gold":102,"neow_bonus":"THREE_ENEMY_KILL","is_prod":false,"is_daily":false,"chose_seed":false,"campfire_upgraded":3,"win_rate":0,"timestamp":1560519887,"path_taken":["M","$","?","?","?","E","M","?","T","M","R","E","R","$","R","BOSS","M","?","?","?","?","M"],"build_version":"2019-01-23","purchased_purges":3,"victory":false,"max_hp_per_floor":[71,71,71,64,64,64,64,64,64,64,64,64,64,64,64,64,64,64,64,64,64,64,64],"card_choices":[{"not_picked":["Turbo","Consume"],"picked":"Recycle","floor":1},{"not_picked":["Steam","Go for the Eyes"],"picked":"Rainbow","floor":6},{"not_picked":["Go for the Eyes","Stack"],"picked":"White Noise","floor":7},{"not_picked":["Beam Cell","Rebound","Force Field"],"picked":"SKIP","floor":8},{"not_picked":["Conserve Battery","Coolheaded"],"picked":"Double Energy","floor":10},{"not_picked":["Gash","Genetic Algorithm","Hello World"],"picked":"SKIP","floor":12},{"not_picked":["Hyperbeam","Thunder Strike"],"picked":"Amplify","floor":16},{"not_picked":["Sweeping Beam","Ball Lightning","Double Energy"],"picked":"SKIP","floor":18},{"not_picked":["Stack","Hologram","Barrage"],"picked":"SKIP","floor":19}],"player_experience":599326,"relics_obtained":[{"floor":6,"key":"Symbiotic Virus"},{"floor":9,"key":"Smiling Mask"},{"floor":12,"key":"Tiny Chest"}],"event_choices":[{"damage_healed":0,"gold_gain":0,"player_choice":"Ignored","damage_taken":0,"max_hp_gain":0,"max_hp_loss":0,"event_name":"Liars Game","floor":3,"gold_loss":0},{"damage_healed":0,"gold_gain":0,"player_choice":"Lose Max HP","damage_taken":0,"relics_obtained":["Golden Idol"],"max_hp_gain":0,"max_hp_loss":7,"event_name":"Golden Idol","floor":4,"gold_loss":0},{"damage_healed":0,"gold_gain":0,"player_choice":"Trade","damage_taken":0,"relics_obtained":["SsserpentHead"],"max_hp_gain":0,"max_hp_loss":0,"event_name":"FaceTrader","floor":5,"gold_loss":0},{"damage_healed":0,"gold_gain":50,"player_choice":"Stole From Cult","damage_taken":0,"max_hp_gain":0,"max_hp_loss":0,"event_name":"Nest","floor":20,"gold_loss":0},{"damage_healed":0,"gold_gain":0,"player_choice":"Ignored","damage_taken":0,"max_hp_gain":0,"max_hp_loss":0,"event_name":"The Mausoleum","floor":21,"gold_loss":0}],"is_beta":false,"boss_relics":[{"not_picked":["Philosopher\u0027s Stone","Velvet Choker"],"picked":"Empty Cage"}],"items_purged_floors":[2,14,22],"is_endless":false,"potions_floor_spawned":[10,12,16],"killed_by":"Snake Plant","ascension_level":20}