{"gold_per_floor":[116,116,130,144,68,68,101,101,154,201,232,24,49,64,64,138,138,154,171,16,32,32,32,32,67,121,132,132,161,161,176,176,255,255,269,269,280,280,292,327,327,357,357,382,256,281,299,332,332,332,332,332,332,110,144,144],"floor_reached":57,"playtime":2170,"items_purged":["Strike_G","Strike_G"],"score":3716,"play_id":"2a3690b4-effc-4d61-94b7-fce5058c60f8","local_time":"20190126193707","is_ascension_mode":true,"campfire_choices":[{"data":"Catalyst","floor":6.0,"key":"SMITH"},{"data":"Catalyst","floor":8.0,"key":"SMITH"},{"data":"Deadly Poison","floor":15.0,"key":"SMITH"},{"data":"Night Terror","floor":23.0,"key":"SMITH"},{"data":"Catalyst","floor":28.0,"key":"SMITH"},{"data":"Ghostly","floor":30.0,"key":"SMITH"},{"data":"Impatience","floor":32.0,"key":"SMITH"},{"data":"Wraith Form v2","floor":41.0,"key":"SMITH"},{"floor":49.0,"key":"RECALL"},{"data":"Well Laid Plans","floor":53.0,"key":"SMITH"}],"neow_cost":"NONE","seed_source_timestamp":8993744646474,"circlet_count":0,"master_deck":["AscendersBane","Defend_G","Defend_G","Defend_G","Defend_G","Defend_G","Survivor","Neutralize","Deadly Poison+1","Catalyst+1","Catalyst+1","Prepared","Backflip","Night Terror+1","Adrenaline+1","Noxious Fumes+1","Catalyst+1","Impatience+1","PiercingWail","Ghostly+1","Ghostly","Ghostly","Catalyst+1","Corpse Explosion","Dark Shackles","Ghostly+1","Footwork","Wraith Form v2+1","Well Laid Plans+1","Acrobatics"],"special_seed":0,"relics":["Ring of the Snake","NeowsBlessing","Strawberry","MawBank","Orichalcum","TwistedFunnel","Ornamental Fan","Astrolabe","WingedGreaves","Regal Pillow","Black Star","Happy Flower","Centennial Puzzle","Paper Crane","Smiling Mask","Bronze Scales","Question Card","Mummified Hand","Omamori","Snake Skull","Bird Faced Urn","Ginger","Bag of Marbles","Gambling Chip"],"potions_floor_usage":[56],"damage_taken":[{"damage":0.0,"enemies":"2 Louse","floor":1.0,"turns":1.0},{"damage":0.0,"enemies":"Cultist","floor":3.0,"turns":1.0},{"damage":0.0,"enemies":"Small Slimes","floor":4.0,"turns":1.0},{"damage":7.0,"enemies":"Lagavulin","floor":7.0,"turns":5.0},{"damage":47.0,"enemies":"3 Sentries","floor":10.0,"turns":11.0},{"damage":0.0,"enemies":"Blue Slaver","floor":11.0,"turns":4.0},{"damage":5.0,"enemies":"Lagavulin","floor":13.0,"turns":3.0},{"damage":5.0,"enemies":"Lots of Slimes","floor":14.0,"turns":3.0},{"damage":0.0,"enemies":"The Guardian","floor":16.0,"turns":5.0},{"damage":0.0,"enemies":"Chosen","floor":18.0,"turns":2.0},{"damage":0.0,"enemies":"Shell Parasite","floor":19.0,"turns":2.0},{"damage":0.0,"enemies":"Snake Plant","floor":21.0,"turns":1.0},{"damage":0.0,"enemies":"Book of Stabbing","floor":25.0,"turns":3.0},{"damage":0.0,"enemies":"Centurion and Healer","floor":27.0,"turns":6.0},{"damage":0.0,"enemies":"Gremlin Leader","floor":29.0,"turns":2.0},{"damage":16.0,"enemies":"Shelled Parasite and Fungi","floor":31.0,"turns":2.0},{"damage":8.0,"enemies":"Automaton","floor":33.0,"turns":5.0},{"damage":0.0,"enemies":"Orb Walker","floor":35.0,"turns":1.0},{"damage":1.0,"enemies":"3 Darklings","floor":37.0,"turns":2.0},{"damage":7.0,"enemies":"Spire Growth","floor":39.0,"turns":3.0},{"damage":0.0,"enemies":"Giant Head","floor":40.0,"turns":4.0},{"damage":0.0,"enemies":"Nemesis","floor":42.0,"turns":5.0},{"damage":0.0,"enemies":"Reptomancer","floor":44.0,"turns":5.0},{"damage":0.0,"enemies":"Giant Head","floor":46.0,"turns":5.0},{"damage":0.0,"enemies":"Jaw Worm Horde","floor":47.0,"turns":4.0},{"damage":0.0,"enemies":"Reptomancer","floor":48.0,"turns":3.0},{"damage":0.0,"enemies":"Donu and Deca","floor":50.0,"turns":6.0},{"damage":0.0,"enemies":"Awakened One","floor":51.0,"turns":10.0},{"damage":4,"enemies":"Shield and Spear","floor":55,"turns":7},{"damage":11,"enemies":"The Heart","floor":56,"turns":5}],"seed_played":"-7111907106434761211","potions_obtained":[{"floor":3.0,"key":"Weak Potion"},{"floor":4.0,"key":"Swift Potion"},{"floor":11.0,"key":"Weak Potion"},{"floor":14.0,"key":"FearPotion"},{"floor":21.0,"key":"GhostInAJar"},{"floor":31.0,"key":"SpeedPotion"}],"is_trial":false,"path_per_floor":["M","?","M","M","$","R","E","R","T","E","M","$","E","M","R","B",null,"M","M","$","M","?","R","?","E","T","M","R","E","R","M","R","B",null,"M","?","M","?","M","E","R","E","T","E","$","E","M","E","R","B","B",null,"R","$","E","B",null],"character_chosen":"THE_SILENT","items_purchased":["Catalyst","TwistedFunnel","Impatience","PiercingWail","Well Laid Plans","Bag of Marbles"],"campfire_rested":0,"item_purchase_floors":[5,12,20,20,45,54],"current_hp_per_floor":[59,59,59,59,59,59,59,59,59,12,12,12,7,2,2,2,55,55,55,55,55,36,36,36,36,36,36,36,36,36,20,20,12,30,30,30,29,29,22,22,22,22,22,22,22,22,22,22,22,30,36,36,36,36,34,25],"gold":144,"neow_bonus":"THREE_ENEMY_KILL","is_prod":false,"is_daily":false,"chose_seed":false,"campfire_upgraded":9,"win_rate":0,"timestamp":1548502627,"path_taken":["M","?","?","?","?","R","E","R","T","E","M","$","E","?","R","BOSS","M","M","$","M","?","R","?","E","T","M","R","E","R","M","R","BOSS","BOSS","M","?","M","?","M","E","R","E","T","E","$","E","?","E","R","BOSS","BOSS","R","$","E","BOSS"],"build_version":"2019-01-23","purchased_purges":2,"victory":true,"max_hp_per_floor":[66,66,66,66,66,66,73,73,73,73,73,73,73,73,73,73,73,73,73,73,73,36,36,36,36,36,36,36,36,36,36,36,36,36,36,36,36,36,36,36,36,36,36,36,36,36,36,36,36,36,36,36,36,36,36,36],"card_choices":[{"not_picked":["Blade Dance","Dagger Throw","Flying Knee"],"picked":"SKIP","floor":1.0},{"not_picked":["Underhanded Strike","Riddle With Holes"],"picked":"Deadly Poison","floor":3.0},{"not_picked":["Dagger Throw","Outmaneuver"],"picked":"Catalyst","floor":4.0},{"not_picked":["Deflect","Slice","Underhanded Strike"],"picked":"SKIP","floor":7.0},{"not_picked":["Dagger Spray","Eviscerate","Reflex"],"picked":"SKIP","floor":10.0},{"not_picked":["Dagger Spray","Eviscerate","Reflex"],"picked":"SKIP","floor":10.0},{"not_picked":["Grand Finale","Sucker Punch","Outmaneuver"],"picked":"SKIP","floor":11.0},{"not_picked":["Sucker Punch","Outmaneuver"],"picked":"Grand Finale","floor":11.0},{"not_picked":["Outmaneuver","Bullet Time"],"picked":"Prepared","floor":13.0},{"not_picked":["Bane","Poisoned Stab"],"picked":"Backflip","floor":14.0},{"not_picked":["Unload","Die Die Die"],"picked":"Night Terror","floor":16.0},{"not_picked":["Backflip","Dodge and Roll+1","Heel Hook"],"picked":"SKIP","floor":18.0},{"not_picked":["Underhanded Strike","Heel Hook","Sucker Punch"],"picked":"SKIP","floor":19.0},{"not_picked":["Flying Knee+1","All Out Attack","Bane+1"],"picked":"SKIP","floor":21.0},{"not_picked":["Flying Knee+1","All Out Attack","Bane+1"],"picked":"SKIP","floor":21.0},{"not_picked":["Choke","Accuracy","Tactician"],"picked":"SKIP","floor":25.0},{"not_picked":["Skewer","Flying Knee"],"picked":"Catalyst","floor":27.0},{"not_picked":["Endless Agony","Grand Finale","Masterful Stab"],"picked":"SKIP","floor":29.0},{"not_picked":["Backflip","Choke","Blur"],"picked":"SKIP","floor":31.0},{"not_picked":["Die Die Die","After Image"],"picked":"Corpse Explosion","floor":33.0},{"not_picked":["Prepared","Deadly Poison+1","Flechettes"],"picked":"SKIP","floor":35.0},{"not_picked":["Jack Of All Trades","Flash of Steel"],"picked":"Dark Shackles","floor":36.0},{"not_picked":["Deflect","Infinite Blades+1","Dodge and Roll"],"picked":"SKIP","floor":37.0},{"not_picked":["Poisoned Stab+1","Tactician"],"picked":"Footwork","floor":39.0},{"not_picked":["Dagger Throw","Blur"],"picked":"Wraith Form v2","floor":40.0},{"not_picked":["All Out Attack","Deflect","Cloak And Dagger+1"],"picked":"SKIP","floor":42.0},{"not_picked":["Reflex","Dagger Spray","Skewer"],"picked":"SKIP","floor":44.0},{"not_picked":["Quick Slash+1","Dagger Throw","PiercingWail+1","Dagger Spray"],"picked":"SKIP","floor":46.0},{"not_picked":["Dagger Throw","Quick Slash","Finisher","Underhanded Strike"],"picked":"SKIP","floor":47.0},{"not_picked":["Cloak And Dagger","Deflect","Phantasmal Killer","Sucker Punch"],"picked":"SKIP","floor":48.0},{"not_picked":["PiercingWail","Deadly Poison","Bane+1"],"picked":"Acrobatics","floor":55}],"player_experience":1351649,"relics_obtained":[{"floor":7.0,"key":"Strawberry"},{"floor":9.0,"key":"MawBank"},{"floor":10.0,"key":"Orichalcum"},{"floor":13.0,"key":"Ornamental Fan"},{"floor":25.0,"key":"WingedGreaves"},{"floor":29.0,"key":"Regal Pillow"},{"floor":40.0,"key":"Happy Flower"},{"floor":40.0,"key":"Centennial Puzzle"},{"floor":42.0,"key":"Paper Crane"},{"floor":42.0,"key":"Smiling Mask"},{"floor":43.0,"key":"Bronze Scales"},{"floor":44.0,"key":"Question Card"},{"floor":44.0,"key":"Mummified Hand"},{"floor":46.0,"key":"Omamori"},{"floor":46.0,"key":"Snake Skull"},{"floor":48.0,"key":"Bird Faced Urn"},{"floor":48.0,"key":"Ginger"},{"floor":55,"key":"Gambling Chip"}],"event_choices":[{"cards_removed":["Strike_G"],"damage_healed":0.0,"max_hp_gain":0.0,"max_hp_loss":0.0,"gold_gain":0.0,"event_name":"Bonfire Elementals","player_choice":"Offered Basic","floor":2.0,"gold_loss":0.0,"damage_taken":0.0},{"damage_healed":0.0,"max_hp_gain":0.0,"max_hp_loss":37.0,"gold_gain":0.0,"event_name":"Ghosts","player_choice":"Became a Ghost","floor":22.0,"gold_loss":0.0,"damage_taken":0.0,"cards_obtained":["Ghostly","Ghostly","Ghostly"]},{"damage_healed":0.0,"max_hp_gain":0.0,"max_hp_loss":0.0,"gold_gain":0.0,"event_name":"The Mausoleum","player_choice":"Ignored","floor":24.0,"gold_loss":0.0,"damage_taken":0.0},{"damage_healed":0.0,"max_hp_gain":0.0,"max_hp_loss":0.0,"gold_gain":0.0,"event_name":"SensoryStone","player_choice":"Memory 1","floor":36.0,"gold_loss":0.0,"damage_taken":0.0},{"damage_healed":0.0,"max_hp_gain":0.0,"max_hp_loss":0.0,"gold_gain":0.0,"event_name":"Duplicator","player_choice":"Copied","floor":38.0,"gold_loss":0.0,"damage_taken":0.0,"cards_obtained":["Ghostly"]}],"is_beta":true,"boss_relics":[{"not_picked":["Lizard Tail","Orrery"],"picked":"Astrolabe"},{"not_picked":["Philosopher\u0027s Stone","Tiny House"],"picked":"Black Star"}],"items_purged_floors":[45,54],"is_endless":false,"potions_floor_spawned":[3,4,11,14,21,27,31,37,42,48],"ascension_level":20}