{"path_per_floor":["M","M","M","M","$","R","E","M","T","M","?","R","E","M","R","B",null,"M","M","M","M","?","E","R","M","T","M","M","M","E","$","R","B",null,"M","$","M","M","?","E","?","$","T","M","E","?","M","?","R","B"],"character_chosen":"THE_SILENT","items_purchased":["Sword Boomerang","Toxic Egg 2","Shuriken","Purity+1","Concentrate+1","Secret Technique+1","Blue Candle","Kunai"],"gold_per_floor":[144,189,234,279,3,3,93,138,138,183,315,315,405,450,450,750,750,795,840,885,930,930,1020,1020,1065,1090,1135,1180,1225,1315,968,968,1268,1268,1313,1093,1138,1183,1183,1273,1273,773,823,868,958,1015,1060,1060,1060,1060],"floor_reached":51,"campfire_rested":6,"playtime":1753,"item_purchase_floors":[5,5,31,31,36,36,42,42],"current_hp_per_floor":[70,70,70,70,70,70,44,39,45,38,38,60,46,46,68,71,100,98,98,96,93,73,73,104,98,104,103,105,107,109,109,111,62,117,117,117,117,109,109,78,78,78,84,84,65,67,69,69,105,113],"items_purged":[],"gold":1060,"score":1115,"play_id":"5270db0f-b2a1-449a-9e1a-bd1c06d0301d","local_time":"20180522105734","daily_mods":["Diverse","Cursed Run","Midas"],"is_prod":false,"is_daily":true,"chose_seed":false,"is_ascension_mode":false,"campfire_upgraded":0,"timestamp":1526957854,"campfire_choices":[{"floor":6,"key":"REST"},{"floor":12,"key":"REST"},{"floor":15,"key":"REST"},{"floor":24,"key":"REST"},{"floor":32,"key":"REST"},{"floor":49,"key":"REST"}],"path_taken":["M","M","M","M","$","R","E","M","T","M","?","R","E","M","R","BOSS","M","M","M","M","?","E","R","M","T","?","M","M","E","$","R","BOSS","M","$","M","M","?","E","?","$","T","M","E","?","M","?","R","BOSS"],"build_version":"2018-05-18","seed_source_timestamp":0,"purchased_purges":0,"victory":true,"master_deck":["Survivor","Neutralize","Iron Wave","Metallicize","Finisher","Sword Boomerang","Hyperbeam","Shrug It Off+1","Normality","Seeing Red+1","Cloak And Dagger+1","Slice","Injury","Venomology+1","Normality","Pain","Normality","Dagger Spray","Normality","Dagger Throw","Purity+1","Parasite","Echo Form","Malaise+1","Thunderclap","Deflect+1","True Grit+1","Wild Strike","Warcry+1","Body Slam","Sword Boomerang","Melter","Dagger Throw","Twin Strike+1","Concentrate+1","Secret Technique+1","Prepared+1","Clash","Acrobatics+1","Injury","Skim+1","Backstab+1","Parasite"],"max_hp_per_floor":[70,70,70,70,70,70,70,70,76,76,76,76,76,76,76,82,100,100,100,100,100,105,105,105,105,111,111,111,111,111,111,111,117,117,117,117,117,117,117,117,117,117,123,123,123,123,123,123,123,129],"relics":["Cursed Key","Darkstone Periapt","Du-Vu Doll","Toxic Egg 2","Ancient Tea Set","Bottled Flame","The Specimen","Happy Flower","Calling Bell","Anchor","Meat on the Bone","Unceasing Top","Pen Nib","Blood Vial","Juzu Bracelet","Shuriken","Pandora\u0027s Box","Bronze Scales","Blue Candle","Kunai","Art of War","Ice Cream","Torii"],"card_choices":[{"not_picked":["Chill","Tempest"],"picked":"Iron Wave","floor":1},{"not_picked":["Dodge and Roll","Outmaneuver"],"picked":"Metallicize","floor":2},{"not_picked":["Underhanded Strike","Cold Snap","Headbutt"],"picked":"SKIP","floor":3},{"not_picked":["Prepared","Dropkick"],"picked":"Finisher","floor":4},{"not_picked":["Bane","Clothesline"],"picked":"Hyperbeam","floor":7},{"not_picked":["Havoc+1","Headbutt"],"picked":"Shrug It Off+1","floor":8},{"not_picked":["Force Field+1","Axe Kick"],"picked":"Seeing Red+1","floor":10},{"not_picked":["Perfected Strike","Coolheaded+1"],"picked":"Cloak And Dagger+1","floor":11},{"not_picked":["Deadly Poison+1","Coolheaded+1","Pommel Strike"],"picked":"SKIP","floor":13},{"not_picked":["Demon Form","Perfected Strike"],"picked":"Slice","floor":14},{"not_picked":["Bullet Time+1","Phantasmal Killer+1"],"picked":"Venomology+1","floor":16},{"not_picked":["Deflect+1","PiercingWail+1","Darkness+1"],"picked":"SKIP","floor":18},{"not_picked":["Sentinel+1","Doom and Gloom","Masterful Stab"],"picked":"SKIP","floor":19},{"not_picked":["Capacitor","Choke","Defragment"],"picked":"SKIP","floor":20},{"not_picked":["Fire Breathing+1","Doppelganger+1"],"picked":"Dagger Spray","floor":21},{"not_picked":["Streamline","Deadly Poison+1","Rip and Tear"],"picked":"SKIP","floor":23},{"not_picked":["Cold Snap","Noxious Fumes","Skewer"],"picked":"SKIP","floor":25},{"not_picked":["Carnage","Power Through+1","Deflect+1"],"picked":"SKIP","floor":27},{"not_picked":["Melter","Power Through+1"],"picked":"Dagger Throw","floor":28},{"not_picked":["Fusion+1","Flying Knee+1"],"picked":"Storm of Steel+1","floor":29},{"not_picked":["Reflex+1","Pommel Strike","Stack+1"],"picked":"SKIP","floor":30},{"not_picked":["Fission+1","Bullet Time+1"],"picked":"Echo Form","floor":33},{"not_picked":["Expertise+1","Underhanded Strike"],"picked":"Twin Strike+1","floor":35},{"not_picked":["Rebound+1","Beam Cell"],"picked":"Prepared+1","floor":37},{"not_picked":["Axe Kick+1","Coolheaded+1"],"picked":"Clash","floor":38},{"not_picked":["Dagger Spray","Streamline"],"picked":"Acrobatics+1","floor":40},{"not_picked":["Skim+1","Dagger Spray","Corpse Explosion"],"picked":"SKIP","floor":44},{"not_picked":["Dagger Spray","Corpse Explosion"],"picked":"Skim+1","floor":44},{"not_picked":["Backstab+1","Cold Snap","Bouncing Flask+1"],"picked":"SKIP","floor":45},{"not_picked":["Cold Snap","Bouncing Flask+1"],"picked":"Backstab+1","floor":45},{"not_picked":["Eviscerate","Wild Strike","Clothesline"],"picked":"SKIP","floor":47}],"player_experience":484290,"potions_floor_usage":[16,16,23,28,30,33,33,33,45,50,50,50,50,50,50,50,50],"damage_taken":[{"damage":0,"enemies":"Small Slimes","floor":1,"turns":3},{"damage":0,"enemies":"2 Louse","floor":2,"turns":3},{"damage":0,"enemies":"Cultist","floor":3,"turns":4},{"damage":0,"enemies":"Large Slime","floor":4,"turns":6},{"damage":26,"enemies":"Lagavulin","floor":7,"turns":8},{"damage":5,"enemies":"Looter","floor":8,"turns":3},{"damage":7,"enemies":"Blue Slaver","floor":10,"turns":2},{"damage":0,"enemies":"3 Sentries","floor":11,"turns":3},{"damage":14,"enemies":"Gremlin Nob","floor":13,"turns":5},{"damage":0,"enemies":"Exordium Thugs","floor":14,"turns":2},{"damage":3,"enemies":"Slime Boss","floor":16,"turns":9},{"damage":2,"enemies":"3 Byrds","floor":18,"turns":5},{"damage":0,"enemies":"Shell Parasite","floor":19,"turns":3},{"damage":2,"enemies":"Centurion and Healer","floor":20,"turns":6},{"damage":3,"enemies":"Snecko","floor":21,"turns":3},{"damage":0,"enemies":"Book of Stabbing","floor":23,"turns":2},{"damage":6,"enemies":"3 Cultists","floor":25,"turns":4},{"damage":3,"enemies":"Snake Plant","floor":27,"turns":3},{"damage":12,"enemies":"Chosen and Byrds","floor":28,"turns":5},{"damage":0,"enemies":"Centurion and Healer","floor":29,"turns":2},{"damage":0,"enemies":"Gremlin Leader","floor":30,"turns":4},{"damage":67,"enemies":"Automaton","floor":33,"turns":8},{"damage":0,"enemies":"Flame Bruiser 1 Orb","floor":35,"turns":1},{"damage":0,"enemies":"Orb Walker","floor":37,"turns":2},{"damage":8,"enemies":"Maw","floor":38,"turns":6},{"damage":33,"enemies":"Giant Head","floor":40,"turns":7},{"damage":2,"enemies":"Spire Growth","floor":44,"turns":2},{"damage":33,"enemies":"Nemesis","floor":45,"turns":3},{"damage":0,"enemies":"…Ò√ÿ‘≤«Ú","floor":46,"turns":1},{"damage":0,"enemies":"Sphere and 2 Shapes","floor":47,"turns":1},{"damage":0,"enemies":"Donu and Deca","floor":50,"turns":2}],"relics_obtained":[{"floor":7,"key":"Ancient Tea Set"},{"floor":9,"key":"Bottled Flame"},{"floor":13,"key":"Happy Flower"},{"floor":17,"key":"Anchor"},{"floor":17,"key":"Meat on the Bone"},{"floor":17,"key":"Unceasing Top"},{"floor":23,"key":"Pen Nib"},{"floor":26,"key":"Blood Vial"},{"floor":30,"key":"Juzu Bracelet"},{"floor":40,"key":"Bronze Scales"},{"floor":43,"key":"Art of War"},{"floor":45,"key":"Ice Cream"},{"floor":46,"key":"Torii"}],"event_choices":[{"event_name":"Dead Adventurer","player_choice":"Searched \u00272\u0027 times","floor":11,"damage_taken":0},{"event_name":"Forgotten Altar","player_choice":"Shed Blood","floor":22,"damage_taken":0},{"event_name":"The Lab","player_choice":"Got Potions","floor":39,"damage_taken":0},{"event_name":"SecretPortal","player_choice":"Rejected Portal.","floor":41,"damage_taken":0},{"event_name":"Mysterious Sphere","player_choice":"Fight","floor":46,"damage_taken":0},{"event_name":"Purifier","player_choice":"One Purge","floor":48,"damage_taken":0}],"boss_relics":[{"not_picked":["Runic Dome","Tiny House"],"picked":"Calling Bell"},{"not_picked":["Runic Pyramid","Lizard Tail"],"picked":"Pandora\u0027s Box"}],"items_purged_floors":[],"potions_floor_spawned":[1,3,10,11,13,14,20,23,30,33,38,45,47],"seed_played":"-8577527438372817843","ascension_level":0,"potions_obtained":[{"floor":1,"key":"Regen Potion"},{"floor":3,"key":"Regen Potion"},{"floor":10,"key":"Fire Potion"},{"floor":13,"key":"Fire Potion"},{"floor":20,"key":"Regen Potion"},{"floor":30,"key":"PowerPotion"},{"floor":33,"key":"EssenceOfSteel"},{"floor":39,"key":"EntropicBrew"}],"is_trial":false}