{"gold_per_floor":[117,42,59,76,151,176,176,14,87,87,144,144,144,172,172,245,245,258,258,284,209,228,19,51,51,76,96,128,148,167,177,177,249,249,264,280,69,89,89,119,119,139,163,188,208,239,251,277,277,277,277,277,277,31,65,65],"floor_reached":57,"playtime":3654,"items_purged":["Strike_B","Pain"],"score":3060,"play_id":"01b0c8ed-7f23-40c2-b267-c172d00a1736","local_time":"20190416081644","is_ascension_mode":true,"campfire_choices":[{"data":"Defragment","floor":7.0,"key":"SMITH"},{"data":"Sunder","floor":10.0,"key":"SMITH"},{"data":"Darkness","floor":13.0,"key":"SMITH"},{"data":"Dualcast","floor":15.0,"key":"SMITH"},{"data":"Recycle","floor":25.0,"key":"SMITH"},{"data":"Heatsinks","floor":32.0,"key":"SMITH"},{"data":"Double Energy","floor":41.0,"key":"SMITH"},{"floor":49.0,"key":"RECALL"},{"data":"Capacitor","floor":53.0,"key":"SMITH"}],"neow_cost":"NONE","seed_source_timestamp":8075359383480,"circlet_count":0,"master_deck":["AscendersBane","Dualcast+1","Chill","Double Energy+1","Consume+1","Undo+1","Sunder+1","Defragment+1","Ball Lightning","Glacier","Self Repair","Darkness+1","Buffer","Recycle+1","Hyperbeam","Sunder","Heatsinks+1","Meteor Strike","Glacier","Redo","Master of Strategy","Double Energy","Reinforced Body","Capacitor+1","Multi-Cast","Glacier+1","Core Surge","Self Repair+1","Double Energy","Recycle","Self Repair+1","Turbo"],"special_seed":0,"relics":["Orrery","PreservedInsect","Letter Opener","Tiny Chest","Regal Pillow","Pandora\u0027s Box","Red Mask","Bag of Preparation","War Paint","Matryoshka","Runic Pyramid","Medical Kit","WarpedTongs","Bottled Lightning","Smiling Mask","Dream Catcher","Bronze Scales","Incense Burner","Pen Nib","Mango"],"potions_floor_usage":[56],"damage_taken":[{"damage":2.0,"enemies":"Jaw Worm","floor":1.0,"turns":5.0},{"damage":0.0,"enemies":"2 Louse","floor":3.0,"turns":4.0},{"damage":0.0,"enemies":"Small Slimes","floor":4.0,"turns":4.0},{"damage":36.0,"enemies":"Gremlin Nob","floor":6.0,"turns":5.0},{"damage":0.0,"enemies":"3 Sentries","floor":11.0,"turns":7.0},{"damage":16.0,"enemies":"Gremlin Nob","floor":14.0,"turns":4.0},{"damage":3.0,"enemies":"Hexaghost","floor":16.0,"turns":7.0},{"damage":10.0,"enemies":"3 Byrds","floor":18.0,"turns":3.0},{"damage":12.0,"enemies":"Masked Bandits","floor":20.0,"turns":3.0},{"damage":2.0,"enemies":"Shell Parasite","floor":22.0,"turns":6.0},{"damage":4.0,"enemies":"Gremlin Leader","floor":24.0,"turns":9.0},{"damage":11.0,"enemies":"Cultist and Chosen","floor":27.0,"turns":9.0},{"damage":0.0,"enemies":"Slavers","floor":28.0,"turns":3.0},{"damage":15.0,"enemies":"Centurion and Healer","floor":29.0,"turns":7.0},{"damage":0.0,"enemies":"Snecko","floor":30.0,"turns":6.0},{"damage":0.0,"enemies":"Snake Plant","floor":31.0,"turns":5.0},{"damage":9.0,"enemies":"Collector","floor":33.0,"turns":10.0},{"damage":0.0,"enemies":"Orb Walker","floor":35.0,"turns":5.0},{"damage":0.0,"enemies":"3 Shapes","floor":36.0,"turns":5.0},{"damage":6.0,"enemies":"Spire Growth","floor":38.0,"turns":8.0},{"damage":12.0,"enemies":"Nemesis","floor":40.0,"turns":5.0},{"damage":3.0,"enemies":"3 Darklings","floor":42.0,"turns":6.0},{"damage":3.0,"enemies":"Giant Head","floor":44.0,"turns":7.0},{"damage":30.0,"enemies":"Jaw Worm Horde","floor":45.0,"turns":8.0},{"damage":37.0,"enemies":"Reptomancer","floor":46.0,"turns":9.0},{"damage":2.0,"enemies":"4 Shapes","floor":47.0,"turns":6.0},{"damage":1.0,"enemies":"Giant Head","floor":48.0,"turns":4.0},{"damage":1.0,"enemies":"Donu and Deca","floor":50.0,"turns":10.0},{"damage":7.0,"enemies":"Awakened One","floor":51.0,"turns":13.0},{"damage":30.0,"enemies":"Shield and Spear","floor":55.0,"turns":10.0},{"damage":45,"enemies":"The Heart","floor":56,"turns":14}],"seed_played":"5894575508450108460","potions_obtained":[{"floor":1.0,"key":"FocusPotion"},{"floor":3.0,"key":"Regen Potion"},{"floor":4.0,"key":"PowerPotion"},{"floor":16.0,"key":"Poison Potion"},{"floor":20.0,"key":"EssenceOfSteel"},{"floor":27.0,"key":"Energy Potion"},{"floor":28.0,"key":"Fire Potion"},{"floor":31.0,"key":"PowerPotion"}],"is_trial":false,"path_per_floor":["M","?","M","M","?","E","R","$","T","R","E","?","R","E","R","B",null,"M","?","?","?","M","$","E","R","T","M","E","M","M","M","R","B",null,"M","M","$","M","?","E","R","M","T","E","M","E","M","E","R","B","B",null,"R","$","E","B",null],"character_chosen":"DEFECT","items_purchased":["Self Repair","Master of Strategy","Medical Kit","Turbo","Pen Nib"],"campfire_rested":0,"item_purchase_floors":[8,23,37,54,54],"current_hp_per_floor":[62,62,62,62,51,15,15,15,15,15,22,22,22,6,6,10,56,53,53,41,41,46,46,49,49,49,45,52,44,51,58,58,56,67,71,71,71,71,71,59,59,63,63,67,57,40,58,67,67,71,71,71,71,71,82,64],"gold":65,"neow_bonus":"BOSS_RELIC","is_prod":false,"is_daily":false,"chose_seed":false,"campfire_upgraded":8,"win_rate":0,"timestamp":1555373804,"path_taken":["M","?","M","M","?","E","R","$","T","R","E","?","R","E","R","BOSS","M","?","?","?","M","$","E","R","T","M","E","M","M","M","R","BOSS","M","M","$","M","?","E","R","M","T","E","M","E","M","E","R","BOSS","BOSS","R","$","E","BOSS"],"build_version":"2019-01-23","purchased_purges":2,"victory":true,"max_hp_per_floor":[71,71,71,71,71,71,71,71,71,71,71,71,71,71,71,71,71,71,71,71,71,71,71,71,71,71,71,71,71,71,71,71,71,71,71,71,71,71,71,71,71,71,71,71,71,71,71,71,71,71,71,71,71,71,85,85],"card_choices":[{"not_picked":["Compile Driver","Reprogram"],"picked":"Chill","floor":0.0},{"not_picked":["Coolheaded","Cold Snap"],"picked":"Double Energy","floor":0.0},{"not_picked":["Melter","Rip and Tear"],"picked":"Consume","floor":0.0},{"not_picked":["Barrage","Compile Driver"],"picked":"Undo","floor":0.0},{"not_picked":["Barrage","Redo"],"picked":"Sunder","floor":0.0},{"not_picked":["Stack","Barrage"],"picked":"Defragment","floor":1.0},{"not_picked":["Go for the Eyes","Thunder Strike"],"picked":"Ball Lightning","floor":3.0},{"not_picked":["Conserve Battery","Melter","Sweeping Beam"],"picked":"SKIP","floor":4.0},{"not_picked":["Redo","Go for the Eyes"],"picked":"Glacier","floor":6.0},{"not_picked":["Redo","Coolheaded","Chaos"],"picked":"SKIP","floor":11.0},{"not_picked":["Cold Snap","Leap","Beam Cell"],"picked":"SKIP","floor":14.0},{"not_picked":["Creative AI","All For One"],"picked":"Buffer","floor":16.0},{"not_picked":["Force Field","Ball Lightning","Sweeping Beam"],"picked":"SKIP","floor":18.0},{"not_picked":["Doom and Gloom","Rebound+1"],"picked":"Glacier","floor":20.0},{"not_picked":["Fusion","Hologram"],"picked":"Redo","floor":22.0},{"not_picked":["Rebound","Melter"],"picked":"Double Energy","floor":24.0},{"not_picked":["Auto Shields","Lockon"],"picked":"Reinforced Body","floor":27.0},{"not_picked":["Conserve Battery","Stack","Compile Driver"],"picked":"SKIP","floor":28.0},{"not_picked":["Leap","Go for the Eyes"],"picked":"Capacitor","floor":29.0},{"not_picked":["Darkness+1","Scrape","Fusion"],"picked":"SKIP","floor":30.0},{"not_picked":["Cold Snap","Scrape","Barrage"],"picked":"SKIP","floor":31.0},{"not_picked":["Hyperbeam","Meteor Strike"],"picked":"Multi-Cast","floor":33.0},{"not_picked":["Barrage","Conserve Battery","Rebound"],"picked":"SKIP","floor":35.0},{"not_picked":["Stack+1","Barrage+1"],"picked":"Glacier+1","floor":36.0},{"not_picked":["Stack+1","Scrape","Aggregate"],"picked":"SKIP","floor":38.0},{"not_picked":["Ball Lightning","FTL+1","Sweeping Beam"],"picked":"SKIP","floor":40.0},{"not_picked":["Redo","Rebound"],"picked":"Core Surge","floor":42.0},{"not_picked":["Static Discharge","Darkness"],"picked":"Self Repair+1","floor":44.0},{"not_picked":["Go for the Eyes","Barrage","Steam"],"picked":"SKIP","floor":45.0},{"not_picked":["Rebound+1","Reinforced Body"],"picked":"Double Energy","floor":46.0},{"not_picked":["Go for the Eyes+1","Coolheaded"],"picked":"Recycle","floor":47.0},{"not_picked":["Consume","Reprogram"],"picked":"Self Repair+1","floor":48.0},{"not_picked":["Hello World","Stack","Compile Driver+1"],"picked":"SKIP","floor":55.0}],"player_experience":4314715,"relics_obtained":[{"floor":6.0,"key":"PreservedInsect"},{"floor":9.0,"key":"Letter Opener"},{"floor":11.0,"key":"Tiny Chest"},{"floor":14.0,"key":"Regal Pillow"},{"floor":20.0,"key":"Red Mask"},{"floor":24.0,"key":"Bag of Preparation"},{"floor":26.0,"key":"War Paint"},{"floor":28.0,"key":"Matryoshka"},{"floor":40.0,"key":"Bottled Lightning"},{"floor":43.0,"key":"Smiling Mask"},{"floor":44.0,"key":"Dream Catcher"},{"floor":46.0,"key":"Bronze Scales"},{"floor":48.0,"key":"Incense Burner"},{"floor":55.0,"key":"Mango"}],"event_choices":[{"cards_removed":["Strike_B"],"damage_healed":0.0,"max_hp_gain":0.0,"max_hp_loss":0.0,"gold_gain":0.0,"event_name":"The Cleric","player_choice":"Card Removal","floor":2.0,"gold_loss":75.0,"damage_taken":0.0},{"damage_healed":0.0,"max_hp_gain":0.0,"max_hp_loss":0.0,"gold_gain":75.0,"event_name":"World of Goop","player_choice":"Gather Gold","floor":5.0,"gold_loss":0.0,"damage_taken":11.0},{"damage_healed":0.0,"max_hp_gain":0.0,"max_hp_loss":0.0,"gold_gain":0.0,"cards_transformed":["Strike_B"],"event_name":"Living Wall","player_choice":"Change","floor":12.0,"gold_loss":0.0,"damage_taken":0.0,"cards_obtained":["Darkness"]},{"damage_healed":0.0,"max_hp_gain":0.0,"max_hp_loss":0.0,"gold_gain":0.0,"cards_transformed":["Rebound","Static Discharge"],"event_name":"Drug Dealer","player_choice":"Became Test Subject","floor":19.0,"gold_loss":0.0,"damage_taken":0.0,"cards_obtained":["Heatsinks","Meteor Strike"]},{"damage_healed":0.0,"max_hp_gain":0.0,"max_hp_loss":0.0,"gold_gain":0.0,"event_name":"Masked Bandits","player_choice":"Fought Bandits","floor":20.0,"gold_loss":0.0,"damage_taken":0.0},{"cards_removed":["Zap"],"damage_healed":0.0,"max_hp_gain":0.0,"max_hp_loss":0.0,"gold_gain":0.0,"event_name":"Beggar","player_choice":"Gave Gold","floor":21.0,"gold_loss":75.0,"damage_taken":0.0},{"damage_healed":0.0,"max_hp_gain":0.0,"max_hp_loss":0.0,"gold_gain":0.0,"event_name":"Accursed Blacksmith","player_choice":"Rummage","floor":39.0,"gold_loss":0.0,"damage_taken":0.0,"relics_obtained":["WarpedTongs"],"cards_obtained":["Pain"]}],"is_beta":false,"boss_relics":[{"not_picked":["Runic Dome","Calling Bell"],"picked":"Pandora\u0027s Box"},{"not_picked":["Fusion Hammer","Sozu"],"picked":"Runic Pyramid"}],"items_purged_floors":[8,54],"is_endless":false,"potions_floor_spawned":[1,3,4,16,20,27,28,31,35,40,46,48,55],"ascension_level":20}