{"gold_per_floor":[109,124,135,135,159,159,210,210,210,221,221,238,264,244,244,323,323,338,349,349,59,72,72,105,105,105,105,123,123,23,41,41,115,115,129,146,146,36,46,73,73,107,132,147,182,200,214,249,249,249,249,249,249,85,118,118],"floor_reached":57,"playtime":2323,"items_purged":["Strike_G","Defend_G","Madness+1"],"score":3304,"play_id":"b4480866-ef6e-4888-b328-549334bd7249","local_time":"20190416045307","is_ascension_mode":true,"campfire_choices":[{"data":"Caltrops","floor":6.0,"key":"SMITH"},{"data":"Magnetism","floor":8.0,"key":"SMITH"},{"data":"Neutralize","floor":11.0,"key":"SMITH"},{"data":"Noxious Fumes","floor":15.0,"key":"SMITH"},{"floor":23.0,"key":"REST"},{"data":"Catalyst","floor":25.0,"key":"SMITH"},{"data":"Acrobatics","floor":29.0,"key":"SMITH"},{"data":"Burst","floor":32.0,"key":"SMITH"},{"data":"Madness","floor":41.0,"key":"SMITH"},{"floor":49.0,"key":"RECALL"},{"data":"Wraith Form v2","floor":53.0,"key":"SMITH"}],"neow_cost":"PERCENT_DAMAGE","seed_source_timestamp":60782519936340,"circlet_count":0,"master_deck":["AscendersBane","Defend_G","Survivor","Neutralize+1","Magnetism+1","Dramatic Entrance","Backflip","Caltrops+1","Catalyst+1","Escape Plan","Noxious Fumes+1","Footwork","Corpse Explosion","Tactician+1","Glass Knife+1","Distraction+1","Acrobatics+1","Malaise","Leg Sweep","Burst+1","Calculated Gamble","Night Terror","Prepared+1","Madness+1","Wraith Form v2+1"],"special_seed":0,"relics":["Ring of the Snake","PreservedInsect","Dream Catcher","Torii","Bottled Lightning","Astrolabe","Strange Spoon","Du-Vu Doll","Question Card","Gambling Chip","Empty Cage","Snake Skull","Incense Burner","Mummified Hand","The Courier","Sundial"],"potions_floor_usage":[56],"damage_taken":[{"damage":3.0,"enemies":"Cultist","floor":1.0,"turns":5.0},{"damage":0.0,"enemies":"2 Louse","floor":2.0,"turns":4.0},{"damage":2.0,"enemies":"Jaw Worm","floor":3.0,"turns":5.0},{"damage":21.0,"enemies":"Lagavulin","floor":7.0,"turns":8.0},{"damage":6.0,"enemies":"Looter","floor":10.0,"turns":4.0},{"damage":1.0,"enemies":"Gremlin Gang","floor":12.0,"turns":4.0},{"damage":12.0,"enemies":"Gremlin Nob","floor":13.0,"turns":4.0},{"damage":11.0,"enemies":"The Guardian","floor":16.0,"turns":10.0},{"damage":12.0,"enemies":"Spheric Guardian","floor":18.0,"turns":4.0},{"damage":3.0,"enemies":"Shell Parasite","floor":19.0,"turns":6.0},{"damage":34.0,"enemies":"Snecko","floor":22.0,"turns":9.0},{"damage":15.0,"enemies":"Book of Stabbing","floor":24.0,"turns":7.0},{"damage":0.0,"enemies":"Centurion and Healer","floor":28.0,"turns":2.0},{"damage":0.0,"enemies":"3 Cultists","floor":31.0,"turns":2.0},{"damage":0.0,"enemies":"Automaton","floor":33.0,"turns":10.0},{"damage":1.0,"enemies":"3 Darklings","floor":35.0,"turns":4.0},{"damage":0.0,"enemies":"3 Shapes","floor":36.0,"turns":1.0},{"damage":0.0,"enemies":"Transient","floor":39.0,"turns":6.0},{"damage":0.0,"enemies":"Giant Head","floor":40.0,"turns":4.0},{"damage":0.0,"enemies":"Reptomancer","floor":42.0,"turns":1.0},{"damage":0.0,"enemies":"Writhing Mass","floor":44.0,"turns":2.0},{"damage":0.0,"enemies":"Giant Head","floor":45.0,"turns":4.0},{"damage":0.0,"enemies":"Maw","floor":46.0,"turns":2.0},{"damage":6.0,"enemies":"Sphere and 2 Shapes","floor":47.0,"turns":3.0},{"damage":0.0,"enemies":"Reptomancer","floor":48.0,"turns":2.0},{"damage":16.0,"enemies":"Donu and Deca","floor":50.0,"turns":4.0},{"damage":5.0,"enemies":"Time Eater","floor":51.0,"turns":7.0},{"damage":0,"enemies":"Shield and Spear","floor":55,"turns":3},{"damage":30,"enemies":"The Heart","floor":56,"turns":5}],"seed_played":"2515340928286870752","potions_obtained":[{"floor":1.0,"key":"GamblersBrew"},{"floor":3.0,"key":"FearPotion"},{"floor":10.0,"key":"Fruit Juice"},{"floor":14.0,"key":"Weak Potion"},{"floor":22.0,"key":"SteroidPotion"},{"floor":28.0,"key":"Explosive Potion"},{"floor":31.0,"key":"EssenceOfSteel"},{"floor":39.0,"key":"Strength Potion"},{"floor":47.0,"key":"Swift Potion"},{"floor":48.0,"key":"SteroidPotion"},{"floor":55,"key":"Swift Potion"}],"is_trial":false,"path_per_floor":["M","M","M","?","T","R","E","R","T","M","R","M","E","?","R","B",null,"M","M","?","$","M","R","E","R","T","?","M","R","$","M","R","B",null,"M","M","?","?","M","E","R","E","T","M","E","M","M","E","R","B","B",null,"R","$","E","B",null],"character_chosen":"THE_SILENT","items_purchased":["Strange Spoon","GhostInAJar"],"campfire_rested":1,"item_purchase_floors":[21,54],"current_hp_per_floor":[41,41,39,61,61,61,40,40,40,39,39,38,26,26,26,15,57,45,42,42,42,8,29,14,14,14,14,14,14,14,14,14,14,57,56,56,43,43,43,43,43,43,43,43,43,43,37,37,37,21,16,57,57,57,57,27],"gold":118,"neow_bonus":"RANDOM_COLORLESS_2","is_prod":false,"is_daily":false,"chose_seed":false,"campfire_upgraded":9,"win_rate":0,"timestamp":1555361587,"path_taken":["M","M","?","?","?","R","E","R","T","M","R","M","E","?","R","BOSS","M","?","?","$","?","R","E","R","T","?","M","R","$","M","R","BOSS","M","?","?","?","M","E","R","E","T","M","E","?","M","E","R","BOSS","BOSS","R","$","E","BOSS"],"build_version":"2019-01-23","purchased_purges":3,"victory":true,"max_hp_per_floor":[66,66,66,66,66,66,66,66,66,71,71,71,71,71,71,71,71,71,71,71,71,71,71,71,71,71,71,71,71,71,71,71,71,71,71,71,71,71,71,71,71,71,71,71,71,71,71,71,71,71,71,71,71,71,71,71],"card_choices":[{"not_picked":["Sucker Punch","Acrobatics"],"picked":"Backflip","floor":1.0},{"not_picked":["Sucker Punch","Outmaneuver"],"picked":"Caltrops","floor":2.0},{"not_picked":["Slice","Caltrops","Riddle With Holes"],"picked":"SKIP","floor":3.0},{"not_picked":["Eviscerate","PiercingWail"],"picked":"Catalyst","floor":7.0},{"not_picked":["Backstab","Dodge and Roll"],"picked":"Escape Plan","floor":10.0},{"not_picked":["Dagger Spray","Blade Dance"],"picked":"Noxious Fumes","floor":12.0},{"not_picked":["All Out Attack","Eviscerate"],"picked":"Footwork","floor":13.0},{"not_picked":["Unload","Glass Knife"],"picked":"Corpse Explosion","floor":16.0},{"not_picked":["Underhanded Strike","Deadly Poison"],"picked":"Acrobatics","floor":18.0},{"not_picked":["Cloak And Dagger","Acrobatics"],"picked":"Malaise","floor":19.0},{"not_picked":["All Out Attack","Dagger Spray+1"],"picked":"Leg Sweep","floor":22.0},{"not_picked":["Finisher","Noxious Fumes+1"],"picked":"Burst","floor":24.0},{"not_picked":["Eviscerate","Blade Dance","Bane"],"picked":"Calculated Gamble","floor":28.0},{"not_picked":["Dodge and Roll","Deflect","Phantasmal Killer","Blade Dance"],"picked":"SKIP","floor":31.0},{"not_picked":["Die Die Die","Doppelganger","Malaise"],"picked":"Night Terror","floor":33.0},{"not_picked":["Acrobatics","Quick Slash","All Out Attack"],"picked":"Prepared+1","floor":35.0},{"not_picked":["Quick Slash+1","Endless Agony","Blade Dance","Dagger Throw"],"picked":"SKIP","floor":36.0},{"not_picked":["Sucker Punch","Cloak And Dagger+1","Endless Agony","Envenom"],"picked":"SKIP","floor":39.0},{"not_picked":["All Out Attack","Deadly Poison","Sucker Punch","Backflip"],"picked":"SKIP","floor":40.0},{"not_picked":["Doppelganger","Deadly Poison","Bane","Backflip"],"picked":"SKIP","floor":42.0},{"not_picked":["Slice+1","Poisoned Stab+1","Caltrops","PiercingWail"],"picked":"SKIP","floor":44.0},{"not_picked":["Slice","Setup","Outmaneuver","Heel Hook"],"picked":"SKIP","floor":45.0},{"not_picked":["Slice","Dodge and Roll+1","Caltrops","All Out Attack+1"],"picked":"SKIP","floor":46.0},{"not_picked":["Eviscerate","Prepared","Quick Slash"],"picked":"Wraith Form v2","floor":47.0},{"not_picked":["Slice","Riddle With Holes","Caltrops","Backflip+1"],"picked":"SKIP","floor":48.0},{"not_picked":["Reflex","Crippling Poison","Accuracy","Bane"],"picked":"SKIP","floor":55}],"player_experience":4309285,"relics_obtained":[{"floor":5.0,"key":"PreservedInsect"},{"floor":7.0,"key":"Dream Catcher"},{"floor":9.0,"key":"Torii"},{"floor":13.0,"key":"Bottled Lightning"},{"floor":24.0,"key":"Du-Vu Doll"},{"floor":26.0,"key":"Question Card"},{"floor":40.0,"key":"Snake Skull"},{"floor":42.0,"key":"Incense Burner"},{"floor":45.0,"key":"Mummified Hand"},{"floor":48.0,"key":"The Courier"},{"floor":55,"key":"Sundial"}],"event_choices":[{"damage_healed":22.0,"max_hp_gain":0.0,"max_hp_loss":0.0,"gold_gain":0.0,"event_name":"Big Fish","player_choice":"Banana","floor":4.0,"gold_loss":0.0,"damage_taken":0.0},{"damage_healed":0.0,"max_hp_gain":0.0,"max_hp_loss":0.0,"gold_gain":0.0,"event_name":"The Woman in Blue","player_choice":"Bought 1 Potion","floor":14.0,"gold_loss":0.0,"damage_taken":0.0},{"cards_removed":["Strike_G"],"damage_healed":0.0,"max_hp_gain":0.0,"max_hp_loss":0.0,"gold_gain":0.0,"event_name":"Purifier","player_choice":"Purged","floor":20.0,"gold_loss":0.0,"damage_taken":0.0},{"damage_healed":0.0,"max_hp_gain":0.0,"max_hp_loss":0.0,"gold_gain":0.0,"event_name":"WeMeetAgain","player_choice":"Gave Potion","floor":27.0,"gold_loss":0.0,"damage_taken":0.0,"relics_obtained":["Gambling Chip"]},{"damage_healed":0.0,"max_hp_gain":0.0,"max_hp_loss":0.0,"gold_gain":0.0,"event_name":"Winding Halls","player_choice":"Embrace Madness","floor":37.0,"gold_loss":0.0,"damage_taken":13.0,"cards_obtained":["Madness","Madness"]},{"cards_removed":["Defend_G"],"damage_healed":0.0,"max_hp_gain":0.0,"max_hp_loss":0.0,"gold_gain":0.0,"event_name":"Designer","player_choice":"Upgrade and Remove","floor":38.0,"gold_loss":110.0,"damage_taken":0.0,"cards_upgraded":["Madness"]}],"is_beta":false,"boss_relics":[{"not_picked":["Coffee Dripper","Ectoplasm"],"picked":"Astrolabe"},{"not_picked":["Ring of the Serpent","Velvet Choker"],"picked":"Empty Cage"}],"items_purged_floors":[21,30,54],"is_endless":false,"potions_floor_spawned":[1,3,10,22,28,31,33,35,39,45,47,48,55],"ascension_level":20}