{"gold_per_floor":[112,130,130,55,65,65,77,93,93,93,93,93,121,121,121,195,195,209,209,134,150,167,167,178,178,178,211,211,211,221,221,221,297,297,316,316,329,339,57,57,72,72,72,72],"floor_reached":44,"playtime":1347,"items_purged":["Strike_G+1"],"score":714,"play_id":"79a115f3-05e8-43b3-a472-ca24acd3a6a2","local_time":"20181112221636","is_ascension_mode":true,"campfire_choices":[{"data":"Deadly Poison","floor":6,"key":"SMITH"},{"data":"Neutralize","floor":10,"key":"SMITH"},{"data":"Sucker Punch","floor":12,"key":"SMITH"},{"data":"Deadly Poison","floor":15,"key":"SMITH"},{"floor":23,"key":"REST"},{"data":"Prepared","floor":25,"key":"SMITH"},{"data":"Expertise","floor":28,"key":"SMITH"},{"floor":32,"key":"REST"},{"data":"Footwork","floor":40,"key":"SMITH"}],"neow_cost":"NONE","seed_source_timestamp":11959461955774,"circlet_count":0,"master_deck":["AscendersBane","Defend_G+1","Defend_G+1","Defend_G+1","Defend_G+1","Defend_G+1","Survivor","Neutralize+1","Flying Knee","Dagger Spray","Deadly Poison+1","Poisoned Stab","Die Die Die","Sucker Punch+1","Deadly Poison+1","Prepared+1","Masterful Stab","Backstab","Expertise+1","Leg Sweep","Malaise","Backflip","Flechettes","Deflect+1","Footwork+1","Acrobatics","Impatience","Apotheosis"],"relics":["Ring of the Snake","NeowsBlessing","Centennial Puzzle","Happy Flower","Runic Dome","Nilry\u0027s Codex","Pear","Red Mask","Snecko Eye","Unceasing Top"],"potions_floor_usage":[22,33],"damage_taken":[{"damage":0,"enemies":"Jaw Worm","floor":1,"turns":1},{"damage":0,"enemies":"Small Slimes","floor":2,"turns":1},{"damage":0,"enemies":"2 Louse","floor":5,"turns":1},{"damage":8,"enemies":"Lots of Slimes","floor":7,"turns":3},{"damage":0,"enemies":"Exordium Wildlife","floor":8,"turns":3},{"damage":22,"enemies":"Lagavulin","floor":13,"turns":4},{"damage":8,"enemies":"Hexaghost","floor":16,"turns":8},{"damage":0,"enemies":"Chosen","floor":18,"turns":3},{"damage":8,"enemies":"3 Byrds","floor":21,"turns":4},{"damage":11,"enemies":"Cultist and Chosen","floor":22,"turns":4},{"damage":8,"enemies":"Chosen and Byrds","floor":24,"turns":3},{"damage":10,"enemies":"Masked Bandits","floor":27,"turns":4},{"damage":10,"enemies":"Shelled Parasite and Fungi","floor":30,"turns":5},{"damage":3,"enemies":"Collector","floor":33,"turns":7},{"damage":18,"enemies":"3 Darklings","floor":35,"turns":5},{"damage":2,"enemies":"3 Shapes","floor":37,"turns":4},{"damage":9,"enemies":"Transient","floor":38,"turns":5},{"damage":24,"enemies":"Spire Growth","floor":41,"turns":6},{"damage":12,"enemies":"Sphere and 2 Shapes","floor":44,"turns":2}],"seed_played":"3304105488091451863","potions_obtained":[{"floor":1,"key":"GhostInAJar"},{"floor":7,"key":"GamblersBrew"},{"floor":33,"key":"Weak Potion"},{"floor":35,"key":"SkillPotion"}],"is_trial":false,"path_per_floor":["M","M","?","?","M","R","M","M","T","R","?","R","E","?","R","B",null,"M","?","?","M","M","R","M","R","T","?","R","?","M","?","R","B",null,"M","?","M","M","$","R","M","?","T","M"],"character_chosen":"THE_SILENT","items_purchased":["Footwork","Acrobatics","Impatience"],"campfire_rested":2,"item_purchase_floors":[39,39,39],"current_hp_per_floor":[59,59,52,52,52,52,44,44,44,44,44,44,22,22,22,14,53,53,32,32,24,13,32,24,24,34,24,24,24,14,14,36,33,65,47,47,45,36,36,36,12,12,12,0],"gold":72,"neow_bonus":"THREE_ENEMY_KILL","is_prod":false,"is_daily":false,"chose_seed":false,"campfire_upgraded":7,"win_rate":0,"timestamp":1542032196,"path_taken":["M","M","?","?","?","R","M","M","T","R","?","R","E","?","R","BOSS","M","?","?","?","M","R","M","R","T","?","R","?","M","?","R","BOSS","M","?","M","M","$","R","?","?","T","M"],"build_version":"2018-11-08","purchased_purges":1,"victory":false,"max_hp_per_floor":[66,66,66,66,66,66,66,66,66,66,66,66,66,66,66,66,66,66,66,66,66,66,66,66,66,76,76,76,76,76,76,76,76,76,76,76,76,76,76,76,76,76,76,76],"card_choices":[{"not_picked":["Infinite Blades","Escape Plan"],"picked":"Flying Knee","floor":1},{"not_picked":["Bane","Acrobatics"],"picked":"Dagger Spray","floor":2},{"not_picked":["Slice","All Out Attack"],"picked":"Deadly Poison","floor":5},{"not_picked":["Deflect","Escape Plan"],"picked":"Poisoned Stab","floor":7},{"not_picked":["Dagger Throw","Slice"],"picked":"Die Die Die","floor":8},{"not_picked":["Eviscerate","Underhanded Strike"],"picked":"Deadly Poison","floor":13},{"not_picked":["Dagger Throw","Outmaneuver","Distraction"],"picked":"SKIP","floor":18},{"not_picked":["Dagger Spray","Deflect"],"picked":"Prepared","floor":21},{"not_picked":["Finisher","Catalyst"],"picked":"Masterful Stab","floor":22},{"not_picked":["Setup","Dagger Spray+1"],"picked":"Backstab","floor":24},{"not_picked":["PiercingWail","Poisoned Stab"],"picked":"Expertise","floor":27},{"not_picked":["Deflect","Deadly Poison","Outmaneuver"],"picked":"SKIP","floor":30},{"not_picked":["Tools of the Trade","Burst"],"picked":"Malaise","floor":33},{"not_picked":["Slice","Deadly Poison"],"picked":"Backflip","floor":35},{"not_picked":["Flechettes","Finisher","Poisoned Stab"],"picked":"SKIP","floor":37},{"not_picked":["Finisher","Poisoned Stab"],"picked":"Flechettes","floor":37},{"not_picked":["Skewer+1","Outmaneuver"],"picked":"Deflect+1","floor":38},{"not_picked":["Infinite Blades+1","Heel Hook","Escape Plan"],"picked":"SKIP","floor":41},{"not_picked":["Good Instincts","PanicButton"],"picked":"Apotheosis","floor":42}],"player_experience":1033275,"relics_obtained":[{"floor":9,"key":"Centennial Puzzle"},{"floor":13,"key":"Happy Flower"},{"floor":19,"key":"Nilry\u0027s Codex"},{"floor":26,"key":"Pear"},{"floor":27,"key":"Red Mask"},{"floor":43,"key":"Unceasing Top"}],"event_choices":[{"cards_removed":["Strike_G"],"damage_healed":0,"gold_gain":0,"player_choice":"Card Removal","damage_taken":7,"max_hp_gain":0,"max_hp_loss":0,"event_name":"Golden Wing","floor":3,"gold_loss":0},{"cards_removed":["Strike_G"],"damage_healed":0,"gold_gain":0,"player_choice":"Card Removal","damage_taken":0,"max_hp_gain":0,"max_hp_loss":0,"event_name":"The Cleric","floor":4,"gold_loss":75},{"damage_healed":0,"gold_gain":0,"cards_transformed":["Strike_G"],"player_choice":"Change","damage_taken":0,"max_hp_gain":0,"max_hp_loss":0,"event_name":"Living Wall","floor":11,"gold_loss":0,"cards_obtained":["Sucker Punch"]},{"damage_healed":0,"gold_gain":0,"player_choice":"Ignored","damage_taken":0,"max_hp_gain":0,"max_hp_loss":0,"event_name":"Liars Game","floor":14,"gold_loss":0},{"damage_healed":0,"gold_gain":0,"player_choice":"Obtained Book","damage_taken":21,"max_hp_gain":0,"max_hp_loss":0,"event_name":"Cursed Tome","floor":19,"gold_loss":0},{"cards_removed":["Strike_G"],"damage_healed":0,"gold_gain":0,"player_choice":"Single Remove","damage_taken":0,"max_hp_gain":0,"max_hp_loss":0,"event_name":"Designer","floor":20,"gold_loss":75},{"damage_healed":0,"gold_gain":0,"player_choice":"Fought Bandits","damage_taken":0,"max_hp_gain":0,"max_hp_loss":0,"event_name":"Masked Bandits","floor":27,"gold_loss":0},{"damage_healed":0,"gold_gain":0,"player_choice":"Simplicity","damage_taken":0,"max_hp_gain":0,"max_hp_loss":0,"event_name":"Back to Basics","floor":29,"gold_loss":0,"cards_upgraded":["Defend_G","Defend_G","Defend_G","Defend_G","Defend_G","Strike_G"]},{"damage_healed":0,"gold_gain":0,"player_choice":"Read","damage_taken":0,"max_hp_gain":0,"max_hp_loss":0,"event_name":"The Library","floor":31,"gold_loss":0,"cards_obtained":["Leg Sweep"]},{"damage_healed":0,"gold_gain":0,"player_choice":"0 cards matched","damage_taken":0,"max_hp_gain":0,"max_hp_loss":0,"event_name":"Match and Keep!","floor":36,"gold_loss":0,"cards_obtained":[]},{"damage_healed":0,"gold_gain":0,"player_choice":"0 cards matched","damage_taken":0,"max_hp_gain":0,"max_hp_loss":0,"event_name":"Match and Keep!","floor":36,"gold_loss":0,"cards_obtained":[]},{"damage_healed":0,"gold_gain":0,"player_choice":"Memory 1","damage_taken":0,"max_hp_gain":0,"max_hp_loss":0,"event_name":"SensoryStone","floor":42,"gold_loss":0}],"is_beta":true,"boss_relics":[{"not_picked":["Black Star","Ectoplasm"],"picked":"Runic Dome"},{"not_picked":["White Beast Statue","WristBlade"],"picked":"Snecko Eye"}],"items_purged_floors":[39],"is_endless":false,"potions_floor_spawned":[1,7,21,33,35],"killed_by":"Sphere and 2 Shapes","ascension_level":15}