{"gold_per_floor":[110,122,397,415,73,108,108,128,153,169,69,69,69,69,69,69],"floor_reached":16,"playtime":412,"items_purged":["Regret","Normality"],"score":200,"play_id":"1f1ad52b-a5bc-4254-a400-2c0cdee92fca","local_time":"20190110184004","is_ascension_mode":true,"campfire_choices":[{"data":"Coolheaded","floor":7.0,"key":"SMITH"},{"data":"Coolheaded","floor":13.0,"key":"SMITH"},{"data":"Recycle","floor":15,"key":"SMITH"}],"neow_cost":"NONE","seed_source_timestamp":24127442018086,"circlet_count":0,"master_deck":["AscendersBane","Strike_B","Strike_B","Strike_B","Strike_B","Defend_B","Defend_B","Defend_B","Defend_B","Zap","Dualcast","Recycle+1","Coolheaded+1","Coolheaded+1","Flash of Steel","Recycle","Fusion","Blizzard","Writhe"],"special_seed":0,"relics":["Cursed Key","PreservedInsect","Orichalcum","Potion Belt","Blue Candle"],"potions_floor_usage":[14,16],"damage_taken":[{"damage":1.0,"enemies":"Cultist","floor":1.0,"turns":3.0},{"damage":0.0,"enemies":"2 Louse","floor":2.0,"turns":3.0},{"damage":4.0,"enemies":"Small Slimes","floor":4.0,"turns":5.0},{"damage":32.0,"enemies":"Gremlin Nob","floor":6.0,"turns":4.0},{"damage":0.0,"enemies":"Looter","floor":8.0,"turns":4.0},{"damage":2.0,"enemies":"2 Fungi Beasts","floor":10.0,"turns":4.0},{"damage":48,"enemies":"Slime Boss","floor":16,"turns":6}],"seed_played":"1270850074095187661","potions_obtained":[{"floor":1.0,"key":"Energy Potion"},{"floor":2.0,"key":"Swift Potion"},{"floor":8.0,"key":"FocusPotion"},{"floor":14,"key":"FearPotion"},{"floor":14,"key":"Fruit Juice"}],"is_trial":false,"path_per_floor":["M","M","?","M","$","E","R","M","T","M","$","T","R","?","R","B"],"character_chosen":"DEFECT","items_purchased":["Flash of Steel","PreservedInsect"],"campfire_rested":0,"item_purchase_floors":[5,5],"current_hp_per_floor":[63,63,63,59,59,27,27,27,27,25,25,25,25,30,30,0],"gold":69,"neow_bonus":"BOSS_RELIC","is_prod":false,"is_daily":false,"chose_seed":false,"campfire_upgraded":3,"win_rate":0,"timestamp":1547116804,"path_taken":["M","M","?","M","$","E","R","M","T","M","$","?","R","?","R","BOSS"],"build_version":"2019-01-03v4","purchased_purges":2,"victory":false,"max_hp_per_floor":[71,71,71,71,71,71,71,71,71,71,71,71,71,76,76,76],"card_choices":[{"not_picked":["BootSequence","Sweeping Beam"],"picked":"Recycle","floor":1.0},{"not_picked":["Beam Cell","Lockon"],"picked":"Coolheaded","floor":2.0},{"not_picked":["Hologram","Go for the Eyes"],"picked":"Coolheaded","floor":4.0},{"not_picked":["Hyperbeam","Sweeping Beam"],"picked":"Recycle","floor":6.0},{"not_picked":["Auto Shields","Barrage"],"picked":"Fusion","floor":8.0},{"not_picked":["Melter","Glacier"],"picked":"Blizzard","floor":10.0}],"player_experience":1919312,"relics_obtained":[{"floor":6.0,"key":"Orichalcum"},{"floor":9.0,"key":"Potion Belt"},{"floor":12.0,"key":"Blue Candle"}],"event_choices":[{"damage_healed":0.0,"max_hp_gain":0.0,"max_hp_loss":0.0,"gold_gain":275.0,"event_name":"Golden Shrine","player_choice":"Desecrate","floor":3.0,"gold_loss":0.0,"damage_taken":0.0,"cards_obtained":["Regret"]},{"damage_healed":0,"gold_gain":0,"player_choice":"Got Potions","damage_taken":0,"max_hp_gain":0,"max_hp_loss":0,"event_name":"Lab","floor":14,"gold_loss":0}],"is_beta":false,"boss_relics":[],"items_purged_floors":[5,11],"is_endless":false,"potions_floor_spawned":[1,2,8],"killed_by":"Slime Boss","ascension_level":20}