{"gold_per_floor":[119,11,27,27,40,40,67,77,77,77,77,97,60,60,60,60],"floor_reached":16,"playtime":271,"items_purged":[],"score":200,"play_id":"62c95d94-9f55-4459-b15f-cfd561f1bd2e","local_time":"20181227191852","is_ascension_mode":true,"campfire_choices":[{"data":"Deadly Poison","floor":6,"key":"SMITH"},{"data":"Neutralize","floor":11,"key":"SMITH"},{"data":"Noxious Fumes","floor":15,"key":"SMITH"}],"neow_cost":"NONE","seed_source_timestamp":27423741968883,"circlet_count":0,"master_deck":["AscendersBane","Defend_G","Defend_G","Defend_G","Defend_G","Defend_G","Strike_G","Strike_G","Strike_G","Strike_G","Survivor","Neutralize+1","Deadly Poison+1","Purity","Escape Plan","Noxious Fumes+1","Well Laid Plans"],"relics":["Ring of the Snake","NeowsBlessing","Letter Opener"],"potions_floor_usage":[7],"damage_taken":[{"damage":0,"enemies":"Cultist","floor":1,"turns":1},{"damage":0,"enemies":"2 Louse","floor":3,"turns":1},{"damage":0,"enemies":"Small Slimes","floor":5,"turns":1},{"damage":30,"enemies":"Lagavulin","floor":7,"turns":5},{"damage":0,"enemies":"2 Fungi Beasts","floor":8,"turns":4},{"damage":0,"enemies":"3 Louse","floor":12,"turns":3},{"damage":23,"enemies":"The Guardian","floor":16,"turns":2}],"seed_played":"5524491966783488397","potions_obtained":[{"floor":3,"key":"Poison Potion"},{"floor":7,"key":"PowerPotion"},{"floor":8,"key":"LiquidBronze"}],"is_trial":false,"path_per_floor":["M","$","M","?","M","R","E","M","T","?","R","M","$","$","R","B"],"character_chosen":"THE_SILENT","items_purchased":["Purity","Well Laid Plans"],"campfire_rested":0,"item_purchase_floors":[2,13],"current_hp_per_floor":[59,59,59,52,52,52,22,22,22,22,22,22,22,22,22,0],"gold":60,"neow_bonus":"THREE_ENEMY_KILL","is_prod":false,"is_daily":false,"chose_seed":false,"campfire_upgraded":3,"win_rate":0,"timestamp":1545909532,"path_taken":["M","$","M","?","M","R","E","M","T","?","R","?","?","$","R","BOSS"],"build_version":"2018-12-20","purchased_purges":0,"victory":false,"max_hp_per_floor":[66,66,66,66,66,66,66,66,66,66,66,66,66,66,66,66],"card_choices":[{"not_picked":["Quick Slash","Bane"],"picked":"Deadly Poison","floor":1},{"not_picked":["Choke","Dagger Throw","Slice"],"picked":"SKIP","floor":3},{"not_picked":["Slice","Dagger Throw","Setup"],"picked":"SKIP","floor":5},{"not_picked":["Reflex","Underhanded Strike","Cloak And Dagger"],"picked":"SKIP","floor":7},{"not_picked":["PiercingWail","Cloak And Dagger"],"picked":"Escape Plan","floor":8},{"not_picked":["Venomology","All Out Attack"],"picked":"Noxious Fumes","floor":12}],"player_experience":1531760,"relics_obtained":[{"floor":7,"key":"Letter Opener"}],"event_choices":[{"cards_removed":["Strike_G"],"damage_healed":0,"gold_gain":0,"player_choice":"Card Removal","damage_taken":7,"max_hp_gain":0,"max_hp_loss":0,"event_name":"Golden Wing","floor":4,"gold_loss":0},{"damage_healed":0,"gold_gain":0,"player_choice":"Got Potions","damage_taken":0,"max_hp_gain":0,"max_hp_loss":0,"event_name":"Lab","floor":10,"gold_loss":0}],"is_beta":false,"boss_relics":[],"items_purged_floors":[],"is_endless":false,"potions_floor_spawned":[3,7,8,12],"killed_by":"The Guardian","ascension_level":20}