{"gold_per_floor":[16,27,27,45,45,45,60,60,138,138,154,189,8,38,38,117,117,135,152,202,26,44,44,44,44,44,61,61,61,77,77],"floor_reached":31,"playtime":869,"items_purged":[],"score":561,"play_id":"ffbb7b90-62fc-4b4a-b72c-1a2bee372639","local_time":"20181013131910","is_ascension_mode":true,"campfire_choices":[{"data":"Corpse Explosion","floor":6,"key":"SMITH"},{"data":"Catalyst","floor":8,"key":"SMITH"},{"data":"Neutralize","floor":10,"key":"SMITH"},{"data":"Deadly Poison","floor":15,"key":"SMITH"},{"data":"Catalyst","floor":23,"key":"SMITH"},{"data":"Footwork","floor":25,"key":"SMITH"},{"data":"Well Laid Plans","floor":29,"key":"SMITH"}],"neow_cost":"NO_GOLD","seed_source_timestamp":15391944153227,"circlet_count":0,"master_deck":["Defend_G","Defend_G","Defend_G","Defend_G","Defend_G","Strike_G","Strike_G","Strike_G","Strike_G","Strike_G","Survivor","Neutralize+1","AscendersBane","Corpse Explosion+1","Catalyst+1","Deadly Poison+1","Dash","After Image","After Image","Deadly Poison","Catalyst+1","Footwork+1","Leg Sweep","Well Laid Plans+1","Dash+1"],"relics":["Ring of the Snake","Question Card","Centennial Puzzle","Happy Flower","Bag of Preparation","Velvet Choker","Ginger"],"potions_floor_usage":[19,22,28,31],"damage_taken":[{"damage":1,"enemies":"Small Slimes","floor":1,"turns":5},{"damage":15,"enemies":"Jaw Worm","floor":2,"turns":8},{"damage":0,"enemies":"Cultist","floor":4,"turns":4},{"damage":0,"enemies":"3 Louse","floor":7,"turns":1},{"damage":8,"enemies":"Large Slime","floor":11,"turns":4},{"damage":5,"enemies":"Lagavulin","floor":12,"turns":6},{"damage":0,"enemies":"3 Sentries","floor":14,"turns":2},{"damage":10,"enemies":"Hexaghost","floor":16,"turns":8},{"damage":11,"enemies":"2 Thieves","floor":18,"turns":2},{"damage":4,"enemies":"Shell Parasite","floor":19,"turns":5},{"damage":11,"enemies":"Centurion and Healer","floor":22,"turns":4},{"damage":17,"enemies":"Cultist and Chosen","floor":27,"turns":5},{"damage":2,"enemies":"Colosseum Slavers","floor":28,"turns":4},{"damage":10,"enemies":"Shelled Parasite and Fungi","floor":30,"turns":3},{"damage":21,"enemies":"Gremlin Leader","floor":31,"turns":4}],"seed_played":"1164204935638539038","potions_obtained":[{"floor":4,"key":"GhostInAJar"},{"floor":7,"key":"Strength Potion"},{"floor":18,"key":"Regen Potion"},{"floor":19,"key":"Poison Potion"},{"floor":22,"key":"SpeedPotion"}],"is_trial":false,"path_per_floor":["M","M","?","M","?","R","M","R","T","R","M","E","$","E","R","B",null,"M","M","?","$","M","R","$","R","T","M","?","R","M"],"character_chosen":"THE_SILENT","items_purchased":["Happy Flower","Catalyst","Footwork"],"campfire_rested":0,"item_purchase_floors":[13,21,21],"current_hp_per_floor":[58,43,43,43,66,66,66,66,66,66,58,53,53,53,53,43,60,49,59,59,59,48,48,48,48,48,31,29,29,19,0],"gold":77,"neow_bonus":"THREE_RARE_CARDS","is_prod":false,"is_daily":false,"chose_seed":false,"campfire_upgraded":7,"win_rate":0,"timestamp":1539407950,"path_taken":["M","M","?","M","?","R","M","R","T","R","M","E","$","E","R","BOSS","M","M","?","$","?","R","?","R","T","M","?","R","?","E"],"build_version":"2018-10-11","purchased_purges":0,"victory":false,"max_hp_per_floor":[66,66,66,66,66,66,66,66,66,66,66,66,66,66,66,66,66,66,66,66,66,66,66,66,66,66,66,66,66,66,66],"card_choices":[{"not_picked":["Unload","Adrenaline"],"picked":"Corpse Explosion","floor":0},{"not_picked":["Bane","Flying Knee","PiercingWail"],"picked":"SKIP","floor":1},{"not_picked":["Dodge and Roll","Setup","Blade Dance"],"picked":"SKIP","floor":2},{"not_picked":["Caltrops","Blade Dance","Expertise"],"picked":"SKIP","floor":4},{"not_picked":["Acrobatics","Blur"],"picked":"Catalyst","floor":7},{"not_picked":["Dagger Throw","Dagger Spray","Prepared"],"picked":"Deadly Poison","floor":11},{"not_picked":["Calculated Gamble","Underhanded Strike","Flechettes"],"picked":"Dash","floor":12},{"not_picked":["Dash","Concentrate","Predator"],"picked":"After Image","floor":14},{"not_picked":["Doppelganger","Grand Finale","Tools of the Trade"],"picked":"After Image","floor":16},{"not_picked":["Dodge and Roll","Slice","Quick Slash"],"picked":"Deadly Poison","floor":18},{"not_picked":["Cloak And Dagger","Expertise","Flying Knee","Quick Slash"],"picked":"SKIP","floor":19},{"not_picked":["Dodge and Roll","Bane","Calculated Gamble+1"],"picked":"Leg Sweep","floor":22},{"not_picked":["Dash","Choke+1","Outmaneuver"],"picked":"Well Laid Plans","floor":27},{"not_picked":["Backstab","Outmaneuver","Tactician"],"picked":"Dash+1","floor":30}],"player_experience":154645,"relics_obtained":[{"floor":9,"key":"Question Card"},{"floor":12,"key":"Centennial Puzzle"},{"floor":14,"key":"Bag of Preparation"},{"floor":26,"key":"Ginger"}],"event_choices":[{"event_name":"Scrap Ooze","player_choice":"unsuccessful","floor":3,"damage_taken":0},{"event_name":"Wheel of Change","player_choice":"Full Heal","floor":5,"damage_taken":0},{"event_name":"Nest","player_choice":"Stole From Cult","floor":20,"damage_taken":0},{"event_name":"Colosseum","player_choice":"Fight","floor":28,"damage_taken":0},{"event_name":"Colosseum","player_choice":"Fled From Nobs","floor":28,"damage_taken":0}],"is_beta":false,"boss_relics":[{"not_picked":["Tiny House","Fusion Hammer"],"picked":"Velvet Choker"}],"items_purged_floors":[],"is_endless":false,"potions_floor_spawned":[4,7,16,18,19,22,27],"killed_by":"Gremlin Leader","ascension_level":18}