{"gold_per_floor":[368,380,380,530,175,175,202,221,246,261,261,261,261,261],"floor_reached":14,"playtime":348,"items_purged":["Doubt"],"score":176,"play_id":"59244ca8-c6fb-491e-98ab-c4d7d814e61a","local_time":"20190217233917","is_ascension_mode":true,"campfire_choices":[{"data":"Catalyst","floor":6,"key":"SMITH"},{"data":"Catalyst","floor":11,"key":"SMITH"},{"data":"Well Laid Plans","floor":13,"key":"SMITH"}],"neow_cost":"CURSE","seed_source_timestamp":52800488017894,"circlet_count":0,"master_deck":["AscendersBane","Defend_G","Defend_G","Defend_G","Defend_G","Defend_G","Strike_G","Strike_G+1","Strike_G+1","Strike_G+1","Strike_G+1","Survivor","Neutralize","Injury","Catalyst+1","Poisoned Stab","Catalyst+1","Well Laid Plans+1","Poisoned Stab"],"relics":["Ring of the Snake","Whetstone","Dream Catcher","Happy Flower","Oddly Smooth Stone"],"potions_floor_usage":[7,7],"damage_taken":[{"damage":4,"enemies":"Small Slimes","floor":1,"turns":4},{"damage":14,"enemies":"Jaw Worm","floor":2,"turns":6},{"damage":11,"enemies":"3 Sentries","floor":7,"turns":8},{"damage":0,"enemies":"2 Louse","floor":8,"turns":2},{"damage":4,"enemies":"Looter","floor":10,"turns":3},{"damage":6,"enemies":"Exordium Thugs","floor":14,"turns":2}],"seed_played":"3453232275547124417","potions_obtained":[{"floor":1,"key":"Weak Potion"},{"floor":2,"key":"Explosive Potion"}],"is_trial":false,"path_per_floor":["M","M","?","?","$","R","E","M","T","M","R","T","R","M"],"character_chosen":"THE_SILENT","items_purchased":["Catalyst","Well Laid Plans","Whetstone"],"campfire_rested":0,"item_purchase_floors":[5,5,5],"current_hp_per_floor":[55,41,21,21,21,21,10,10,10,6,6,6,6,0],"gold":261,"neow_bonus":"TWO_FIFTY_GOLD","is_prod":false,"is_daily":false,"chose_seed":false,"campfire_upgraded":3,"win_rate":0,"timestamp":1550417957,"path_taken":["M","M","?","?","$","R","E","M","T","M","R","?","R","M"],"build_version":"2019-01-23","purchased_purges":1,"victory":false,"max_hp_per_floor":[66,66,66,66,66,66,66,66,66,66,66,66,66,66],"card_choices":[{"not_picked":["Bane","Choke"],"picked":"Catalyst","floor":1},{"not_picked":["Slice","Concentrate"],"picked":"Poisoned Stab","floor":2},{"not_picked":["Blur","Flying Knee","Deflect"],"picked":"SKIP","floor":7},{"not_picked":["Bane","Slice"],"picked":"Poisoned Stab","floor":8},{"not_picked":["Slice","Concentrate","Tactician"],"picked":"SKIP","floor":10}],"player_experience":2884066,"relics_obtained":[{"floor":7,"key":"Dream Catcher"},{"floor":9,"key":"Happy Flower"},{"floor":12,"key":"Oddly Smooth Stone"}],"event_choices":[{"damage_healed":0,"gold_gain":0,"player_choice":"Entered Light","damage_taken":20,"max_hp_gain":0,"max_hp_loss":0,"event_name":"Shining Light","floor":3,"gold_loss":0,"cards_upgraded":["Strike_G","Strike_G"]},{"damage_healed":0,"gold_gain":150,"player_choice":"AGREE","damage_taken":0,"max_hp_gain":0,"max_hp_loss":0,"event_name":"Liars Game","floor":4,"gold_loss":0,"cards_obtained":["Doubt"]}],"is_beta":false,"boss_relics":[],"items_purged_floors":[5],"is_endless":false,"potions_floor_spawned":[1,2],"killed_by":"Exordium Thugs","ascension_level":20}