{"gold_per_floor":[114,39,54,66,66,83,94,112,112,112,136,153,153,166,166,271,271,282,300,320,116,131,131,6,39,86,86,86,97,97,97,97,193,193,211,211,226,149,159,159,193,193,217,236,253,0,0,20,20,20],"floor_reached":51,"playtime":2433,"items_purged":["Strike_G","Strike_G","Defend_G"],"score":743,"play_id":"e8e1509a-e032-4fbc-b545-6c856e117b46","local_time":"20181024000218","is_ascension_mode":false,"campfire_choices":[{"data":"Poisoned Stab","floor":10.0,"key":"SMITH"},{"data":"Neutralize","floor":13.0,"key":"SMITH"},{"data":"Footwork","floor":15.0,"key":"SMITH"},{"data":"Noxious Fumes","floor":23.0,"key":"SMITH"},{"data":"Corpse Explosion","floor":27.0,"key":"SMITH"},{"data":"Backflip","floor":30.0,"key":"SMITH"},{"data":"Backflip","floor":32.0,"key":"SMITH"},{"data":"Footwork","floor":40,"key":"SMITH"},{"data":"Grand Finale","floor":42,"key":"SMITH"},{"data":"Grand Finale","floor":47,"key":"SMITH"},{"data":"Defend_G","floor":49,"key":"SMITH"}],"neow_cost":"NONE","seed_source_timestamp":50742822135165,"circlet_count":0,"master_deck":["Defend_G+1","Defend_G","Defend_G","Strike_G","Survivor","Neutralize+1","Backflip+1","Poisoned Stab+1","Backstab","Backflip+1","Venomology","Footwork+1","Night Terror","Setup+1","Concentrate","Noxious Fumes+1","Corpse Explosion+1","Night Terror","Grand Finale+1","Sucker Punch+1","Leg Sweep+1","PiercingWail+1","Concentrate","Footwork+1","Dodge and Roll+1","Grand Finale+1"],"special_seed":0,"relics":["Ring of the Snake","Odd Mushroom","Runic Pyramid","Anchor","Strawberry","Astrolabe","Bottled Tornado","PreservedInsect","Red Mask"],"potions_floor_usage":[39,39,39,39,39,39,39,39,39,41,41,45,48,50,50,50,50],"damage_taken":[{"damage":1.0,"enemies":"Cultist","floor":1.0,"turns":3.0},{"damage":1.0,"enemies":"Small Slimes","floor":3.0,"turns":4.0},{"damage":0.0,"enemies":"2 Louse","floor":4.0,"turns":3.0},{"damage":0.0,"enemies":"Red Slaver","floor":6.0,"turns":7.0},{"damage":3.0,"enemies":"Exordium Wildlife","floor":7.0,"turns":5.0},{"damage":0.0,"enemies":"Large Slime","floor":8.0,"turns":7.0},{"damage":16.0,"enemies":"The Mushroom Lair","floor":11.0,"turns":5.0},{"damage":10.0,"enemies":"Lots of Slimes","floor":12.0,"turns":4.0},{"damage":0.0,"enemies":"2 Fungi Beasts","floor":14.0,"turns":3.0},{"damage":20.0,"enemies":"Hexaghost","floor":16.0,"turns":15.0},{"damage":0.0,"enemies":"Shell Parasite","floor":18.0,"turns":8.0},{"damage":0.0,"enemies":"Chosen","floor":19.0,"turns":7.0},{"damage":0.0,"enemies":"Centurion and Healer","floor":20.0,"turns":12.0},{"damage":14.0,"enemies":"3 Cultists","floor":22.0,"turns":7.0},{"damage":10.0,"enemies":"Book of Stabbing","floor":25.0,"turns":8.0},{"damage":0.0,"enemies":"Cultist and Chosen","floor":29.0,"turns":3.0},{"damage":7.0,"enemies":"Collector","floor":33.0,"turns":7.0},{"damage":0.0,"enemies":"3 Darklings","floor":35.0,"turns":3.0},{"damage":0.0,"enemies":"3 Shapes","floor":37.0,"turns":2.0},{"damage":4,"enemies":"Sphere and 2 Shapes","floor":39,"turns":8},{"damage":0,"enemies":"Giant Head","floor":41,"turns":12},{"damage":2,"enemies":"Writhing Mass","floor":44,"turns":7},{"damage":0,"enemies":"3 Darklings","floor":45,"turns":4},{"damage":0,"enemies":"Maw","floor":48,"turns":8},{"damage":47,"enemies":"Time Eater","floor":50,"turns":19}],"seed_played":"-4122471862518880115","potions_obtained":[{"floor":3.0,"key":"SteroidPotion"},{"floor":4.0,"key":"EssenceOfSteel"},{"floor":7.0,"key":"Fire Potion"},{"floor":11.0,"key":"PowerPotion"},{"floor":25.0,"key":"GhostInAJar"},{"floor":29.0,"key":"SkillPotion"},{"floor":35.0,"key":"Ancient Potion"}],"is_trial":false,"path_per_floor":["M","$","M","M","?","M","M","M","T","R","?","M","R","M","R","B",null,"M","M","M","$","M","R","$","E","T","R","?","M","R","?","R","B",null,"M","?","M","$","M","R","E","R","T","M","M","?","R","M","R","B"],"character_chosen":"THE_SILENT","items_purchased":["Concentrate","Noxious Fumes","Footwork"],"campfire_rested":0,"item_purchase_floors":[21,21,38],"current_hp_per_floor":[76,76,75,75,68,68,65,65,65,65,49,39,39,39,39,19,77,77,77,77,77,63,63,63,68,75,75,75,75,75,75,75,68,84,84,84,84,84,84,84,84,84,84,82,82,82,82,82,82,35],"gold":20,"neow_bonus":"TEN_PERCENT_HP_BONUS","is_prod":false,"is_daily":false,"chose_seed":false,"campfire_upgraded":11,"win_rate":0,"timestamp":1540310538,"path_taken":["M","$","M","M","?","M","M","M","T","R","?","?","R","M","R","BOSS","M","M","M","$","M","R","$","E","T","R","?","M","R","?","R","BOSS","M","?","M","$","?","R","E","R","T","M","M","?","R","M","R","BOSS"],"build_version":"2018-10-18","purchased_purges":3,"victory":true,"max_hp_per_floor":[77,77,77,77,77,77,77,77,77,77,77,77,77,77,77,77,77,77,77,77,77,77,77,77,77,84,84,84,84,84,84,84,84,84,84,84,84,84,84,84,84,84,84,84,84,84,84,84,84,84],"card_choices":[{"not_picked":["Flying Knee","Slice","PiercingWail"],"picked":"SKIP","floor":1.0},{"not_picked":["Sucker Punch","Flying Knee"],"picked":"Backflip","floor":3.0},{"not_picked":["Underhanded Strike","Dagger Spray","Sucker Punch"],"picked":"SKIP","floor":4.0},{"not_picked":["A Thousand Cuts","Endless Agony"],"picked":"Poisoned Stab","floor":6.0},{"not_picked":["Bane","Dodge and Roll","Flying Knee"],"picked":"SKIP","floor":7.0},{"not_picked":["Quick Slash","Deflect"],"picked":"Backstab","floor":8.0},{"not_picked":["Quick Slash","Outmaneuver"],"picked":"Backflip","floor":11.0},{"not_picked":["Blade Dance","Cloak And Dagger"],"picked":"Venomology","floor":12.0},{"not_picked":["Cloak And Dagger","Distraction"],"picked":"Footwork","floor":14.0},{"not_picked":["Glass Knife","Phantasmal Killer"],"picked":"Night Terror","floor":16.0},{"not_picked":["Quick Slash","Predator"],"picked":"Setup+1","floor":18.0},{"not_picked":["Quick Slash","Slice","Expertise"],"picked":"SKIP","floor":19.0},{"not_picked":["Quick Slash","Choke","Dodge and Roll"],"picked":"SKIP","floor":20.0},{"not_picked":["Infinite Blades","Outmaneuver+1"],"picked":"Corpse Explosion","floor":22.0},{"not_picked":["Blade Dance","Finisher","Quick Slash"],"picked":"SKIP","floor":25.0},{"not_picked":["Crippling Poison","Underhanded Strike","Well Laid Plans"],"picked":"SKIP","floor":29.0},{"not_picked":["Malaise","Burst"],"picked":"Grand Finale","floor":33.0},{"not_picked":["Flechettes","Blade Dance+1"],"picked":"PiercingWail+1","floor":35.0},{"not_picked":["Underhanded Strike+1","Deflect"],"picked":"Concentrate","floor":37.0},{"not_picked":["Slice+1","Cloak And Dagger+1"],"picked":"Dodge and Roll+1","floor":39},{"not_picked":["Prepared","Sucker Punch"],"picked":"Grand Finale","floor":41},{"not_picked":["Poisoned Stab+1","Dagger Spray+1","Slice+1"],"picked":"SKIP","floor":44},{"not_picked":["Flying Knee","Prepared+1","Slice+1"],"picked":"SKIP","floor":45},{"not_picked":["Sucker Punch+1","Dagger Spray+1","Die Die Die"],"picked":"SKIP","floor":48}],"player_experience":582763,"relics_obtained":[{"floor":11.0,"key":"Odd Mushroom"},{"floor":25.0,"key":"Anchor"},{"floor":26.0,"key":"Strawberry"},{"floor":41,"key":"Bottled Tornado"},{"floor":43,"key":"PreservedInsect"}],"event_choices":[{"damage_healed":0.0,"max_hp_gain":0.0,"max_hp_loss":0.0,"gold_gain":0.0,"event_name":"Wheel of Change","player_choice":"Damaged","floor":5.0,"gold_loss":0.0,"damage_taken":7.0},{"damage_healed":0.0,"max_hp_gain":0.0,"max_hp_loss":0.0,"gold_gain":0.0,"event_name":"Mushrooms","player_choice":"Fought Mushrooms","floor":11.0,"gold_loss":0.0,"damage_taken":0.0},{"damage_healed":0.0,"max_hp_gain":0.0,"max_hp_loss":0.0,"gold_gain":0.0,"event_name":"Cursed Tome","player_choice":"Ignored","floor":28.0,"gold_loss":0.0,"damage_taken":0.0},{"damage_healed":0.0,"max_hp_gain":0.0,"max_hp_loss":0.0,"gold_gain":0.0,"event_name":"Duplicator","player_choice":"Copied","floor":31.0,"gold_loss":0.0,"damage_taken":0.0,"cards_obtained":["Night Terror"]},{"cards_removed":["Envenom"],"damage_healed":0.0,"max_hp_gain":0.0,"max_hp_loss":0.0,"gold_gain":0.0,"event_name":"Falling","player_choice":"Removed Power","floor":36.0,"gold_loss":0.0,"damage_taken":0.0},{"damage_healed":0,"gold_gain":0,"player_choice":"Paid","damage_taken":0,"relics_obtained":["Red Mask"],"max_hp_gain":0,"max_hp_loss":0,"event_name":"Tomb of Lord Red Mask","floor":46,"gold_loss":253}],"is_beta":false,"boss_relics":[{"not_picked":["Fusion Hammer","Philosopher\u0027s Stone"],"picked":"Runic Pyramid"},{"not_picked":["Tiny House","Ring of the Serpent"],"picked":"Astrolabe"}],"items_purged_floors":[2,21,24],"is_endless":false,"potions_floor_spawned":[3,4,7,11,25,29,33,35,39],"ascension_level":0}