{"gold_per_floor":[118,118,118,135,60,60,71,91,139,139,155,155,28,59,59,133,133,146,162,162,180,9,334,334,360,383,383,397,397,123,140,140,214,214,230,282,300,350,362,397,397,409,409,420,431,462,472,506,506,506,506,506,56,84,84],"floor_reached":56,"playtime":3418,"items_purged":["Strike_R","Strike_R","Strike_R","Bash"],"score":2358,"play_id":"b30d8661-a54d-4d2a-9d11-c8838942de69","local_time":"20190731020026","is_ascension_mode":true,"campfire_choices":[{"data":"Armaments","floor":6.0,"key":"SMITH"},{"data":"Battle Trance","floor":12.0,"key":"SMITH"},{"data":"Body Slam","floor":15.0,"key":"SMITH"},{"data":"Evolve","floor":24.0,"key":"SMITH"},{"data":"Feel No Pain","floor":27.0,"key":"SMITH"},{"floor":29.0,"key":"REST"},{"data":"Second Wind","floor":32.0,"key":"SMITH"},{"data":"Power Through","floor":41.0,"key":"SMITH"},{"floor":49.0,"key":"RECALL"},{"data":"Shrug It Off","floor":52.0,"key":"SMITH"}],"neow_cost":"PERCENT_DAMAGE","seed_source_timestamp":196744955965497,"circlet_count":0,"master_deck":["AscendersBane","Defend_R","Defend_R","Defend_R","Defend_R","Power Through+1","Flex","Battle Trance+1","Armaments+1","Shrug It Off+1","Feel No Pain+1","Wild Strike","Body Slam+1","Second Wind+1","Corruption","Evolve+1","Mind Blast"],"special_seed":0,"relics":["Burning Blood","Bronze Scales","The Courier","Oddly Smooth Stone","Sozu","Old Coin","Centennial Puzzle","Lantern","TheAbacus","Runic Dome","Mango","Bird Faced Urn","Boot","Potion Belt","Dream Catcher","Gambling Chip","Self Forming Clay"],"potions_floor_usage":[55],"damage_taken":[{"damage":0.0,"enemies":"Cultist","floor":1.0,"turns":4.0},{"damage":7.0,"enemies":"Jaw Worm","floor":4.0,"turns":3.0},{"damage":3.0,"enemies":"2 Louse","floor":7.0,"turns":4.0},{"damage":9.0,"enemies":"Exordium Thugs","floor":8.0,"turns":10.0},{"damage":11.0,"enemies":"Gremlin Gang","floor":11.0,"turns":7.0},{"damage":26.0,"enemies":"Lagavulin","floor":14.0,"turns":8.0},{"damage":13.0,"enemies":"Hexaghost","floor":16.0,"turns":8.0},{"damage":9.0,"enemies":"Shell Parasite","floor":18.0,"turns":6.0},{"damage":0.0,"enemies":"Spheric Guardian","floor":19.0,"turns":5.0},{"damage":3.0,"enemies":"Centurion and Healer","floor":21.0,"turns":8.0},{"damage":20.0,"enemies":"Book of Stabbing","floor":23.0,"turns":7.0},{"damage":39.0,"enemies":"Gremlin Leader","floor":25.0,"turns":6.0},{"damage":12.0,"enemies":"Shelled Parasite and Fungi","floor":28.0,"turns":6.0},{"damage":2.0,"enemies":"3 Cultists","floor":31.0,"turns":6.0},{"damage":4.0,"enemies":"Collector","floor":33.0,"turns":4.0},{"damage":4.0,"enemies":"Orb Walker","floor":35.0,"turns":3.0},{"damage":3.0,"enemies":"2 Orb Walkers","floor":36.0,"turns":5.0},{"damage":0.0,"enemies":"3 Shapes","floor":37.0,"turns":4.0},{"damage":26.0,"enemies":"Maw","floor":39.0,"turns":5.0},{"damage":0.0,"enemies":"Giant Head","floor":40.0,"turns":6.0},{"damage":0.0,"enemies":"Jaw Worm Horde","floor":42.0,"turns":5.0},{"damage":9.0,"enemies":"3 Darklings","floor":44.0,"turns":4.0},{"damage":6.0,"enemies":"Spire Growth","floor":45.0,"turns":3.0},{"damage":8.0,"enemies":"Reptomancer","floor":46.0,"turns":2.0},{"damage":20.0,"enemies":"Transient","floor":47.0,"turns":6.0},{"damage":10.0,"enemies":"Nemesis","floor":48.0,"turns":5.0},{"damage":11.0,"enemies":"Time Eater","floor":50.0,"turns":5.0},{"damage":15,"enemies":"Shield and Spear","floor":54,"turns":5},{"damage":4,"enemies":"The Heart","floor":55,"turns":8}],"seed_played":"-5004187404768141257","potions_obtained":[{"floor":1.0,"key":"Swift Potion"},{"floor":7.0,"key":"FairyPotion"},{"floor":14.0,"key":"GamblersBrew"}],"is_trial":false,"path_per_floor":["M","?","?","M","$","R","M","M","T","T","M","R","$","E","R","B",null,"M","M","$","M","$","E","R","E","T","R","M","R","$","M","R","B",null,"M","?","M","T","M","E","R","M","T","M","M","E","M","E","R","B",null,"R","$","E","B",null],"character_chosen":"IRONCLAD","items_purchased":["Feel No Pain","Wild Strike","Body Slam","Corruption","Evolve","TheAbacus","Gambling Chip","Mind Blast"],"campfire_rested":1,"item_purchase_floors":[13,13,13,22,22,30,53,53],"current_hp_per_floor":[56,56,75,74,74,74,75,72,72,72,67,67,67,47,47,40,66,63,69,69,72,72,58,58,25,25,25,19,41,41,45,45,47,68,70,87,89,89,69,75,75,85,85,86,89,89,79,79,79,78,86,86,86,82,88],"gold":84,"neow_bonus":"TRANSFORM_TWO_CARDS","is_prod":false,"is_daily":false,"chose_seed":false,"campfire_upgraded":8,"win_rate":0,"timestamp":1564506026,"path_taken":["M","?","?","M","$","R","M","M","T","?","M","R","$","E","R","BOSS","M","M","?","?","$","E","R","E","T","R","M","R","$","M","R","BOSS","M","?","M","?","M","E","R","M","T","M","M","E","?","E","R","BOSS","R","$","E","BOSS"],"build_version":"2019-07-17","purchased_purges":4,"victory":true,"max_hp_per_floor":[75,75,75,75,75,75,75,75,75,75,75,75,75,75,75,75,75,75,75,75,75,75,75,75,75,75,75,75,75,75,75,75,75,75,75,89,89,89,89,89,89,89,89,89,89,89,89,89,89,89,89,89,89,89,89],"card_choices":[{"not_picked":["Clash","Thunderclap"],"picked":"Battle Trance","floor":1.0},{"not_picked":["Bloodletting","Headbutt"],"picked":"Armaments","floor":4.0},{"not_picked":["Pommel Strike","Infernal Blade","Clothesline"],"picked":"SKIP","floor":7.0},{"not_picked":["Flex","Metallicize"],"picked":"Shrug It Off","floor":8.0},{"not_picked":["Feed","Thunderclap","Armaments"],"picked":"SKIP","floor":11.0},{"not_picked":["Intimidate","Clothesline","Clash"],"picked":"SKIP","floor":14.0},{"not_picked":["Intimidate","Clothesline","Clash"],"picked":"SKIP","floor":14.0},{"not_picked":["Rupture","Rampage","Warcry"],"picked":"SKIP","floor":18.0},{"not_picked":["Seeing Red","Cleave","Ghostly Armor"],"picked":"SKIP","floor":19.0},{"not_picked":["Twin Strike","True Grit+1"],"picked":"Second Wind","floor":21.0},{"not_picked":["Searing Blow","Rampage","Reckless Charge"],"picked":"SKIP","floor":23.0},{"not_picked":["Shockwave","Shrug It Off","Dual Wield+1"],"picked":"SKIP","floor":25.0},{"not_picked":["Pommel Strike","Evolve","Iron Wave"],"picked":"SKIP","floor":28.0},{"not_picked":["Dropkick","Havoc","Entrench"],"picked":"SKIP","floor":31.0},{"not_picked":["Dropkick","Havoc","Entrench"],"picked":"SKIP","floor":31.0},{"not_picked":["Flex","Warcry","Anger"],"picked":"SKIP","floor":35.0},{"not_picked":["Intimidate","True Grit","Rampage"],"picked":"SKIP","floor":37.0},{"not_picked":["Disarm","Shrug It Off+1","Flex"],"picked":"SKIP","floor":39.0},{"not_picked":["Brutality","Sword Boomerang+1","Shrug It Off"],"picked":"SKIP","floor":40.0},{"not_picked":["Brutality","Sword Boomerang+1","Shrug It Off"],"picked":"SKIP","floor":40.0},{"not_picked":["Shrug It Off","Corruption","Rage"],"picked":"SKIP","floor":42.0},{"not_picked":["Pommel Strike+1","Warcry","Shrug It Off"],"picked":"SKIP","floor":44.0},{"not_picked":["Armaments","Headbutt","Rage"],"picked":"SKIP","floor":45.0},{"not_picked":["Rupture+1","Heavy Blade","Juggernaut"],"picked":"SKIP","floor":46.0},{"not_picked":["Anger","Flame Barrier","Heavy Blade"],"picked":"SKIP","floor":47.0},{"not_picked":["Headbutt","Armaments+1","Shockwave"],"picked":"SKIP","floor":48.0},{"not_picked":["Uppercut","Bloodletting","Pommel Strike"],"picked":"SKIP","floor":54},{"not_picked":["Uppercut","Bloodletting","Pommel Strike"],"picked":"SKIP","floor":54}],"player_experience":699518,"relics_obtained":[{"floor":9.0,"key":"Bronze Scales"},{"floor":10.0,"key":"The Courier"},{"floor":14.0,"key":"Oddly Smooth Stone"},{"floor":23.0,"key":"Old Coin"},{"floor":25.0,"key":"Centennial Puzzle"},{"floor":26.0,"key":"Lantern"},{"floor":36.0,"key":"Mango"},{"floor":40.0,"key":"Bird Faced Urn"},{"floor":43.0,"key":"Boot"},{"floor":46.0,"key":"Potion Belt"},{"floor":48.0,"key":"Dream Catcher"},{"floor":54,"key":"Self Forming Clay"}],"event_choices":[{"damage_healed":0.0,"max_hp_gain":0.0,"max_hp_loss":0.0,"gold_gain":0.0,"event_name":"Scrap Ooze","player_choice":"Fled","floor":2.0,"gold_loss":0.0,"damage_taken":0.0},{"damage_healed":25.0,"max_hp_gain":0.0,"max_hp_loss":0.0,"gold_gain":0.0,"event_name":"Big Fish","player_choice":"Banana","floor":3.0,"gold_loss":0.0,"damage_taken":0.0},{"damage_healed":0.0,"max_hp_gain":0.0,"max_hp_loss":0.0,"gold_gain":0.0,"event_name":"Mysterious Sphere","player_choice":"Fight","floor":36.0,"gold_loss":0.0,"damage_taken":0.0}],"is_beta":false,"boss_relics":[{"not_picked":["Eternal Feather","Busted Crown"],"picked":"Sozu"},{"not_picked":["Calling Bell","Cursed Key"],"picked":"Runic Dome"}],"items_purged_floors":[5,22,30,53],"is_endless":false,"potions_floor_spawned":[1,7,11,14,19,23,33,37,40,42,45,46,47,54],"ascension_level":18}