{"gold_per_floor":[112,37,37,112,112,112,112,112,112,143,153,166,166],"floor_reached":13,"playtime":191,"items_purged":["Strike_G"],"score":237,"play_id":"34e7d9d1-8a61-48f7-9eb7-2fcfb64c84a4","local_time":"20181118171144","is_ascension_mode":true,"campfire_choices":[{"data":"Neutralize","floor":6,"key":"SMITH"},{"data":"Cloak And Dagger","floor":8,"key":"SMITH"}],"neow_cost":"NONE","seed_source_timestamp":1578070356011363,"circlet_count":0,"master_deck":["AscendersBane","Defend_G","Defend_G","Defend_G","Defend_G","Defend_G","Strike_G","Strike_G","Strike_G","Survivor","Neutralize+1","Cloak And Dagger+1"],"special_seed":0,"relics":["Ring of the Snake","NeowsBlessing","Turnip","Strawberry","Pear"],"potions_floor_usage":[13],"damage_taken":[{"damage":0.0,"enemies":"Cultist","floor":1.0,"turns":1.0},{"damage":0,"enemies":"3 Sentries","floor":10,"turns":2},{"damage":0,"enemies":"2 Louse","floor":11,"turns":1},{"damage":3,"enemies":"Small Slimes","floor":12,"turns":4},{"damage":23,"enemies":"Lagavulin","floor":13,"turns":8}],"seed_played":"-8657343768742565176","potions_obtained":[{"floor":11,"key":"SpeedPotion"},{"floor":12,"key":"FearPotion"}],"is_trial":false,"path_per_floor":["M","$","?","?","?","R","T","R","T","E","M","M","E"],"character_chosen":"THE_SILENT","items_purchased":[],"campfire_rested":0,"item_purchase_floors":[],"current_hp_per_floor":[59,59,59,48,53,53,53,53,60,70,70,67,44],"gold":166,"neow_bonus":"THREE_ENEMY_KILL","is_prod":false,"is_daily":false,"chose_seed":false,"campfire_upgraded":2,"win_rate":0,"timestamp":1542532304,"path_taken":["M","$","?","?","?","R","?","R","T","E","?","M","E"],"build_version":"2018-11-15","purchased_purges":1,"victory":false,"max_hp_per_floor":[66,66,66,66,71,71,71,71,78,88,88,88,88],"card_choices":[{"not_picked":["Blade Dance","Flying Knee"],"picked":"Cloak And Dagger","floor":1.0},{"not_picked":["Sucker Punch","Deflect","Expertise"],"picked":"SKIP","floor":10},{"not_picked":["Flechettes","Bane","Endless Agony"],"picked":"SKIP","floor":11},{"not_picked":["Skewer","Choke","Eviscerate"],"picked":"SKIP","floor":12}],"player_experience":536542,"relics_obtained":[{"floor":7,"key":"Turnip"},{"floor":9,"key":"Strawberry"},{"floor":10,"key":"Pear"}],"event_choices":[{"cards_removed":["Strike_G"],"damage_healed":0,"gold_gain":0,"player_choice":"Forget","damage_taken":0,"max_hp_gain":0,"max_hp_loss":0,"event_name":"Living Wall","floor":3,"gold_loss":0},{"damage_healed":0,"gold_gain":75,"player_choice":"Gather Gold","damage_taken":11,"max_hp_gain":0,"max_hp_loss":0,"event_name":"World of Goop","floor":4,"gold_loss":0},{"damage_healed":0,"gold_gain":0,"player_choice":"Donut","damage_taken":0,"max_hp_gain":5,"max_hp_loss":0,"event_name":"Big Fish","floor":5,"gold_loss":0}],"is_beta":true,"boss_relics":[],"items_purged_floors":[2],"is_endless":false,"potions_floor_spawned":[11,12],"killed_by":"Lagavulin","ascension_level":20}