{"gold_per_floor":[118,130,100,113,129,156,169,169,169,201,201,212,62,96,96,96],"floor_reached":16,"playtime":1084,"items_purged":["Strike_R"],"score":214,"play_id":"24381648-e253-4477-8562-6752c863dfa4","local_time":"20190807055914","is_ascension_mode":true,"campfire_choices":[{"data":"Hemokinesis","floor":8,"key":"SMITH"},{"data":"Searing Blow","floor":11,"key":"SMITH"},{"data":"Searing Blow+1","floor":15,"key":"SMITH"}],"neow_cost":"NONE","seed_source_timestamp":81621705830928,"circlet_count":0,"master_deck":["AscendersBane","Strike_R","Strike_R","Strike_R","Strike_R","Defend_R","Defend_R","Defend_R","Defend_R","Bash","Pommel Strike","Pummel","Hemokinesis+1","Battle Trance","Searing Blow+2","Shrug It Off","Evolve","Impervious","Metallicize","Shrug It Off+1"],"relics":["Burning Blood","Meat on the Bone","Singing Bowl","Thread and Needle","Toxic Egg 2"],"potions_floor_usage":[6,10,10,14],"damage_taken":[{"damage":10,"enemies":"Small Slimes","floor":1,"turns":3},{"damage":6,"enemies":"Cultist","floor":2,"turns":3},{"damage":0,"enemies":"2 Louse","floor":4,"turns":3},{"damage":15,"enemies":"Looter","floor":5,"turns":3},{"damage":19,"enemies":"Gremlin Nob","floor":6,"turns":3},{"damage":7,"enemies":"3 Louse","floor":7,"turns":5},{"damage":29,"enemies":"3 Sentries","floor":10,"turns":7},{"damage":8,"enemies":"Exordium Wildlife","floor":12,"turns":3},{"damage":14,"enemies":"Gremlin Nob","floor":14,"turns":3},{"damage":58,"enemies":"Hexaghost","floor":16,"turns":11}],"seed_played":"-9013854554560418280","potions_obtained":[{"floor":1,"key":"LiquidBronze"},{"floor":3,"key":"Regen Potion"},{"floor":3,"key":"Energy Potion"},{"floor":7,"key":"Swift Potion"},{"floor":10,"key":"Energy Potion"}],"is_trial":false,"path_per_floor":["M","M","?","M","M","E","M","R","T","E","R","M","$","E","R","B"],"character_chosen":"IRONCLAD","items_purchased":["Metallicize"],"campfire_rested":0,"item_purchase_floors":[13],"current_hp_per_floor":[64,64,64,70,61,48,47,47,47,51,51,51,51,55,55,0],"gold":96,"neow_bonus":"THREE_CARDS","is_prod":false,"is_daily":false,"chose_seed":false,"campfire_upgraded":3,"win_rate":0,"timestamp":1565175554,"path_taken":["M","M","?","M","M","E","M","R","T","E","R","M","?","E","R","BOSS"],"build_version":"2019-07-17","purchased_purges":1,"victory":false,"max_hp_per_floor":[75,75,75,75,75,75,75,75,75,75,75,77,77,77,77,77],"card_choices":[{"not_picked":["Shrug It Off","True Grit"],"picked":"Pommel Strike","floor":0},{"not_picked":["Flex","Blood for Blood"],"picked":"Pummel","floor":1},{"not_picked":["Spot Weakness","Battle Trance"],"picked":"Hemokinesis","floor":2},{"not_picked":["Clothesline","Warcry"],"picked":"Battle Trance","floor":4},{"not_picked":["Cleave","Wild Strike"],"picked":"Searing Blow","floor":5},{"not_picked":["Sentinel","Twin Strike"],"picked":"Shrug It Off","floor":6},{"not_picked":["Intimidate","Pummel"],"picked":"Evolve","floor":7},{"not_picked":["Twin Strike","Power Through"],"picked":"Impervious","floor":10},{"not_picked":["Flex","Twin Strike","Wild Strike"],"picked":"Singing Bowl","floor":12},{"not_picked":["Warcry","Havoc"],"picked":"Shrug It Off","floor":14}],"player_experience":462495,"relics_obtained":[{"floor":6,"key":"Meat on the Bone"},{"floor":9,"key":"Singing Bowl"},{"floor":10,"key":"Thread and Needle"},{"floor":14,"key":"Toxic Egg 2"}],"event_choices":[{"damage_healed":0,"gold_gain":0,"player_choice":"Bought 2 Potions","damage_taken":0,"max_hp_gain":0,"max_hp_loss":0,"event_name":"The Woman in Blue","floor":3,"gold_loss":0}],"is_beta":false,"boss_relics":[],"items_purged_floors":[13],"is_endless":false,"potions_floor_spawned":[1,4,5,7,10],"killed_by":"Hexaghost","ascension_level":15}