{"gold_per_floor":[117,134,134,134,59,59,59,59,84,115,115,141,154,170,170,244,244,261,271,571,72,98,98,127,127,127,153,14,14,27,42,42,119,119,139,186,461,480,702,731,751,751,774,809,821,565,577,316,316,316,316,316,316,68,99,99],"floor_reached":57,"playtime":3187,"items_purged":["Strike_G","Riddle With Holes","Dagger Throw","Dagger Throw","Bane","Leg Sweep"],"score":3358,"play_id":"e652b3db-3212-4f33-8113-1ffff9808d93","local_time":"20190305163821","is_ascension_mode":true,"campfire_choices":[{"data":"Noxious Fumes","floor":6.0,"key":"SMITH"},{"data":"Neutralize","floor":8.0,"key":"SMITH"},{"data":"Doppelganger","floor":11.0,"key":"SMITH"},{"data":"Deadly Poison","floor":15.0,"key":"SMITH"},{"data":"Catalyst","floor":23,"key":"SMITH"},{"data":"Venomology","floor":25,"key":"SMITH"},{"data":"Well Laid Plans","floor":29,"key":"SMITH"},{"data":"Footwork","floor":32,"key":"SMITH"},{"data":"Venomology","floor":42,"key":"SMITH"},{"floor":49,"key":"RECALL"},{"data":"Footwork","floor":53,"key":"SMITH"}],"neow_cost":"PERCENT_DAMAGE","seed_source_timestamp":16494980012030,"circlet_count":0,"master_deck":["AscendersBane","Survivor","Neutralize+1","Noxious Fumes+1","Doppelganger+1","Escape Plan","Concentrate","Deadly Poison+1","Footwork+1","Venomology+1","Crippling Poison","Catalyst+1","Escape Plan","Footwork+1","Well Laid Plans+1","Venomology+1","Caltrops","PiercingWail","Footwork","After Image","PiercingWail+1","Metallicize","Master of Strategy"],"special_seed":0,"relics":["Ring of the Snake","Unceasing Top","Meat on the Bone","Smiling Mask","Bag of Marbles","Pantograph","Pandora\u0027s Box","Old Coin","Potion Belt","Mummified Hand","Red Mask","Omamori","Paper Crane","Question Card","Runic Pyramid","Ginger","Art of War","MawBank","PrismaticShard","Medical Kit","Bird Faced Urn"],"potions_floor_usage":[18,19,22,24,27,27,33,35,35,36,36,36,36,40,40,40,41,44,47,47,50,50,51,51,55,55,55,56],"damage_taken":[{"damage":12.0,"enemies":"Jaw Worm","floor":1.0,"turns":6.0},{"damage":7.0,"enemies":"Small Slimes","floor":2.0,"turns":5.0},{"damage":14.0,"enemies":"3 Sentries","floor":10.0,"turns":7.0},{"damage":35.0,"enemies":"Gremlin Nob","floor":12.0,"turns":5.0},{"damage":0.0,"enemies":"Cultist","floor":13.0,"turns":4.0},{"damage":1.0,"enemies":"Red Slaver","floor":14.0,"turns":3.0},{"damage":10.0,"enemies":"The Guardian","floor":16.0,"turns":10.0},{"damage":9,"enemies":"2 Thieves","floor":18,"turns":4},{"damage":18,"enemies":"Chosen","floor":19,"turns":5},{"damage":17,"enemies":"Masked Bandits","floor":22,"turns":3},{"damage":0,"enemies":"Gremlin Leader","floor":24,"turns":4},{"damage":0,"enemies":"Book of Stabbing","floor":27,"turns":3},{"damage":0,"enemies":"Sentry and Sphere","floor":30,"turns":2},{"damage":1,"enemies":"Shelled Parasite and Fungi","floor":31,"turns":3},{"damage":0,"enemies":"Collector","floor":33,"turns":6},{"damage":0,"enemies":"Orb Walker","floor":35,"turns":4},{"damage":16,"enemies":"2 Orb Walkers","floor":36,"turns":5},{"damage":18,"enemies":"3 Darklings","floor":38,"turns":4},{"damage":30,"enemies":"Nemesis","floor":40,"turns":7},{"damage":0,"enemies":"Transient","floor":41,"turns":6},{"damage":0,"enemies":"Giant Head","floor":44,"turns":7},{"damage":0,"enemies":"Spire Growth","floor":47,"turns":4},{"damage":0,"enemies":"Donu and Deca","floor":50,"turns":10},{"damage":0,"enemies":"Awakened One","floor":51,"turns":9},{"damage":0,"enemies":"Shield and Spear","floor":55,"turns":5},{"damage":68,"enemies":"The Heart","floor":56,"turns":6}],"seed_played":"-7403408596295071133","potions_obtained":[{"floor":10.0,"key":"SkillPotion"},{"floor":16.0,"key":"Fire Potion"},{"floor":18,"key":"SkillPotion"},{"floor":24,"key":"Poison Potion"},{"floor":36,"key":"SteroidPotion"},{"floor":38,"key":"Explosive Potion"},{"floor":44,"key":"SkillPotion"},{"floor":47,"key":"Energy Potion"}],"is_trial":false,"path_per_floor":["M","M","?","?","$","R","T","R","T","E","R","E","M","M","R","B",null,"M","M","T","$","?","R","E","R","T","E","$","R","M","M","R","B",null,"M","?","?","M","?","E","M","R","T","E","?","$","M","$","R","B","B",null,"R","$","E","B",null],"character_chosen":"THE_SILENT","items_purchased":["Potion Belt","Mummified Hand","Well Laid Plans","PrismaticShard","Medical Kit","Master of Strategy"],"campfire_rested":0,"item_purchase_floors":[21,21,28,46,48,54],"current_hp_per_floor":[32,25,47,40,40,40,40,40,40,38,38,15,27,38,38,53,63,54,36,36,36,31,31,43,43,43,43,43,43,43,42,42,66,66,66,50,50,44,44,26,38,38,38,38,38,38,38,38,38,63,63,63,63,63,63,21],"gold":99,"neow_bonus":"ONE_RARE_RELIC","is_prod":false,"is_daily":false,"chose_seed":false,"campfire_upgraded":10,"win_rate":0,"timestamp":1551775101,"path_taken":["M","M","?","?","?","R","?","R","T","E","R","E","M","M","R","BOSS","M","?","?","$","?","R","E","R","T","E","$","R","M","M","R","BOSS","M","?","?","?","?","E","M","R","T","E","?","$","M","?","R","BOSS","BOSS","R","$","E","BOSS"],"build_version":"2019-01-23","purchased_purges":6,"victory":true,"max_hp_per_floor":[66,66,66,66,66,66,66,66,66,66,66,66,66,66,66,66,66,66,66,66,66,66,66,66,66,66,66,66,66,66,66,66,66,66,66,66,66,66,66,66,66,66,66,66,63,63,63,63,63,63,63,63,63,63,63,63],"card_choices":[{"not_picked":["Flying Knee","Dash"],"picked":"Noxious Fumes","floor":1.0},{"not_picked":["Dagger Throw","Acrobatics","Blade Dance"],"picked":"SKIP","floor":2.0},{"not_picked":["Acrobatics","Blade Dance"],"picked":"Dagger Throw","floor":2.0},{"not_picked":["Prepared","Backflip"],"picked":"Doppelganger","floor":10.0},{"not_picked":["Bane","Predator"],"picked":"Escape Plan","floor":12.0},{"not_picked":["Backflip","Cloak And Dagger"],"picked":"Concentrate","floor":13.0},{"not_picked":["Dodge and Roll","Dagger Spray"],"picked":"Deadly Poison","floor":14.0},{"not_picked":["Underhanded Strike","Flying Knee","Dagger Throw"],"picked":"SKIP","floor":18},{"not_picked":["Dagger Spray","Crippling Poison"],"picked":"Escape Plan","floor":19},{"not_picked":["Heel Hook","Poisoned Stab"],"picked":"Footwork","floor":22},{"not_picked":["All Out Attack","Predator","Distraction"],"picked":"SKIP","floor":24},{"not_picked":["Noxious Fumes","Masterful Stab","Glass Knife"],"picked":"SKIP","floor":27},{"not_picked":["Quick Slash+1","Deadly Poison","Terror","Dodge and Roll"],"picked":"SKIP","floor":30},{"not_picked":["Riddle With Holes","Accuracy","Tactician","Outmaneuver"],"picked":"SKIP","floor":31},{"not_picked":["Night Terror","Burst","Die Die Die"],"picked":"Venomology","floor":33},{"not_picked":["Dodge and Roll","Outmaneuver","Endless Agony+1","Caltrops"],"picked":"SKIP","floor":35},{"not_picked":["Dodge and Roll","Outmaneuver","Endless Agony+1"],"picked":"Caltrops","floor":35},{"not_picked":["Deflect","Quick Slash","Underhanded Strike+1"],"picked":"PiercingWail","floor":36},{"not_picked":["Quick Slash+1","Endless Agony","Finisher+1","Dagger Spray"],"picked":"SKIP","floor":38},{"not_picked":["Quick Slash","Slice","Predator+1"],"picked":"Footwork","floor":40},{"not_picked":["Riddle With Holes+1","Deadly Poison","Catalyst"],"picked":"After Image","floor":41},{"not_picked":["Dagger Throw+1","Masterful Stab","Flying Knee"],"picked":"PiercingWail+1","floor":44},{"not_picked":["Rebound","Leap+1","Caltrops"],"picked":"Metallicize","floor":47},{"not_picked":["Armaments+1","Metamorphosis","Reckless Charge","Steam+1"],"picked":"SKIP","floor":55}],"player_experience":3330547,"relics_obtained":[{"floor":7.0,"key":"Meat on the Bone"},{"floor":9.0,"key":"Smiling Mask"},{"floor":10.0,"key":"Bag of Marbles"},{"floor":12.0,"key":"Pantograph"},{"floor":20,"key":"Old Coin"},{"floor":22,"key":"Red Mask"},{"floor":24,"key":"Omamori"},{"floor":26,"key":"Paper Crane"},{"floor":27,"key":"Question Card"},{"floor":36,"key":"Ginger"},{"floor":40,"key":"Art of War"},{"floor":44,"key":"MawBank"},{"floor":55,"key":"Bird Faced Urn"}],"event_choices":[{"damage_healed":22.0,"max_hp_gain":0.0,"max_hp_loss":0.0,"gold_gain":0.0,"event_name":"Big Fish","player_choice":"Banana","floor":3.0,"gold_loss":0.0,"damage_taken":0.0},{"cards_removed":["Strike_G"],"damage_healed":0.0,"max_hp_gain":0.0,"max_hp_loss":0.0,"gold_gain":0.0,"event_name":"Golden Wing","player_choice":"Card Removal","floor":4.0,"gold_loss":0.0,"damage_taken":7.0},{"damage_healed":0,"gold_gain":0,"player_choice":"Fought Bandits","damage_taken":0,"max_hp_gain":0,"max_hp_loss":0,"event_name":"Masked Bandits","floor":22,"gold_loss":0},{"damage_healed":0,"gold_gain":0,"player_choice":"Fight","damage_taken":0,"max_hp_gain":0,"max_hp_loss":0,"event_name":"Mysterious Sphere","floor":36,"gold_loss":0},{"damage_healed":0,"gold_gain":275,"player_choice":"Desecrate","damage_taken":0,"max_hp_gain":0,"max_hp_loss":0,"event_name":"Golden Shrine","floor":37,"gold_loss":0,"cards_obtained":["Regret"]},{"damage_healed":0,"gold_gain":222,"player_choice":"Wore Mask","damage_taken":0,"max_hp_gain":0,"max_hp_loss":0,"event_name":"Tomb of Lord Red Mask","floor":39,"gold_loss":0},{"damage_healed":0,"gold_gain":0,"player_choice":"Max HP","damage_taken":0,"max_hp_gain":0,"max_hp_loss":3,"event_name":"Winding Halls","floor":45,"gold_loss":0}],"is_beta":false,"boss_relics":[{"not_picked":["White Beast Statue","Eternal Feather"],"picked":"Pandora\u0027s Box"},{"not_picked":["Cursed Key","Sozu"],"picked":"Runic Pyramid"}],"items_purged_floors":[5,21,28,46,48,54],"is_endless":false,"potions_floor_spawned":[10,16,18,24,31,36,38,44,47],"ascension_level":20}