{"gold_per_floor":[118,118,135,135,47,47,78,3,81,81,97,97,97,110,110,110],"floor_reached":16,"playtime":328,"items_purged":["Strike_R"],"score":181,"play_id":"788e3842-3560-4d99-ab8b-2ef14f677824","local_time":"20181218135407","is_ascension_mode":true,"campfire_choices":[{"data":"Offering","floor":6.0,"key":"SMITH"},{"data":"Spot Weakness","floor":10.0,"key":"SMITH"},{"data":"True Grit","floor":15.0,"key":"SMITH"}],"neow_cost":"NONE","seed_source_timestamp":7157936406757,"circlet_count":0,"master_deck":["AscendersBane","Strike_R","Strike_R","Strike_R","Strike_R","Defend_R","Defend_R","Defend_R","Defend_R","Bash","Bludgeon+1","Spot Weakness+1","Offering+1","True Grit+1"],"special_seed":0,"relics":["Burning Blood","WingedGreaves","Ornamental Fan","Golden Idol"],"potions_floor_usage":[16],"damage_taken":[{"damage":14.0,"enemies":"Jaw Worm","floor":1.0,"turns":4.0},{"damage":0.0,"enemies":"Cultist","floor":3.0,"turns":2.0},{"damage":31.0,"enemies":"3 Sentries","floor":7.0,"turns":6.0},{"damage":8.0,"enemies":"Small Slimes","floor":11.0,"turns":2.0},{"damage":8.0,"enemies":"Exordium Wildlife","floor":14.0,"turns":2.0},{"damage":48,"enemies":"Slime Boss","floor":16,"turns":7}],"seed_played":"6410595306257496364","potions_obtained":[{"floor":3.0,"key":"Fire Potion"},{"floor":11.0,"key":"GamblersBrew"}],"is_trial":false,"path_per_floor":["M","?","M","?","$","R","E","$","T","R","M","?","T","M","R","B"],"character_chosen":"IRONCLAD","items_purchased":["Offering"],"campfire_rested":0,"item_purchase_floors":[5],"current_hp_per_floor":[60,60,66,71,71,71,46,46,46,46,44,44,44,42,42,0],"gold":110,"neow_bonus":"ONE_RANDOM_RARE_CARD","is_prod":false,"is_daily":false,"chose_seed":false,"campfire_upgraded":3,"win_rate":0,"timestamp":1545112447,"path_taken":["M","?","?","?","$","R","E","?","T","R","?","?","?","M","R","BOSS"],"build_version":"2018-12-13","purchased_purges":1,"victory":false,"max_hp_per_floor":[75,75,75,80,80,80,80,80,80,80,80,72,72,72,72,72],"card_choices":[{"not_picked":["Headbutt","Havoc","Flame Barrier"],"picked":"SKIP","floor":1.0},{"not_picked":["Reckless Charge","Blood for Blood"],"picked":"Spot Weakness","floor":3.0},{"not_picked":["Uppercut","Flex","Clothesline"],"picked":"SKIP","floor":7.0},{"not_picked":["Anger","Reckless Charge","Fire Breathing"],"picked":"SKIP","floor":11.0},{"not_picked":["Dark Embrace","True Grit","Iron Wave"],"picked":"SKIP","floor":14.0},{"not_picked":["Dark Embrace","Iron Wave"],"picked":"True Grit","floor":14.0}],"player_experience":1341936,"relics_obtained":[{"floor":7.0,"key":"WingedGreaves"},{"floor":9.0,"key":"Ornamental Fan"}],"event_choices":[{"damage_healed":0.0,"max_hp_gain":0.0,"max_hp_loss":0.0,"gold_gain":0.0,"event_name":"Upgrade Shrine","player_choice":"Upgraded","floor":2.0,"gold_loss":0.0,"damage_taken":0.0,"cards_upgraded":["Bludgeon"]},{"damage_healed":0.0,"max_hp_gain":5.0,"max_hp_loss":0.0,"gold_gain":0.0,"event_name":"Big Fish","player_choice":"Donut","floor":4.0,"gold_loss":0.0,"damage_taken":0.0},{"damage_healed":0.0,"max_hp_gain":0.0,"max_hp_loss":8.0,"gold_gain":0.0,"event_name":"Golden Idol","player_choice":"Lose Max HP","floor":12.0,"gold_loss":0.0,"damage_taken":0.0,"relics_obtained":["Golden Idol"]}],"is_beta":false,"boss_relics":[],"items_purged_floors":[8],"is_endless":false,"potions_floor_spawned":[3,11],"killed_by":"Slime Boss","ascension_level":17}