{"gold_per_floor":[213,213,230,249,262,262,262,262,262,262,297,297,55,82,82,153,153,109,109,119,131,143,143,39,67,143,157,157,157,107,119,119,191,191,206,219,169,188,203,203,214,239,239,254,254,254,307,257,257,257,257,257,257,50,75,75],"floor_reached":57,"playtime":4248,"items_purged":["Strike_G","Strike_G","Defend_G","Survivor","Defend_G+1","Neutralize+1"],"score":2924,"play_id":"a7ecad0f-de12-44d0-afc4-d75f1f320006","local_time":"20190217124026","is_ascension_mode":true,"campfire_choices":[{"data":"Bouncing Flask","floor":6.0,"key":"SMITH"},{"floor":8.0,"key":"REST"},{"data":"Calculated Gamble","floor":12.0,"key":"SMITH"},{"data":"Tactician","floor":15.0,"key":"SMITH"},{"data":"Noxious Fumes","floor":23.0,"key":"SMITH"},{"data":"Acrobatics","floor":29,"key":"SMITH"},{"data":"A Thousand Cuts","floor":32,"key":"SMITH"},{"data":"Acrobatics","floor":40,"key":"SMITH"},{"floor":49,"key":"RECALL"},{"data":"Backflip","floor":53,"key":"SMITH"}],"neow_cost":"NONE","seed_source_timestamp":8970272954881,"circlet_count":0,"master_deck":["AscendersBane","Tactician+1","Escape Plan","Bouncing Flask+1","Calculated Gamble+1","Noxious Fumes+1","Acrobatics+1","Backflip+1","A Thousand Cuts+1","After Image","A Thousand Cuts+1","Tools of the Trade+1","Backflip+1","Acrobatics+1"],"special_seed":0,"relics":["Ring of the Snake","PreservedInsect","Meat on the Bone","Ornamental Fan","Art of War","Smiling Mask","Empty Cage","Incense Burner","Sundial","CultistMask","Astrolabe","Ninja Scroll","Pocketwatch","Oddly Smooth Stone","Bag of Preparation"],"potions_floor_usage":[25,25,56,56,56],"damage_taken":[{"damage":7.0,"enemies":"Small Slimes","floor":1.0,"turns":5.0},{"damage":6.0,"enemies":"Cultist","floor":3.0,"turns":5.0},{"damage":0.0,"enemies":"Jaw Worm","floor":4.0,"turns":2.0},{"damage":19.0,"enemies":"Exordium Wildlife","floor":5.0,"turns":7.0},{"damage":9.0,"enemies":"Lagavulin","floor":11.0,"turns":5.0},{"damage":20.0,"enemies":"Gremlin Nob","floor":14.0,"turns":4.0},{"damage":6.0,"enemies":"Hexaghost","floor":16.0,"turns":9.0},{"damage":3.0,"enemies":"2 Thieves","floor":18.0,"turns":5.0},{"damage":7.0,"enemies":"Shell Parasite","floor":20.0,"turns":5.0},{"damage":30.0,"enemies":"Centurion and Healer","floor":21.0,"turns":10.0},{"damage":13.0,"enemies":"Shelled Parasite and Fungi","floor":22.0,"turns":7.0},{"damage":13,"enemies":"Gremlin Leader","floor":25,"turns":7},{"damage":10,"enemies":"Sentry and Sphere","floor":27,"turns":5},{"damage":0,"enemies":"Snake Plant","floor":31,"turns":2},{"damage":0,"enemies":"Automaton","floor":33,"turns":1},{"damage":0,"enemies":"Orb Walker","floor":35,"turns":2},{"damage":0,"enemies":"3 Shapes","floor":36,"turns":2},{"damage":0,"enemies":"Transient","floor":38,"turns":4},{"damage":0,"enemies":"Spire Growth","floor":39,"turns":1},{"damage":0,"enemies":"3 Darklings","floor":41,"turns":2},{"damage":0,"enemies":"Reptomancer","floor":42,"turns":1},{"damage":0,"enemies":"4 Shapes","floor":44,"turns":1},{"damage":0,"enemies":"2 Orb Walkers","floor":47,"turns":1},{"damage":0,"enemies":"Donu and Deca","floor":50,"turns":1},{"damage":27,"enemies":"Time Eater","floor":51,"turns":6},{"damage":0,"enemies":"Shield and Spear","floor":55,"turns":1},{"damage":32,"enemies":"The Heart","floor":56,"turns":3}],"seed_played":"1858442930547706257","potions_obtained":[{"floor":3.0,"key":"AttackPotion"},{"floor":11.0,"key":"GhostInAJar"},{"floor":16.0,"key":"SpeedPotion"},{"floor":25,"key":"SneckoOil"},{"floor":27,"key":"Ancient Potion"},{"floor":33,"key":"EntropicBrew"}],"is_trial":false,"path_per_floor":["M","?","M","M","M","R","?","R","T","T","E","R","$","E","R","B",null,"M","?","M","M","M","R","$","E","T","M","?","R","$","M","R","B",null,"M","M","$","M","M","R","M","E","T","M","?","?","?","$","R","B","B",null,"R","$","E","B",null],"character_chosen":"THE_SILENT","items_purchased":["Art of War","Acrobatics","Oddly Smooth Stone"],"campfire_rested":1,"item_purchase_floors":[13,24,54],"current_hp_per_floor":[52,52,46,46,27,27,7,26,26,26,29,29,29,21,21,27,56,53,49,42,24,23,23,23,22,22,24,24,24,24,36,36,36,59,59,59,59,59,59,59,59,59,59,59,59,59,59,59,59,59,32,55,55,55,55,35],"gold":75,"neow_bonus":"HUNDRED_GOLD","is_prod":false,"is_daily":false,"chose_seed":false,"campfire_upgraded":8,"win_rate":0,"timestamp":1550378426,"path_taken":["M","?","M","?","M","R","?","R","T","?","E","R","$","E","R","BOSS","M","?","M","M","?","R","$","E","T","M","?","R","$","?","R","BOSS","M","M","$","M","M","R","M","E","T","M","?","?","?","$","R","BOSS","BOSS","R","$","E","BOSS"],"build_version":"2019-01-23","purchased_purges":6,"victory":true,"max_hp_per_floor":[66,66,66,66,66,66,66,66,66,66,66,66,66,66,66,66,66,66,66,66,66,66,66,66,66,66,66,66,66,66,66,66,66,66,66,66,66,66,66,66,66,66,66,66,63,63,63,63,63,63,63,63,63,63,63,63],"card_choices":[{"not_picked":["Underhanded Strike","Prepared"],"picked":"Tactician","floor":1.0},{"not_picked":["Heel Hook","Dagger Spray"],"picked":"Escape Plan","floor":3.0},{"not_picked":["Finisher","Masterful Stab"],"picked":"Bouncing Flask","floor":4.0},{"not_picked":["Acrobatics","PiercingWail"],"picked":"Calculated Gamble","floor":5.0},{"not_picked":["Masterful Stab","Dagger Spray","Endless Agony"],"picked":"SKIP","floor":11.0},{"not_picked":["Die Die Die","Phantasmal Killer","Deflect"],"picked":"SKIP","floor":14.0},{"not_picked":["Caltrops","Dagger Throw","Prepared"],"picked":"SKIP","floor":18.0},{"not_picked":["Sucker Punch","Concentrate","All Out Attack"],"picked":"SKIP","floor":20.0},{"not_picked":["Quick Slash","PiercingWail"],"picked":"Noxious Fumes","floor":21.0},{"not_picked":["Outmaneuver+1","Flying Knee","Sucker Punch"],"picked":"SKIP","floor":22.0},{"not_picked":["Poisoned Stab","Dagger Spray"],"picked":"Backflip","floor":25},{"not_picked":["Slice","Sucker Punch+1","Bane"],"picked":"SKIP","floor":27},{"not_picked":["Slice","Poisoned Stab"],"picked":"A Thousand Cuts","floor":31},{"not_picked":["Unload","Malaise"],"picked":"After Image","floor":33},{"not_picked":["Bouncing Flask","Blade Dance","Slice"],"picked":"SKIP","floor":35},{"not_picked":["Underhanded Strike","Prepared","Catalyst"],"picked":"SKIP","floor":36},{"not_picked":["Crippling Poison","Blade Dance"],"picked":"Acrobatics","floor":38},{"not_picked":["Acrobatics","Flechettes","Slice"],"picked":"SKIP","floor":39},{"not_picked":["Backstab","Backflip","Flying Knee+1"],"picked":"SKIP","floor":41},{"not_picked":["Crippling Poison+1","Caltrops","Unload"],"picked":"SKIP","floor":42},{"not_picked":["Footwork","Deflect+1","Acrobatics"],"picked":"SKIP","floor":44},{"not_picked":["Acrobatics","Backstab","Poisoned Stab+1"],"picked":"SKIP","floor":55}],"player_experience":2854621,"relics_obtained":[{"floor":9.0,"key":"PreservedInsect"},{"floor":10.0,"key":"Meat on the Bone"},{"floor":11.0,"key":"Ornamental Fan"},{"floor":14.0,"key":"Smiling Mask"},{"floor":25,"key":"Incense Burner"},{"floor":26,"key":"Sundial"},{"floor":42,"key":"Ninja Scroll"},{"floor":47,"key":"Pocketwatch"},{"floor":55,"key":"Bag of Preparation"}],"event_choices":[{"cards_removed":["Strike_G"],"damage_healed":0.0,"max_hp_gain":0.0,"max_hp_loss":0.0,"gold_gain":0.0,"event_name":"Purifier","player_choice":"Purged","floor":2.0,"gold_loss":0.0,"damage_taken":0.0},{"damage_healed":0.0,"max_hp_gain":0.0,"max_hp_loss":0.0,"gold_gain":0.0,"event_name":"Shining Light","player_choice":"Entered Light","floor":7.0,"gold_loss":0.0,"damage_taken":20.0,"cards_upgraded":["Neutralize","Defend_G"]},{"damage_healed":0.0,"max_hp_gain":0.0,"max_hp_loss":0.0,"gold_gain":0.0,"event_name":"The Woman in Blue","player_choice":"Bought 0 Potions","floor":19.0,"gold_loss":0.0,"damage_taken":0.0},{"damage_healed":0,"gold_gain":0,"player_choice":"Trade","damage_taken":0,"relics_obtained":["CultistMask"],"max_hp_gain":0,"max_hp_loss":0,"event_name":"FaceTrader","floor":28,"gold_loss":0},{"damage_healed":0,"gold_gain":0,"player_choice":"Max HP","damage_taken":0,"max_hp_gain":0,"max_hp_loss":3,"event_name":"Winding Halls","floor":45,"gold_loss":0},{"damage_healed":0,"gold_gain":0,"player_choice":"Ignored","damage_taken":0,"max_hp_gain":0,"max_hp_loss":0,"event_name":"Tomb of Lord Red Mask","floor":46,"gold_loss":0},{"damage_healed":0,"gold_gain":0,"player_choice":"Fight","damage_taken":0,"max_hp_gain":0,"max_hp_loss":0,"event_name":"Mysterious Sphere","floor":47,"gold_loss":0}],"is_beta":false,"boss_relics":[{"not_picked":["Ring of the Serpent","Tiny House"],"picked":"Empty Cage"},{"not_picked":["WristBlade","Fusion Hammer"],"picked":"Astrolabe"}],"items_purged_floors":[13,24,30,37,48,54],"is_endless":false,"potions_floor_spawned":[3,11,16,25,27,31,33,36,38,47,55],"ascension_level":20}