{"path_per_floor":["M","M","M","M","M","R","E","R","T","M","E","R","E","M","R","B",null,"M","?","M","$","M","E","R","E","T","R","E","R","M","E","R","B",null,"M","?","M","$","?","E","R","E","T","E","$","E","$","T","R","B"],"character_chosen":"THE_SILENT","items_purchased":["Happy Flower","Pen Nib","Terror","Calipers"],"gold_per_floor":[114,129,144,114,129,129,159,159,184,199,229,229,259,274,274,374,374,389,389,404,29,44,74,74,104,104,104,134,134,149,179,179,279,279,294,339,354,354,354,384,384,414,414,444,107,137,137,187,187,187],"floor_reached":51,"campfire_rested":0,"playtime":3156,"current_hp_per_floor":[70,70,69,67,65,65,54,54,54,60,65,65,70,70,70,68,70,70,54,50,50,46,56,56,65,65,65,80,80,80,80,80,80,80,80,80,80,80,70,68,68,80,80,78,78,80,80,80,80,80],"items_purged":["Defend_G"],"gold":187,"score":1059,"play_id":"5cda5b06-426c-4633-8b51-5244e0739bd6","local_time":"20180514123642","daily_mods":["Specialized","Elite Swarm","Binary"],"is_prod":false,"is_daily":true,"chose_seed":false,"is_ascension_mode":false,"campfire_upgraded":10,"timestamp":1526272602,"path_taken":["M","M","M","M","M","R","E","R","T","M","E","R","E","M","R","BOSS","M","?","M","$","M","E","R","E","T","R","E","R","M","E","R","BOSS","M","?","M","$","?","E","R","E","T","E","$","E","?","?","R","BOSS"],"build_version":"2018-05-12v2","seed_source_timestamp":0,"purchased_purges":1,"victory":true,"master_deck":["Defend_G","Strike_G","Strike_G","Strike_G","Strike_G","Strike_G","Survivor","Neutralize+1","Wraith Form v2","Wraith Form v2","Wraith Form v2","Wraith Form v2","Wraith Form v2","Deflect","Flying Knee","Outmaneuver","Noxious Fumes+1","Unload+1","All Out Attack+1","Adrenaline","Tools of the Trade+1","Poisoned Stab","Adrenaline","Endless Agony","Bullet Time+1","After Image+1","Burst+1","Eviscerate","Night Terror+1","PiercingWail+1","Outmaneuver+1","Infinite Blades+1","Blade Dance+1","Bane+1","Cloak And Dagger+1","Sadistic Nature","Master of Strategy","Purity","Envenom+1","Adrenaline","Terror","Tools of the Trade"],"max_hp_per_floor":[70,70,70,70,70,70,70,70,70,70,70,70,70,70,70,70,70,70,70,70,70,70,80,80,80,80,80,80,80,80,80,80,80,80,80,80,80,80,80,80,80,80,80,80,80,80,80,80,80,80],"relics":["Ring of the Snake","Bird Faced Urn","Potion Belt","Dodecahedron","Regal Pillow","Runic Dome","Nilry\u0027s Codex","Happy Flower","Pen Nib","Pear","Ninja Scroll","Toolbox","Meat on the Bone","Molten Egg 2","Astrolabe","The Specimen","Blue Candle","Paper Crane","Darkstone Periapt","Question Card","Calipers","Gambling Chip","Singing Bowl"],"card_choices":[{"not_picked":["Distraction"],"picked":"Deflect","floor":1},{"not_picked":["Footwork"],"picked":"Flying Knee","floor":2},{"not_picked":["Underhanded Strike","Bane"],"picked":"SKIP","floor":3},{"not_picked":["PiercingWail"],"picked":"Outmaneuver","floor":4},{"not_picked":["Sucker Punch"],"picked":"Noxious Fumes","floor":5},{"not_picked":["Tactician"],"picked":"Unload","floor":7},{"not_picked":["Sucker Punch"],"picked":"All Out Attack","floor":10},{"not_picked":["Wraith Form v2"],"picked":"Adrenaline","floor":11},{"not_picked":["Grand Finale"],"picked":"Tools of the Trade","floor":13},{"not_picked":["Cloak And Dagger"],"picked":"Poisoned Stab","floor":14},{"not_picked":["Phantasmal Killer"],"picked":"Adrenaline","floor":16},{"not_picked":["Well Laid Plans"],"picked":"Endless Agony","floor":18},{"not_picked":["Dodge and Roll","Underhanded Strike"],"picked":"SKIP","floor":20},{"not_picked":["Concentrate","Distraction"],"picked":"SKIP","floor":22},{"not_picked":["Doppelganger"],"picked":"Bullet Time","floor":23},{"not_picked":["Tactician"],"picked":"After Image","floor":25},{"not_picked":["Tactician"],"picked":"Burst","floor":28},{"not_picked":["Concentrate+1"],"picked":"Eviscerate","floor":30},{"not_picked":["Tactician","Doppelganger"],"picked":"SKIP","floor":31},{"not_picked":["Venomology"],"picked":"Night Terror","floor":33},{"not_picked":["Cloak And Dagger+1"],"picked":"Blade Dance+1","floor":35},{"not_picked":["Slice+1"],"picked":"Bane+1","floor":36},{"not_picked":["Deflect+1"],"picked":"Cloak And Dagger+1","floor":37},{"not_picked":["Secret Weapon"],"picked":"Sadistic Nature","floor":39},{"not_picked":["Dramatic Entrance"],"picked":"Master of Strategy","floor":39},{"not_picked":["Swift Strike"],"picked":"Purity","floor":39},{"not_picked":["Venomology","Storm of Steel"],"picked":"SKIP","floor":40},{"not_picked":["Unload+1"],"picked":"Envenom","floor":42},{"not_picked":["Wraith Form v2"],"picked":"Adrenaline","floor":44},{"not_picked":["Unload+1","Tactician"],"picked":"Tools of the Trade","floor":46}],"player_experience":469393,"potions_floor_usage":[2,7,16,20,25,33,40,50,50],"damage_taken":[{"damage":0,"enemies":"Small Slimes","floor":1,"turns":6},{"damage":0,"enemies":"2 Louse","floor":2,"turns":2},{"damage":1,"enemies":"Jaw Worm","floor":3,"turns":9},{"damage":2,"enemies":"Looter","floor":4,"turns":4},{"damage":2,"enemies":"Exordium Thugs","floor":5,"turns":7},{"damage":11,"enemies":"Gremlin Nob","floor":7,"turns":5},{"damage":0,"enemies":"Large Slime","floor":10,"turns":7},{"damage":3,"enemies":"Lagavulin","floor":11,"turns":8},{"damage":5,"enemies":"3 Sentries","floor":13,"turns":8},{"damage":1,"enemies":"Exordium Wildlife","floor":14,"turns":7},{"damage":2,"enemies":"Slime Boss","floor":16,"turns":10},{"damage":1,"enemies":"Chosen","floor":18,"turns":6},{"damage":12,"enemies":"3 Byrds","floor":20,"turns":4},{"damage":12,"enemies":"Snecko","floor":22,"turns":4},{"damage":8,"enemies":"Book of Stabbing","floor":23,"turns":7},{"damage":3,"enemies":"Slavers","floor":25,"turns":5},{"damage":0,"enemies":"Book of Stabbing","floor":28,"turns":7},{"damage":0,"enemies":"Centurion and Healer","floor":30,"turns":7},{"damage":0,"enemies":"Slavers","floor":31,"turns":4},{"damage":0,"enemies":"Champ","floor":33,"turns":14},{"damage":0,"enemies":"3 Shapes","floor":35,"turns":3},{"damage":0,"enemies":"…Ò√ÿ‘≤«Ú","floor":36,"turns":5},{"damage":0,"enemies":"Orb Walker","floor":37,"turns":4},{"damage":18,"enemies":"2 Orb Walkers","floor":40,"turns":7},{"damage":1,"enemies":"Giant Head","floor":42,"turns":10},{"damage":16,"enemies":"2 Orb Walkers","floor":44,"turns":6},{"damage":0,"enemies":"Nemesis","floor":46,"turns":7},{"damage":0,"enemies":"Awakened One","floor":50,"turns":12}],"event_choices":[{"event_name":"Cursed Tome","player_choice":"Obtained Book","floor":19,"damage_taken":0},{"event_name":"Mysterious Sphere","player_choice":"Fight","floor":36,"damage_taken":0},{"event_name":"SensoryStone","player_choice":"Memory 3","floor":39,"damage_taken":0}],"boss_relics":[{"not_picked":["Sozu","Runic Pyramid"],"picked":"Runic Dome"},{"not_picked":["Black Star","White Beast Statue"],"picked":"Astrolabe"}],"potions_floor_spawned":[1,5,11,14,16,20,23,30,31,37,44,46],"seed_played":"-3074806575419044376","ascension_level":0,"is_trial":false}