{"gold_per_floor":[16,28,28,40,52,81,81,94,94,94,105,105,115,141,141,237,237,251,58,58,69,88,116,116,132,157,157,167,182,182,196,196,297,297,316,334,111,111,129,129,160,160,184,184,198,2,12,23,23,23],"floor_reached":51,"playtime":2318,"items_purged":["Undo","Auto Shields"],"score":840,"play_id":"4e6dd9cc-b509-4fff-8a01-179c4054ae52","local_time":"20190611153026","is_ascension_mode":false,"campfire_choices":[{"data":"Dualcast","floor":7.0,"key":"SMITH"},{"data":"Zap","floor":10.0,"key":"SMITH"},{"data":"Consume","floor":15.0,"key":"SMITH"},{"data":"Turbo","floor":24.0,"key":"SMITH"},{"data":"Heatsinks","floor":30.0,"key":"SMITH"},{"data":"Static Discharge","floor":32.0,"key":"SMITH"},{"data":"Loop","floor":40,"key":"SMITH"},{"data":"Amplify","floor":42,"key":"SMITH"},{"data":"Storm","floor":44,"key":"SMITH"},{"data":"Capacitor","floor":49,"key":"SMITH"}],"neow_cost":"NO_GOLD","seed_source_timestamp":15497807119459,"circlet_count":0,"master_deck":["Zap+1","Dualcast+1","Ball Lightning+1","BootSequence","Cold Snap","Static Discharge+1","Glacier","FTL","Consume+1","Seek","White Noise","Storm+1","Tempest","All For One","Electrodynamics","Turbo+1","Ghostly","Ghostly","Ghostly","Ghostly","Ghostly","Conserve Battery+1","Hologram+1","Heatsinks+1","Amplify+1","Recycle+1","Biased Cognition","Capacitor+1","Thunder Strike","Loop+1","Capacitor+1","Defragment+1","Loop+1"],"special_seed":0,"relics":["Cracked Core","Bag of Preparation","Bronze Scales","Vajra","Pandora\u0027s Box","Dodecahedron","Anchor","Orrery","Symbiotic Virus","Smiling Mask","Blood Vial"],"potions_floor_usage":[50],"damage_taken":[{"damage":0.0,"enemies":"Small Slimes","floor":1.0,"turns":2.0},{"damage":0.0,"enemies":"2 Louse","floor":2.0,"turns":3.0},{"damage":0.0,"enemies":"Cultist","floor":4.0,"turns":3.0},{"damage":2.0,"enemies":"Blue Slaver","floor":5.0,"turns":3.0},{"damage":15.0,"enemies":"Gremlin Nob","floor":6.0,"turns":4.0},{"damage":1.0,"enemies":"Gremlin Gang","floor":8.0,"turns":4.0},{"damage":0.0,"enemies":"3 Louse","floor":11.0,"turns":2.0},{"damage":0.0,"enemies":"Blue Slaver","floor":13.0,"turns":2.0},{"damage":0.0,"enemies":"Lagavulin","floor":14.0,"turns":8.0},{"damage":14.0,"enemies":"Slime Boss","floor":16.0,"turns":9.0},{"damage":0.0,"enemies":"Spheric Guardian","floor":18.0,"turns":3.0},{"damage":0.0,"enemies":"3 Byrds","floor":21.0,"turns":2.0},{"damage":0.0,"enemies":"Sentry and Sphere","floor":22.0,"turns":4.0},{"damage":3.0,"enemies":"Gremlin Leader","floor":23.0,"turns":4.0},{"damage":0.0,"enemies":"Snecko","floor":25.0,"turns":4.0},{"damage":0.0,"enemies":"3 Cultists","floor":28.0,"turns":4.0},{"damage":0.0,"enemies":"Centurion and Healer","floor":29.0,"turns":3.0},{"damage":0.0,"enemies":"Cultist and Chosen","floor":31.0,"turns":3.0},{"damage":4.0,"enemies":"Champ","floor":33.0,"turns":9.0},{"damage":0.0,"enemies":"3 Darklings","floor":35.0,"turns":2.0},{"damage":0,"enemies":"3 Shapes","floor":36,"turns":2},{"damage":0,"enemies":"Maw","floor":39,"turns":5},{"damage":1,"enemies":"Nemesis","floor":41,"turns":5},{"damage":0,"enemies":"Sphere and 2 Shapes","floor":45,"turns":3},{"damage":0,"enemies":"4 Shapes","floor":47,"turns":2},{"damage":1,"enemies":"Writhing Mass","floor":48,"turns":4},{"damage":0,"enemies":"Awakened One","floor":50,"turns":5}],"seed_played":"-5341470938345153084","potions_obtained":[{"floor":4.0,"key":"Swift Potion"},{"floor":5.0,"key":"PowerPotion"},{"floor":11.0,"key":"SpeedPotion"},{"floor":16.0,"key":"Weak Potion"}],"is_trial":false,"path_per_floor":["M","M","?","M","M","E","R","M","T","R","M","?","M","E","R","B",null,"M","$","?","M","M","E","R","M","T","?","M","M","R","M","R","B",null,"M","M","$","?","M","R","E","R","T","R","M","$","M","M","R","B",null],"character_chosen":"DEFECT","items_purchased":["Electrodynamics","Turbo","Thunder Strike","Blood Vial"],"campfire_rested":0,"item_purchase_floors":[19,19,37,46],"current_hp_per_floor":[75,75,60,60,58,43,43,42,42,42,42,35,35,35,35,21,75,75,75,37,37,37,34,34,34,34,37,37,37,37,37,37,33,37,37,37,37,37,37,37,36,36,36,36,36,36,37,36,36,37],"gold":23,"neow_bonus":"TRANSFORM_TWO_CARDS","is_prod":false,"is_daily":false,"chose_seed":false,"campfire_upgraded":10,"win_rate":0,"timestamp":1560238226,"path_taken":["M","M","?","M","M","E","R","M","T","R","M","?","M","E","R","BOSS","M","$","?","M","M","E","R","M","T","?","M","M","R","?","R","BOSS","M","M","$","?","M","R","E","R","T","R","M","$","?","M","R","BOSS"],"build_version":"2019-01-23","purchased_purges":2,"victory":true,"max_hp_per_floor":[75,75,75,75,75,75,75,75,75,75,75,75,75,75,75,75,75,75,75,37,37,37,37,37,37,37,37,37,37,37,37,37,37,37,37,37,37,37,37,37,37,37,37,37,37,37,37,37,37,37],"card_choices":[{"not_picked":["Ball Lightning","Coolheaded"],"picked":"Cold Snap","floor":1.0},{"not_picked":["Leap","Sweeping Beam"],"picked":"Undo","floor":2.0},{"not_picked":["Hologram","Rebound"],"picked":"Static Discharge","floor":4.0},{"not_picked":["FTL","Scrape"],"picked":"Glacier","floor":5.0},{"not_picked":["Auto Shields","Barrage","Conserve Battery"],"picked":"SKIP","floor":6.0},{"not_picked":["Barrage","Conserve Battery"],"picked":"Auto Shields","floor":6.0},{"not_picked":["BootSequence","Rebound"],"picked":"FTL","floor":8.0},{"not_picked":["Gash","Steam Power"],"picked":"Consume","floor":11.0},{"not_picked":["Consume","Meteor Strike","Glacier"],"picked":"SKIP","floor":13.0},{"not_picked":["Steam","Conserve Battery","Compile Driver"],"picked":"SKIP","floor":14.0},{"not_picked":["Meteor Strike","Hyperbeam"],"picked":"Seek","floor":16.0},{"not_picked":["Gash","Conserve Battery","Redo"],"picked":"SKIP","floor":18.0},{"not_picked":["Sunder","Beam Cell","Conserve Battery+1"],"picked":"SKIP","floor":21.0},{"not_picked":["Sunder","Beam Cell"],"picked":"Conserve Battery+1","floor":21.0},{"not_picked":["Consume+1","Streamline","Redo"],"picked":"SKIP","floor":22.0},{"not_picked":["FTL","Multi-Cast","Ball Lightning"],"picked":"SKIP","floor":23.0},{"not_picked":["Conserve Battery","Coolheaded","Ball Lightning"],"picked":"SKIP","floor":25.0},{"not_picked":["Rebound+1","Steam+1"],"picked":"Hologram+1","floor":28.0},{"not_picked":["Redo","Turbo"],"picked":"Heatsinks","floor":29.0},{"not_picked":["Darkness","BootSequence","Lockon"],"picked":"SKIP","floor":31.0},{"not_picked":["Darkness","BootSequence","Lockon"],"picked":"SKIP","floor":31.0},{"not_picked":["Buffer","Core Surge"],"picked":"Amplify","floor":33.0},{"not_picked":["Hologram+1","Doom and Gloom"],"picked":"Recycle+1","floor":34.0},{"not_picked":["Turbo","Consume+1"],"picked":"Biased Cognition","floor":34.0},{"not_picked":["Turbo","BootSequence+1"],"picked":"Capacitor","floor":35.0},{"not_picked":["Doom and Gloom","Conserve Battery+1","Redo"],"picked":"SKIP","floor":36},{"not_picked":["Go for the Eyes","Barrage+1"],"picked":"Loop","floor":39},{"not_picked":["Core Surge","Lockon"],"picked":"Capacitor+1","floor":41},{"not_picked":["Leap","Reprogram+1"],"picked":"Defragment+1","floor":45},{"not_picked":["Beam Cell","Leap+1"],"picked":"Loop+1","floor":47},{"not_picked":["Barrage+1","Stack","Rebound+1"],"picked":"SKIP","floor":48}],"player_experience":5052414,"relics_obtained":[{"floor":6.0,"key":"Bag of Preparation"},{"floor":9.0,"key":"Bronze Scales"},{"floor":14.0,"key":"Vajra"},{"floor":23.0,"key":"Dodecahedron"},{"floor":26.0,"key":"Anchor"},{"floor":41,"key":"Symbiotic Virus"},{"floor":43,"key":"Smiling Mask"}],"event_choices":[{"damage_healed":0.0,"max_hp_gain":0.0,"max_hp_loss":0.0,"gold_gain":0.0,"event_name":"Shining Light","player_choice":"Entered Light","floor":3.0,"gold_loss":0.0,"damage_taken":15.0,"cards_upgraded":["Defend_B","Ball Lightning"]},{"cards_removed":["Strike_B"],"damage_healed":0.0,"max_hp_gain":0.0,"max_hp_loss":0.0,"gold_gain":0.0,"event_name":"Golden Wing","player_choice":"Card Removal","floor":12.0,"gold_loss":0.0,"damage_taken":7.0},{"damage_healed":0.0,"max_hp_gain":0.0,"max_hp_loss":38.0,"gold_gain":0.0,"event_name":"Ghosts","player_choice":"Became a Ghost","floor":20.0,"gold_loss":0.0,"damage_taken":0.0,"cards_obtained":["Ghostly","Ghostly","Ghostly","Ghostly","Ghostly"]},{"cards_removed":["Fusion"],"damage_healed":3.0,"max_hp_gain":0.0,"max_hp_loss":0.0,"gold_gain":0.0,"event_name":"Bonfire Elementals","player_choice":"Offered Uncommon","floor":27.0,"gold_loss":0.0,"damage_taken":0.0},{"damage_healed":0,"gold_gain":0,"player_choice":"Full Heal","damage_taken":0,"max_hp_gain":0,"max_hp_loss":0,"event_name":"Wheel of Change","floor":38,"gold_loss":0}],"is_beta":false,"boss_relics":[{"not_picked":["Black Star","White Beast Statue"],"picked":"Pandora\u0027s Box"},{"not_picked":["Runic Dome","Velvet Choker"],"picked":"Orrery"}],"items_purged_floors":[37,46],"is_endless":false,"potions_floor_spawned":[4,5,11,16,21,22,29,31,39,41,48],"ascension_level":0}