{"gold_per_floor":[119,119,119,269,136,136,159,159,208,56,80,114,114,154,154,252,252,270,288,288,312,337,337,360,399,399,413,413,16,16,16,16,114,114,137,155,488,55,69,100,114,142,142,142,157,170,170,120,120,120,120,120,120,33,64,64],"floor_reached":57,"playtime":3901,"items_purged":["Writhe","Doubt","Defend_B","Defend_B","Defend_B+1"],"score":3030,"play_id":"3d12ec4c-3bee-46d3-88f1-13f45c05bc14","local_time":"20190621225618","is_ascension_mode":true,"campfire_choices":[{"data":"Dualcast","floor":6.0,"key":"SMITH"},{"floor":8.0,"key":"REST"},{"data":"Skim","floor":13.0,"key":"SMITH"},{"data":"Turbo","floor":15.0,"key":"SMITH"},{"floor":23.0,"key":"REST"},{"data":"Turbo","floor":28.0,"key":"SMITH"},{"data":"Skim","floor":30.0,"key":"SMITH"},{"data":"Consume","floor":32.0,"key":"SMITH"},{"data":"Recycle","floor":44.0,"key":"SMITH"},{"floor":49.0,"key":"RECALL"},{"floor":53.0,"key":"REST"}],"neow_cost":"CURSE","seed_source_timestamp":36282866762833,"circlet_count":0,"master_deck":["AscendersBane","Zap+1","Dualcast+1","Heatsinks+1","Turbo+1","Coolheaded+1","White Noise+1","Skim+1","Ball Lightning+1","Cold Snap+1","Glacier+1","Biased Cognition+1","BootSequence+1","Turbo+1","Coolheaded+1","Meteor Strike+1","Hologram+1","Skim+1","Turbo+1","Consume+1","Blizzard+1","Biased Cognition+1","Recycle+1","Coolheaded+1","Coolheaded+1","Fission+1","Skim+1","Skim+1","Coolheaded+1","Skim+1","Coolheaded+1","Recycle+1"],"special_seed":0,"relics":["Cracked Core","Smiling Mask","Singing Bowl","Mango","Empty Cage","Nilry\u0027s Codex","Kunai","Nunchaku","TheAbacus","Orrery","Pear","Question Card","Mark of the Bloom"],"potions_floor_usage":[56],"damage_taken":[{"damage":19.0,"enemies":"Jaw Worm","floor":1.0,"turns":4.0},{"damage":0.0,"enemies":"Small Slimes","floor":7.0,"turns":3.0},{"damage":0.0,"enemies":"2 Louse","floor":11.0,"turns":2.0},{"damage":11.0,"enemies":"3 Sentries","floor":12.0,"turns":8.0},{"damage":9.0,"enemies":"Lagavulin","floor":14.0,"turns":6.0},{"damage":31.0,"enemies":"Slime Boss","floor":16.0,"turns":9.0},{"damage":6.0,"enemies":"Chosen","floor":18.0,"turns":4.0},{"damage":7.0,"enemies":"Shell Parasite","floor":19.0,"turns":5.0},{"damage":2.0,"enemies":"Centurion and Healer","floor":21.0,"turns":8.0},{"damage":0.0,"enemies":"Snake Plant","floor":22.0,"turns":4.0},{"damage":11.0,"enemies":"Shelled Parasite and Fungi","floor":24.0,"turns":3.0},{"damage":0.0,"enemies":"Gremlin Leader","floor":25.0,"turns":6.0},{"damage":0.0,"enemies":"Centurion and Healer","floor":27.0,"turns":7.0},{"damage":11.0,"enemies":"Collector","floor":33.0,"turns":13.0},{"damage":0.0,"enemies":"3 Darklings","floor":35.0,"turns":4.0},{"damage":0.0,"enemies":"3 Shapes","floor":36.0,"turns":2.0},{"damage":0.0,"enemies":"Spire Growth","floor":39.0,"turns":6.0},{"damage":6.0,"enemies":"Nemesis","floor":40.0,"turns":11.0},{"damage":0.0,"enemies":"Writhing Mass","floor":41.0,"turns":4.0},{"damage":0.0,"enemies":"Reptomancer","floor":42.0,"turns":4.0},{"damage":6.0,"enemies":"Sphere and 2 Shapes","floor":45.0,"turns":3.0},{"damage":0.0,"enemies":"Spire Growth","floor":46.0,"turns":3.0},{"damage":11.0,"enemies":"Donu and Deca","floor":50.0,"turns":5.0},{"damage":0.0,"enemies":"Awakened One","floor":51.0,"turns":5.0},{"damage":0,"enemies":"Shield and Spear","floor":55,"turns":2},{"damage":19,"enemies":"The Heart","floor":56,"turns":7}],"seed_played":"5796373537123491079","potions_obtained":[{"floor":1.0,"key":"EssenceOfSteel"},{"floor":7.0,"key":"EssenceOfSteel"},{"floor":16.0,"key":"SpeedPotion"},{"floor":19.0,"key":"GamblersBrew"},{"floor":24.0,"key":"Fire Potion"},{"floor":27.0,"key":"SneckoOil"},{"floor":39.0,"key":"SpeedPotion"},{"floor":40.0,"key":"Energy Potion"},{"floor":45.0,"key":"Energy Potion"}],"is_trial":false,"path_per_floor":["M","?","?","?","$","R","M","R","T","$","M","E","R","E","R","B",null,"M","M","?","M","M","R","M","E","T","M","R","$","R","?","R","B",null,"M","M","?","$","M","E","M","E","T","R","M","M","?","$","R","B","B",null,"R","$","E","B",null],"character_chosen":"DEFECT","items_purchased":["Ball Lightning","Skim","Ball Lightning","Skim","Turbo","TheAbacus","Skim","Coolheaded","Pear","FocusPotion"],"campfire_rested":3,"item_purchase_floors":[5,10,10,29,29,29,38,38,38,54],"current_hp_per_floor":[45,24,24,24,24,24,24,43,43,43,43,32,32,37,37,6,60,56,49,28,26,28,52,41,41,41,41,41,41,41,41,41,30,73,73,73,73,83,85,79,79,81,81,81,77,79,79,79,79,68,68,68,68,68,68,49],"gold":64,"neow_bonus":"TRANSFORM_TWO_CARDS","is_prod":false,"is_daily":false,"chose_seed":false,"campfire_upgraded":7,"win_rate":0,"timestamp":1561128978,"path_taken":["M","?","?","?","$","R","M","R","T","$","?","E","R","E","R","BOSS","M","M","?","M","M","R","M","E","T","M","R","$","R","?","R","BOSS","M","M","?","?","M","E","M","E","T","R","M","M","?","$","R","BOSS","BOSS","R","$","E","BOSS"],"build_version":"2019-01-23","purchased_purges":5,"victory":true,"max_hp_per_floor":[71,71,64,64,64,64,64,64,64,64,64,64,64,78,78,78,78,80,80,80,80,82,82,82,82,82,82,82,82,82,82,82,82,86,86,86,86,96,98,98,98,100,100,100,102,104,104,104,104,104,104,104,104,104,104,104],"card_choices":[{"not_picked":["Gash","Double Energy"],"picked":"Coolheaded","floor":1.0},{"not_picked":["Conserve Battery","Ball Lightning"],"picked":"White Noise","floor":7.0},{"not_picked":["Barrage","Turbo","Stack"],"picked":"SKIP","floor":11.0},{"not_picked":["Streamline","Reprogram"],"picked":"Cold Snap","floor":12.0},{"not_picked":["Self Repair","Melter"],"picked":"Glacier","floor":14.0},{"not_picked":["All For One","Thunder Strike"],"picked":"Biased Cognition","floor":16.0},{"not_picked":["Chaos","Rebound","Lockon"],"picked":"Singing Bowl","floor":18.0},{"not_picked":["Barrage","Steam"],"picked":"BootSequence","floor":19.0},{"not_picked":["FTL+1","Doom and Gloom"],"picked":"Turbo","floor":21.0},{"not_picked":["Stack","Barrage+1","Hologram"],"picked":"Singing Bowl","floor":22.0},{"not_picked":["Barrage","Hologram"],"picked":"Coolheaded","floor":24.0},{"not_picked":["Undo","Gash"],"picked":"Meteor Strike","floor":25.0},{"not_picked":["Beam Cell","Rebound"],"picked":"Hologram+1","floor":27.0},{"not_picked":["Machine Learning","Amplify"],"picked":"Biased Cognition","floor":33.0},{"not_picked":["Skim","Hologram"],"picked":"Recycle","floor":34.0},{"not_picked":["Ball Lightning","Cold Snap+1"],"picked":"Coolheaded+1","floor":34.0},{"not_picked":["Double Energy","Blizzard"],"picked":"Coolheaded+1","floor":34.0},{"not_picked":["Compile Driver","Fusion","Stack"],"picked":"Singing Bowl","floor":34.0},{"not_picked":["Cold Snap","Conserve Battery","Go for the Eyes"],"picked":"Singing Bowl","floor":34.0},{"not_picked":["Hologram","Turbo"],"picked":"Fission","floor":35.0},{"not_picked":["Tempest","Blizzard+1"],"picked":"Skim","floor":36.0},{"not_picked":["Ball Lightning","Chaos","Static Discharge"],"picked":"Singing Bowl","floor":39.0},{"not_picked":["Blizzard","Reboot"],"picked":"Skim","floor":40.0},{"not_picked":["Steam","Streamline","Compile Driver"],"picked":"Coolheaded+1","floor":41.0},{"not_picked":["Barrage","White Noise","Storm","Cold Snap"],"picked":"Singing Bowl","floor":42.0},{"not_picked":["Heatsinks","Stack","Rip and Tear","Ball Lightning"],"picked":"Singing Bowl","floor":45.0},{"not_picked":["Rip and Tear","Gash","Go for the Eyes","Leap"],"picked":"Singing Bowl","floor":46.0},{"not_picked":["Doom and Gloom","Go for the Eyes","Barrage"],"picked":"Recycle+1","floor":55}],"player_experience":5516613,"relics_obtained":[{"floor":9.0,"key":"Smiling Mask"},{"floor":12.0,"key":"Singing Bowl"},{"floor":14.0,"key":"Mango"},{"floor":20.0,"key":"Nilry\u0027s Codex"},{"floor":25.0,"key":"Kunai"},{"floor":26.0,"key":"Nunchaku"},{"floor":40.0,"key":"Question Card"}],"event_choices":[{"damage_healed":0.0,"max_hp_gain":0.0,"max_hp_loss":0.0,"gold_gain":0.0,"event_name":"Shining Light","player_choice":"Entered Light","floor":2.0,"gold_loss":0.0,"damage_taken":21.0,"cards_upgraded":["Coolheaded","Zap"]},{"damage_healed":0.0,"max_hp_gain":0.0,"max_hp_loss":7.0,"gold_gain":0.0,"event_name":"Golden Idol","player_choice":"Lose Max HP","floor":3.0,"gold_loss":0.0,"damage_taken":0.0,"relics_obtained":["Golden Idol"]},{"damage_healed":0.0,"max_hp_gain":0.0,"max_hp_loss":0.0,"gold_gain":150.0,"event_name":"Liars Game","player_choice":"AGREE","floor":4.0,"gold_loss":0.0,"damage_taken":0.0,"cards_obtained":["Doubt"]},{"damage_healed":0.0,"max_hp_gain":0.0,"max_hp_loss":0.0,"gold_gain":0.0,"event_name":"Cursed Tome","player_choice":"Obtained Book","floor":20.0,"gold_loss":0.0,"damage_taken":21.0},{"damage_healed":0.0,"max_hp_gain":0.0,"max_hp_loss":0.0,"gold_gain":0.0,"cards_transformed":["Ball Lightning","Defend_B"],"event_name":"Drug Dealer","player_choice":"Became Test Subject","floor":31.0,"gold_loss":0.0,"damage_taken":0.0,"cards_obtained":["Consume","Blizzard"]},{"damage_healed":0.0,"max_hp_gain":0.0,"max_hp_loss":0.0,"gold_gain":333.0,"event_name":"The Moai Head","player_choice":"Gave Idol","floor":37.0,"relics_lost":["Golden Idol"],"gold_loss":0.0,"damage_taken":0.0},{"damage_healed":0.0,"max_hp_gain":0.0,"max_hp_loss":0.0,"gold_gain":0.0,"event_name":"MindBloom","player_choice":"Upgrade","floor":47.0,"gold_loss":0.0,"damage_taken":0.0,"cards_upgraded":["Defend_B","Heatsinks","White Noise","Ball Lightning","Cold Snap","Glacier","Biased Cognition","BootSequence","Coolheaded","Meteor Strike","Turbo","Blizzard","Biased Cognition","Fission","Skim","Skim","Coolheaded","Skim"],"relics_obtained":["Mark of the Bloom"]}],"is_beta":false,"boss_relics":[{"not_picked":["Sozu","Fusion Hammer"],"picked":"Empty Cage"},{"not_picked":["Calling Bell","Runic Dome"],"picked":"Orrery"}],"items_purged_floors":[5,10,29,38,48],"is_endless":false,"potions_floor_spawned":[1,7,16,19,21,24,27,39,40,41,45],"ascension_level":20}