{"gold_per_floor":[112,129,12,12,12,47,47,82,82,111,111,11,11,25,25,25],"floor_reached":16,"playtime":386,"items_purged":["Strike_G","Strike_G"],"score":282,"play_id":"12956d98-e733-438c-a8ee-52296a20c003","local_time":"20181117193340","is_ascension_mode":true,"campfire_choices":[{"data":"Neutralize","floor":7.0,"key":"SMITH"},{"data":"Burst","floor":11.0,"key":"SMITH"},{"floor":13.0,"key":"REST"},{"data":"Deadly Poison","floor":15.0,"key":"SMITH"}],"neow_cost":"NONE","seed_source_timestamp":1499839504523616,"circlet_count":0,"master_deck":["AscendersBane","Defend_G","Defend_G","Defend_G","Defend_G","Defend_G","Strike_G","Strike_G","Strike_G","Survivor","Neutralize+1","Deadly Poison+1","Backflip","Burst+1","Corpse Explosion"],"special_seed":0,"relics":["Ring of the Snake","NeowsBlessing","Ornamental Fan","Ninja Scroll","Tingsha","Pen Nib","Meat on the Bone"],"potions_floor_usage":[16,16],"damage_taken":[{"damage":0.0,"enemies":"Jaw Worm","floor":1.0,"turns":1.0},{"damage":0.0,"enemies":"Cultist","floor":2.0,"turns":1.0},{"damage":0.0,"enemies":"Gremlin Nob","floor":6.0,"turns":1.0},{"damage":26.0,"enemies":"3 Sentries","floor":8.0,"turns":15.0},{"damage":31.0,"enemies":"Gremlin Nob","floor":10.0,"turns":4.0},{"damage":0.0,"enemies":"2 Louse","floor":14.0,"turns":1.0},{"damage":34,"enemies":"Slime Boss","floor":16,"turns":6}],"seed_played":"4967781577832046555","potions_obtained":[{"floor":2.0,"key":"Dexterity Potion"},{"floor":10.0,"key":"Dexterity Potion"},{"floor":14.0,"key":"Swift Potion"}],"is_trial":false,"path_per_floor":["M","M","$","?","$","E","R","E","T","E","R","$","R","M","R","B"],"character_chosen":"THE_SILENT","items_purchased":["Leg Sweep"],"campfire_rested":1,"item_purchase_floors":[3],"current_hp_per_floor":[59,59,59,59,59,59,59,33,33,2,2,2,21,33,33,0],"gold":25,"neow_bonus":"THREE_ENEMY_KILL","is_prod":false,"is_daily":false,"chose_seed":false,"campfire_upgraded":3,"win_rate":0,"timestamp":1542454420,"path_taken":["M","M","$","?","?","E","R","E","T","E","R","$","R","M","R","BOSS"],"build_version":"2018-11-15","purchased_purges":2,"victory":false,"max_hp_per_floor":[66,66,66,66,66,66,66,66,66,66,66,66,66,66,66,66],"card_choices":[{"not_picked":["Cloak And Dagger","Bane","All Out Attack"],"picked":"SKIP","floor":1.0},{"not_picked":["Dodge and Roll","Wraith Form v2"],"picked":"Deadly Poison","floor":2.0},{"not_picked":["Deadly Poison","Phantasmal Killer"],"picked":"Backflip","floor":6.0},{"not_picked":["Accuracy","Dodge and Roll"],"picked":"Burst","floor":8.0},{"not_picked":["Leg Sweep","Masterful Stab"],"picked":"Corpse Explosion","floor":10.0},{"not_picked":["Outmaneuver","Backstab","Poisoned Stab"],"picked":"SKIP","floor":14.0}],"player_experience":507476,"relics_obtained":[{"floor":6.0,"key":"Ninja Scroll"},{"floor":8.0,"key":"Tingsha"},{"floor":9.0,"key":"Pen Nib"},{"floor":10.0,"key":"Meat on the Bone"}],"event_choices":[{"cards_removed":["Leg Sweep"],"damage_healed":0.0,"max_hp_gain":0.0,"max_hp_loss":0.0,"gold_gain":0.0,"event_name":"WeMeetAgain","player_choice":"Gave Card","floor":4.0,"gold_loss":0.0,"damage_taken":0.0,"relics_obtained":["Ornamental Fan"]}],"is_beta":true,"boss_relics":[],"items_purged_floors":[3,12],"is_endless":false,"potions_floor_spawned":[2,10,14],"killed_by":"Slime Boss","ascension_level":20}