{"path_per_floor":["M","$","?","M","$","R","M","R","T","R","M","M","?","M","R","B",null,"M","?","?","M","?","R","M","M","T","R","M","?","M","M","R"],"character_chosen":"THE_SILENT","items_purchased":["Backflip"],"gold_per_floor":[115,40,40,50,2,2,16,16,16,16,31,51,51,71,71,168,168,168,168,168,168,168,168,168,168,168,168,168,168,168,168,168,168],"floor_reached":33,"campfire_rested":2,"playtime":1059,"current_hp_per_floor":[61,61,61,61,61,61,61,61,61,61,57,57,57,57,57,47,64,39,39,39,33,33,33,23,12,12,33,33,33,29,15,36,0],"items_purged":["Defend_G"],"gold":168,"score":325,"play_id":"916e2a1b-d7f8-49a0-a4f2-3bcac73bbe37","local_time":"20180406170353","is_prod":false,"is_daily":false,"is_ascension_mode":true,"campfire_upgraded":5,"timestamp":1523005433,"path_taken":["M","$","?","M","?","R","M","R","T","R","M","M","?","M","R","BOSS","M","?","?","M","?","R","M","M","T","R","M","?","?","M","R","BOSS"],"build_version":"2018-04-05v2","purchased_purges":1,"victory":false,"master_deck":["Defend_G","Defend_G","Defend_G","Defend_G","Strike_G","Strike_G","Strike_G","Strike_G","Survivor+1","Neutralize+1","Escape Plan+1","Backflip","Cloak And Dagger+1","Dagger Throw","Envenom+1","Accuracy","Catalyst+1","Finisher+1","Escape Plan+1","Dagger Spray"],"max_hp_per_floor":[70,70,70,70,70,70,70,70,70,70,70,70,70,70,70,70,70,70,70,70,70,70,70,70,70,70,70,70,70,70,70,70,70],"relics":["Ring of the Snake","Snake Skull","Ectoplasm","Letter Opener"],"card_choices":[{"not_picked":["Expertise","Choke"],"picked":"Escape Plan","floor":4},{"not_picked":["Backflip","Setup"],"picked":"Cloak And Dagger","floor":11},{"not_picked":["Acrobatics","Distraction"],"picked":"Dagger Throw","floor":12},{"not_picked":["PiercingWail","Dodge and Roll"],"picked":"Envenom","floor":14},{"not_picked":["Quick Slash","Blur"],"picked":"Accuracy","floor":18},{"not_picked":["PiercingWail","Blur"],"picked":"Catalyst","floor":21},{"not_picked":["Slice","PiercingWail"],"picked":"Finisher","floor":25},{"not_picked":["Caltrops","Distraction"],"picked":"Escape Plan","floor":30},{"not_picked":["PiercingWail","Dagger Throw"],"picked":"Dagger Spray","floor":31}],"player_experience":378296,"potions_floor_usage":[18,30,33,33],"damage_taken":[{"damage":2,"enemies":"Jaw Worm","floor":1,"turns":7},{"damage":0,"enemies":"2 Louse","floor":4,"turns":3},{"damage":0,"enemies":"Cultist","floor":7,"turns":3},{"damage":4,"enemies":"Exordium Thugs","floor":11,"turns":6},{"damage":0,"enemies":"Looter","floor":12,"turns":3},{"damage":0,"enemies":"Red Slaver","floor":14,"turns":4},{"damage":10,"enemies":"Hexaghost","floor":16,"turns":8},{"damage":34,"enemies":"Spheric Guardian","floor":18,"turns":6},{"damage":6,"enemies":"Shell Parasite","floor":21,"turns":7},{"damage":10,"enemies":"Centurion and Healer","floor":24,"turns":5},{"damage":11,"enemies":"Snake Plant","floor":25,"turns":5},{"damage":0,"enemies":"Sentry and Sphere","floor":28,"turns":4},{"damage":19,"enemies":"Cultist and Chosen","floor":30,"turns":6},{"damage":14,"enemies":"Chosen and Byrds","floor":31,"turns":5},{"damage":51,"enemies":"Collector","floor":33,"turns":5}],"event_choices":[{"event_name":"Liars Game","player_choice":"disagreed","floor":3,"damage_taken":0},{"event_name":"Match and Keep!","player_choice":"0 cards matched","floor":13,"damage_taken":0},{"event_name":"Purifier","player_choice":"One Purge","floor":19,"damage_taken":0},{"event_name":"Drug Dealer","player_choice":"Ignored","floor":20,"damage_taken":0},{"event_name":"Ghosts","player_choice":"Ignored","floor":22,"damage_taken":0},{"event_name":"Vampires","player_choice":"Ignored","floor":29,"damage_taken":0}],"boss_relics":[{"not_picked":["Velvet Choker","Eternal Feather"],"picked":"Ectoplasm"}],"potions_floor_spawned":[4,7,11,12,21,24,25,28],"seed_played":"-5091464718338560619","killed_by":"Collector","ascension_level":7,"is_trial":false}