{"gold_per_floor":[119,5,25,25,25,25,75,107,107,140,152,164,195,207,219,231],"floor_reached":16,"playtime":248,"items_purged":["Strike_B"],"score":262,"play_id":"0dba6211-c0f2-4d34-9ce1-ab992eec1122","local_time":"20181012160854","is_ascension_mode":true,"campfire_choices":[{"data":"Zap","floor":6.0,"key":"SMITH"},{"data":"Loop","floor":11,"key":"SMITH"},{"data":"Dualcast","floor":15,"key":"SMITH"}],"neow_cost":"NONE","seed_source_timestamp":145488787598246,"circlet_count":0,"master_deck":["Strike_B","Strike_B","Defend_B","Defend_B","Defend_B","Defend_B","Zap+1","Dualcast+1","AscendersBane","Glacier","Loop+1","Go for the Eyes"],"special_seed":0,"relics":["Cracked Core","NeowsBlessing","Letter Opener","Prayer Wheel","MawBank","Ice Cream"],"potions_floor_usage":[],"damage_taken":[{"damage":0.0,"enemies":"Jaw Worm","floor":1.0,"turns":1.0},{"damage":0.0,"enemies":"Small Slimes","floor":3.0,"turns":1.0},{"damage":0,"enemies":"Gremlin Nob","floor":8,"turns":1},{"damage":28,"enemies":"3 Sentries","floor":10,"turns":11},{"damage":0,"enemies":"Cultist","floor":13,"turns":3},{"damage":0,"enemies":"Hexaghost","floor":16,"turns":1}],"seed_played":"-4937904469960507162","potions_obtained":[{"floor":1.0,"key":"SmokeBomb"},{"floor":3.0,"key":"Poison Potion"}],"is_trial":false,"path_per_floor":["M","$","M","$","?","R","?","E","T","E","R","?","M","?","R"],"character_chosen":"DEFECT","items_purchased":["Glacier"],"campfire_rested":0,"item_purchase_floors":[2],"current_hp_per_floor":[64,64,64,64,64,64,57,57,57,29,29,11,11,11,11,11],"gold":231,"neow_bonus":"THREE_ENEMY_KILL","is_prod":false,"is_daily":false,"chose_seed":false,"campfire_upgraded":3,"win_rate":0,"timestamp":1539331734,"path_taken":["M","$","M","$","?","R","?","E","T","E","R","?","?","?","R","BOSS"],"build_version":"2018-10-11","purchased_purges":1,"victory":false,"max_hp_per_floor":[71,71,71,71,71,71,71,71,71,71,71,71,71,71,71,71],"card_choices":[{"not_picked":["Rip and Tear","Stack","Cold Snap"],"picked":"SKIP","floor":1.0},{"not_picked":["Turbo","Sunder","Compile Driver"],"picked":"SKIP","floor":3.0},{"not_picked":["Turbo","BootSequence"],"picked":"Loop","floor":8},{"not_picked":["Force Field","Sunder","Machine Learning"],"picked":"SKIP","floor":10},{"not_picked":["Sweeping Beam","Compile Driver"],"picked":"Go for the Eyes","floor":13},{"not_picked":["Leap","Doom and Gloom","Melter"],"picked":"SKIP","floor":13}],"player_experience":311853,"relics_obtained":[{"floor":8,"key":"Letter Opener"},{"floor":9,"key":"Prayer Wheel"},{"floor":10,"key":"MawBank"}],"event_choices":[{"event_name":"Liars Game","player_choice":"disagreed","floor":5.0,"damage_taken":0.0},{"event_name":"FaceTrader","player_choice":"Touch","floor":7,"damage_taken":0},{"event_name":"Scrap Ooze","player_choice":"success","floor":12,"damage_taken":18},{"event_name":"Purifier","player_choice":"One Purge","floor":14,"damage_taken":0}],"is_beta":false,"boss_relics":[],"items_purged_floors":[2],"is_endless":false,"potions_floor_spawned":[1,3],"killed_by":"Hexaghost","ascension_level":20}