{"gold_per_floor":[118,193,206,206,222,247,261,261,261,261,289,289,289,322,322,418,468,482,500,129,129,229,263,263,263,289,307,319,319,234,251,251,347,347,358,71,81,81,0,0,55,84,175,221,248,260,299,329,341,353],"floor_reached":51,"playtime":1921,"items_purged":["Strike_G","Strike_G"],"score":1150,"play_id":"75716c75-e1ff-4955-ae38-68883dc5e014","local_time":"20180919155804","is_ascension_mode":true,"campfire_choices":[{"data":"Terror","floor":8.0,"key":"SMITH"},{"data":"A Thousand Cuts","floor":10.0,"key":"SMITH"},{"data":"Neutralize","floor":12.0,"key":"SMITH"},{"floor":15.0,"key":"REST"},{"floor":25.0,"key":"REST"},{"data":"Accuracy","floor":29.0,"key":"SMITH"},{"data":"Cloak And Dagger","floor":32.0,"key":"SMITH"},{"data":"Accuracy","floor":46.0,"key":"SMITH"},{"data":"Infinite Blades","floor":49,"key":"SMITH"}],"neow_cost":"NONE","seed_source_timestamp":101273941415685,"circlet_count":0,"master_deck":["Defend_G","Defend_G+1","Defend_G","Defend_G","Defend_G","Strike_G","Strike_G","Strike_G","Survivor","Neutralize+1","Terror+1","Slice","Sucker Punch","A Thousand Cuts+1","Accuracy+1","Glass Knife","Infinite Blades+1","Cloak And Dagger+1","Blade Dance+1","Slice","Slice+1","Corpse Explosion","Die Die Die","Accuracy+1","Blade Dance+1","Bandage Up","Deflect+1","Backflip+1"],"special_seed":0,"relics":["Ring of the Snake","Happy Flower","Ornamental Fan","Dodecahedron","Sundial","Blood Vial","Shovel","Blue Candle","Tiny House","Nunchaku","Unceasing Top","Bottled Tornado","FossilizedHelix","MutagenicStrength","Art of War","Ice Cream","Coffee Dripper","Vajra","Red Mask","Gambling Chip","MawBank","Bottled Lightning","Letter Opener","Anchor"],"potions_floor_usage":[50,50,50],"damage_taken":[{"damage":0.0,"enemies":"2 Louse","floor":1.0,"turns":3.0},{"damage":0.0,"enemies":"Small Slimes","floor":3.0,"turns":3.0},{"damage":0.0,"enemies":"Jaw Worm","floor":5.0,"turns":4.0},{"damage":17.0,"enemies":"Lagavulin","floor":6.0,"turns":7.0},{"damage":5.0,"enemies":"Red Slaver","floor":7.0,"turns":4.0},{"damage":17.0,"enemies":"Gremlin Nob","floor":11.0,"turns":4.0},{"damage":5.0,"enemies":"Lagavulin","floor":14.0,"turns":7.0},{"damage":0.0,"enemies":"The Guardian","floor":16.0,"turns":13.0},{"damage":12.0,"enemies":"Spheric Guardian","floor":18.0,"turns":4.0},{"damage":1.0,"enemies":"Shell Parasite","floor":19.0,"turns":6.0},{"damage":15.0,"enemies":"Colosseum Slavers","floor":22.0,"turns":4.0},{"damage":28.0,"enemies":"Colosseum Nobs","floor":22.0,"turns":5.0},{"damage":23.0,"enemies":"Book of Stabbing","floor":23.0,"turns":6.0},{"damage":0.0,"enemies":"3 Cultists","floor":27.0,"turns":4.0},{"damage":0.0,"enemies":"Centurion and Healer","floor":28.0,"turns":3.0},{"damage":3.0,"enemies":"Snake Plant","floor":31.0,"turns":3.0},{"damage":3.0,"enemies":"Collector","floor":33.0,"turns":7.0},{"damage":11.0,"enemies":"3 Shapes","floor":35.0,"turns":2.0},{"damage":0.0,"enemies":"Orb Walker","floor":37.0,"turns":2.0},{"damage":12.0,"enemies":"Mysterious Sphere","floor":41.0,"turns":2.0},{"damage":0.0,"enemies":"Giant Head","floor":42.0,"turns":5.0},{"damage":0.0,"enemies":"2 Orb Walkers","floor":44.0,"turns":3.0},{"damage":0.0,"enemies":"4 Shapes","floor":45.0,"turns":1.0},{"damage":0.0,"enemies":"Nemesis","floor":47.0,"turns":5.0},{"damage":0.0,"enemies":"Maw","floor":48.0,"turns":3.0},{"damage":0,"enemies":"Donu and Deca","floor":50,"turns":5}],"seed_played":"-941321742333650918","potions_obtained":[{"floor":5.0,"key":"Dexterity Potion"},{"floor":7.0,"key":"EssenceOfSteel"},{"floor":11.0,"key":"GamblersBrew"},{"floor":14.0,"key":"GhostInAJar"},{"floor":17.0,"key":"Weak Potion"},{"floor":19.0,"key":"SteroidPotion"},{"floor":23.0,"key":"Poison Potion"},{"floor":28.0,"key":"Dexterity Potion"},{"floor":37.0,"key":"PowerPotion"},{"floor":42.0,"key":"Swift Potion"},{"floor":47.0,"key":"SteroidPotion"}],"is_trial":false,"path_per_floor":["M","?","M","?","M","E","M","R","T","R","E","R","T","E","R","B",null,"M","M","$","?","?","E","?","R","T","M","M","R","?","M","R","B",null,"M","$","M","?","?","?","?","E","T","E","M","R","E","M","R","B"],"character_chosen":"THE_SILENT","items_purchased":["Nunchaku","Vajra","Accuracy"],"campfire_rested":2,"item_purchase_floors":[20,36,36],"current_hp_per_floor":[70,59,59,52,52,35,30,30,30,30,13,13,13,10,31,33,75,63,64,64,64,25,4,4,26,26,28,30,30,30,29,29,28,75,64,64,66,66,66,66,56,62,62,68,70,70,75,75,75,75],"gold":365,"neow_bonus":"RANDOM_COMMON_RELIC","is_prod":false,"is_daily":false,"chose_seed":false,"campfire_upgraded":7,"win_rate":0,"timestamp":1537343884,"path_taken":["M","?","M","?","?","E","M","R","T","R","E","R","?","E","R","BOSS","M","M","$","?","?","E","?","R","T","M","M","R","?","M","R","BOSS","M","$","?","?","?","?","?","E","T","E","M","R","E","M","R","BOSS"],"build_version":"2018-09-06","purchased_purges":2,"victory":true,"max_hp_per_floor":[70,70,70,70,70,70,70,70,70,70,70,70,70,70,70,70,75,75,75,75,75,75,75,75,75,75,75,75,75,75,75,75,75,75,75,75,75,75,75,75,75,75,75,75,75,75,75,75,75,75],"card_choices":[{"not_picked":["Dodge and Roll","Dagger Throw"],"picked":"Terror","floor":1.0},{"not_picked":["Crippling Poison","Caltrops"],"picked":"Slice","floor":3.0},{"not_picked":["Calculated Gamble","PiercingWail","Sucker Punch"],"picked":"SKIP","floor":5.0},{"not_picked":["Sucker Punch","Dodge and Roll","Blur"],"picked":"SKIP","floor":6.0},{"not_picked":["Dodge and Roll","Blur"],"picked":"Sucker Punch","floor":6.0},{"not_picked":["All Out Attack","Expertise"],"picked":"A Thousand Cuts","floor":7.0},{"not_picked":["Deflect","Choke"],"picked":"Accuracy","floor":11.0},{"not_picked":["Poisoned Stab","Sucker Punch","Catalyst"],"picked":"SKIP","floor":14.0},{"not_picked":["Night Terror","Phantasmal Killer"],"picked":"Glass Knife","floor":16.0},{"not_picked":["Backflip","Dash"],"picked":"Infinite Blades","floor":17.0},{"not_picked":["Acrobatics","Sucker Punch+1"],"picked":"Cloak And Dagger","floor":18.0},{"not_picked":["Dodge and Roll","Infinite Blades"],"picked":"Blade Dance+1","floor":19.0},{"not_picked":["Acrobatics","PiercingWail"],"picked":"Slice","floor":22.0},{"not_picked":["Expertise","Poisoned Stab"],"picked":"Slice+1","floor":23.0},{"not_picked":["Caltrops+1","Dagger Spray"],"picked":"Cloak And Dagger","floor":27.0},{"not_picked":["Dodge and Roll","Predator","Blade Dance"],"picked":"SKIP","floor":28.0},{"not_picked":["Dagger Spray+1","Flying Knee"],"picked":"Corpse Explosion","floor":31.0},{"not_picked":["Corpse Explosion","Wraith Form v2"],"picked":"Die Die Die","floor":33.0},{"not_picked":["Dash+1","Choke","Reflex"],"picked":"SKIP","floor":35.0},{"not_picked":["Choke+1","Acrobatics+1"],"picked":"Blade Dance+1","floor":37.0},{"not_picked":["Flash of Steel","Swift Strike"],"picked":"Bandage Up","floor":38.0},{"not_picked":["Predator","Backflip"],"picked":"Deflect+1","floor":41.0},{"not_picked":["Quick Slash","Bouncing Flask","Outmaneuver"],"picked":"SKIP","floor":42.0},{"not_picked":["Dodge and Roll","Flying Knee+1","Wraith Form v2"],"picked":"SKIP","floor":44.0},{"not_picked":["Acrobatics","Noxious Fumes+1","Masterful Stab"],"picked":"SKIP","floor":45.0},{"not_picked":["Dagger Throw+1","Blur","Poisoned Stab"],"picked":"SKIP","floor":47.0},{"not_picked":["Poisoned Stab","Terror"],"picked":"Backflip+1","floor":48.0}],"player_experience":23580,"relics_obtained":[{"floor":6.0,"key":"Dodecahedron"},{"floor":9.0,"key":"Sundial"},{"floor":11.0,"key":"Blood Vial"},{"floor":13.0,"key":"Shovel"},{"floor":14.0,"key":"Blue Candle"},{"floor":22.0,"key":"Unceasing Top"},{"floor":22.0,"key":"Bottled Tornado"},{"floor":23.0,"key":"FossilizedHelix"},{"floor":26.0,"key":"Art of War"},{"floor":41.0,"key":"Gambling Chip"},{"floor":42.0,"key":"MawBank"},{"floor":43.0,"key":"Bottled Lightning"},{"floor":44.0,"key":"Letter Opener"},{"floor":47.0,"key":"Anchor"}],"event_choices":[{"event_name":"World of Goop","player_choice":"Gather Gold","floor":2.0,"damage_taken":0.0},{"event_name":"Scrap Ooze","player_choice":"success","floor":4.0,"damage_taken":7.0},{"event_name":"Ghosts","player_choice":"Ignored","floor":21.0,"damage_taken":0.0},{"event_name":"Colosseum","player_choice":"Fight","floor":22.0,"damage_taken":0.0},{"event_name":"Colosseum","player_choice":"Fought Nobs","floor":22.0,"damage_taken":0.0},{"event_name":"Drug Dealer","player_choice":"Inject Mutagens","floor":24.0,"damage_taken":0.0},{"event_name":"Addict","player_choice":"Obtained Relic","floor":30.0,"damage_taken":0.0},{"event_name":"SensoryStone","player_choice":"Memory 1","floor":38.0,"damage_taken":0.0},{"event_name":"Tomb of Lord Red Mask","player_choice":"Paid","floor":39.0,"damage_taken":0.0},{"event_name":"Falling","player_choice":"Removed Skill","floor":40.0,"damage_taken":0.0},{"event_name":"Mysterious Sphere","player_choice":"Fight","floor":41.0,"damage_taken":0.0}],"is_beta":false,"boss_relics":[{"not_picked":["Orrery","Calling Bell"],"picked":"Tiny House"},{"not_picked":["Runic Dome","Astrolabe"],"picked":"Coffee Dripper"}],"items_purged_floors":[20,36],"is_endless":false,"potions_floor_spawned":[5,7,11,14,19,22,23,28,37,42,47,48],"ascension_level":4}