{"gold_per_floor":[116,86,11,25,25,52,52,82,82,82,82,95,95,114,114,114],"floor_reached":16,"playtime":186,"items_purged":["Strike_G"],"score":246,"play_id":"fe454ea7-c4b3-4b19-945e-eb85c91aff97","local_time":"20190205043526","is_ascension_mode":true,"campfire_choices":[{"data":"Cloak And Dagger","floor":7.0,"key":"SMITH"},{"data":"Neutralize","floor":11,"key":"SMITH"},{"data":"Survivor","floor":13,"key":"SMITH"},{"data":"Grand Finale","floor":15,"key":"SMITH"}],"neow_cost":"NONE","seed_source_timestamp":3254039050926,"circlet_count":0,"master_deck":["AscendersBane","Defend_G","Defend_G","Defend_G","Defend_G","Defend_G","Strike_G","Strike_G","Strike_G","Survivor+1","Neutralize+1","Cloak And Dagger+1","Infinite Blades","Grand Finale+1"],"special_seed":0,"relics":["Ring of the Snake","NeowsBlessing","Sundial","Gremlin Horn"],"potions_floor_usage":[16],"damage_taken":[{"damage":0.0,"enemies":"2 Louse","floor":1.0,"turns":1.0},{"damage":0.0,"enemies":"Cultist","floor":4.0,"turns":1.0},{"damage":0.0,"enemies":"Lagavulin","floor":6.0,"turns":1.0},{"damage":1,"enemies":"Small Slimes","floor":12,"turns":3},{"damage":0,"enemies":"2 Fungi Beasts","floor":14,"turns":4},{"damage":8,"enemies":"Hexaghost","floor":16,"turns":3}],"seed_played":"7001838227153115482","potions_obtained":[{"floor":2.0,"key":"Dexterity Potion"},{"floor":2.0,"key":"EntropicBrew"},{"floor":12,"key":"PowerPotion"},{"floor":14,"key":"GhostInAJar"}],"is_trial":false,"path_per_floor":["M","?","$","M","?","E","R","?","T","?","R","M","R","M","R","B"],"character_chosen":"THE_SILENT","items_purchased":[],"campfire_rested":0,"item_purchase_floors":[],"current_hp_per_floor":[59,59,59,59,52,52,52,52,52,57,57,56,56,56,56,48],"gold":114,"neow_bonus":"THREE_ENEMY_KILL","is_prod":false,"is_daily":false,"chose_seed":false,"campfire_upgraded":4,"win_rate":0,"timestamp":1549312526,"path_taken":["M","?","?","M","?","E","R","?","T","?","R","?","R","M","R","BOSS"],"build_version":"2019-01-23","purchased_purges":1,"victory":false,"max_hp_per_floor":[66,66,66,66,66,66,66,66,66,71,71,71,71,71,71,71],"card_choices":[{"not_picked":["Dagger Spray","Blade Dance","Sucker Punch"],"picked":"SKIP","floor":1.0},{"not_picked":["Underhanded Strike","Acrobatics"],"picked":"Cloak And Dagger","floor":4.0},{"not_picked":["Riddle With Holes","Bane"],"picked":"Infinite Blades","floor":6.0},{"not_picked":["Blade Dance","PiercingWail","Underhanded Strike"],"picked":"SKIP","floor":12},{"not_picked":["PiercingWail","Heel Hook"],"picked":"Grand Finale","floor":14}],"player_experience":2533138,"relics_obtained":[{"floor":6.0,"key":"Sundial"},{"floor":9.0,"key":"Gremlin Horn"}],"event_choices":[{"damage_healed":0.0,"max_hp_gain":0.0,"max_hp_loss":0.0,"gold_gain":0.0,"event_name":"The Woman in Blue","player_choice":"Bought 2 Potions","floor":2.0,"gold_loss":0.0,"damage_taken":0.0},{"cards_removed":["Strike_G"],"damage_healed":0.0,"max_hp_gain":0.0,"max_hp_loss":0.0,"gold_gain":0.0,"event_name":"Golden Wing","player_choice":"Card Removal","floor":5.0,"gold_loss":0.0,"damage_taken":7.0},{"damage_healed":0.0,"max_hp_gain":0.0,"max_hp_loss":0.0,"gold_gain":30.0,"event_name":"Dead Adventurer","player_choice":"Searched \u00271\u0027 times","floor":8.0,"gold_loss":0.0,"damage_taken":0.0},{"damage_healed":0,"gold_gain":0,"player_choice":"Donut","damage_taken":0,"max_hp_gain":5,"max_hp_loss":0,"event_name":"Big Fish","floor":10,"gold_loss":0}],"is_beta":false,"boss_relics":[],"items_purged_floors":[3],"is_endless":false,"potions_floor_spawned":[6,12,14],"killed_by":"Hexaghost","ascension_level":20}