{"gold_per_floor":[110,129,54,71,71,71,103,103,103,103,3,37,48,63,63,140,140],"floor_reached":17,"playtime":373,"items_purged":["Strike_G","Strike_G"],"score":330,"play_id":"8b407bb4-8ecc-429d-b85e-e802fd2c052e","local_time":"20190413125829","is_ascension_mode":true,"campfire_choices":[{"data":"Noxious Fumes","floor":6.0,"key":"SMITH"},{"data":"Noxious Fumes","floor":8.0,"key":"SMITH"},{"data":"Deadly Poison","floor":10.0,"key":"SMITH"},{"data":"Neutralize","floor":15.0,"key":"SMITH"}],"neow_cost":"NONE","seed_source_timestamp":4101211724522,"circlet_count":0,"master_deck":["AscendersBane","Defend_G","Defend_G","Defend_G","Defend_G","Defend_G","Strike_G","Strike_G","Strike_G","Survivor","Neutralize+1","Noxious Fumes+1","Deadly Poison+1","Backflip","Noxious Fumes+1","Dagger Throw+1","Backflip+1","Blade Dance+1"],"special_seed":0,"relics":["Ring of the Snake","NeowsBlessing","Regal Pillow","Happy Flower","Astrolabe"],"potions_floor_usage":[],"damage_taken":[{"damage":0.0,"enemies":"Jaw Worm","floor":1.0,"turns":1.0},{"damage":0.0,"enemies":"Cultist","floor":2.0,"turns":2.0},{"damage":0.0,"enemies":"2 Louse","floor":4.0,"turns":1.0},{"damage":32.0,"enemies":"3 Sentries","floor":7.0,"turns":6.0},{"damage":6.0,"enemies":"Gremlin Nob","floor":12.0,"turns":3.0},{"damage":15.0,"enemies":"Exordium Wildlife","floor":13.0,"turns":4.0},{"damage":0.0,"enemies":"Exordium Thugs","floor":14.0,"turns":5.0},{"damage":1.0,"enemies":"Hexaghost","floor":16.0,"turns":8.0}],"seed_played":"-2423449384841310788","potions_obtained":[{"floor":4.0,"key":"AttackPotion"},{"floor":7.0,"key":"SteroidPotion"},{"floor":14.0,"key":"LiquidBronze"}],"is_trial":false,"path_per_floor":["M","M","$","M","?","R","E","R","T","R","$","E","M","M","R","B",null],"character_chosen":"THE_SILENT","items_purchased":[],"campfire_rested":0,"item_purchase_floors":[],"current_hp_per_floor":[59,59,59,59,59,59,27,27,27,27,27,21,6,6,6,5,5],"gold":140,"neow_bonus":"THREE_ENEMY_KILL","is_prod":false,"is_daily":false,"chose_seed":false,"campfire_upgraded":4,"win_rate":0,"timestamp":1555131509,"path_taken":["M","M","$","M","?","R","E","R","T","R","?","E","M","?","R","BOSS"],"build_version":"2019-01-23","purchased_purges":2,"victory":false,"max_hp_per_floor":[66,66,66,66,66,66,66,66,66,66,66,66,66,66,66,66,66],"card_choices":[{"not_picked":["Underhanded Strike","Acrobatics"],"picked":"Noxious Fumes","floor":1.0},{"not_picked":["Sucker Punch","Distraction"],"picked":"Deadly Poison","floor":2.0},{"not_picked":["Slice","Cloak And Dagger"],"picked":"Backflip","floor":4.0},{"not_picked":["Deflect","Expertise"],"picked":"Concentrate","floor":7.0},{"not_picked":["Caltrops","Underhanded Strike","Setup"],"picked":"SKIP","floor":12.0},{"not_picked":["Infinite Blades","Masterful Stab","Deadly Poison"],"picked":"SKIP","floor":13.0},{"not_picked":["Backflip","Reflex","Storm of Steel"],"picked":"SKIP","floor":14.0},{"not_picked":["Malaise","Die Die Die"],"picked":"Corpse Explosion","floor":16.0}],"player_experience":4244527,"relics_obtained":[{"floor":7.0,"key":"Regal Pillow"},{"floor":12.0,"key":"Happy Flower"}],"event_choices":[{"damage_healed":0.0,"max_hp_gain":0.0,"max_hp_loss":0.0,"gold_gain":0.0,"event_name":"Match and Keep!","player_choice":"2 cards matched","floor":5.0,"gold_loss":0.0,"damage_taken":0.0,"cards_obtained":["Noxious Fumes","Unload"]}],"is_beta":false,"boss_relics":[{"not_picked":["Ring of the Serpent","Tiny House"],"picked":"Astrolabe"}],"items_purged_floors":[3,11],"is_endless":false,"potions_floor_spawned":[4,7,14],"ascension_level":20}