{"gold_per_floor":[118,6,6,22,22,22,39,39,39,39,53,53,53,53,53,132,132,144,156,56,74,74,74,85,110,110,120,139,164,164,191,191,270,270,281,156,210,210,225,225,244,244,270,294,318,356,368,380,392,404,416,428,440,12,46,46],"floor_reached":57,"playtime":1812,"items_purged":["Strike_G","Slice","Quick Slash","Noxious Fumes+1"],"score":3300,"play_id":"9f51a542-deae-4499-9a8f-7ca750ca3300","local_time":"20190407001543","is_ascension_mode":true,"campfire_choices":[{"data":"Catalyst","floor":6.0,"key":"SMITH"},{"data":"Neutralize","floor":8.0,"key":"SMITH"},{"data":"Noxious Fumes","floor":10.0,"key":"SMITH"},{"data":"Noxious Fumes","floor":12.0,"key":"SMITH"},{"data":"Deadly Poison","floor":15.0,"key":"SMITH"},{"data":"Tactician","floor":23,"key":"SMITH"},{"data":"Reflex","floor":30,"key":"SMITH"},{"data":"Acrobatics","floor":32,"key":"SMITH"},{"data":"Grand Finale","floor":40,"key":"SMITH"},{"floor":42,"key":"RECALL"},{"data":"Dagger Throw","floor":47,"key":"SMITH"},{"floor":49,"key":"REST"},{"floor":53,"key":"REST"}],"neow_cost":"PERCENT_DAMAGE","seed_source_timestamp":47907780560666,"circlet_count":0,"master_deck":["AscendersBane","Survivor+1","Neutralize+1","Dagger Throw+1","Noxious Fumes+1","Catalyst+1","Deadly Poison+1","Adrenaline+1","Tactician+1","Well Laid Plans+1","Reflex+1","Backflip+1","Acrobatics+1","Grand Finale+1"],"special_seed":0,"relics":["Ring of the Snake","Pandora\u0027s Box","Happy Flower","Matryoshka","Letter Opener","Anchor","Turnip","MawBank","Lantern","Centennial Puzzle","War Paint","Strange Spoon","Pear"],"potions_floor_usage":[29,56],"damage_taken":[{"damage":0.0,"enemies":"2 Louse","floor":1.0,"turns":2.0},{"damage":1.0,"enemies":"Jaw Worm","floor":4.0,"turns":2.0},{"damage":1.0,"enemies":"Small Slimes","floor":7.0,"turns":3.0},{"damage":10.0,"enemies":"Gremlin Gang","floor":11.0,"turns":4.0},{"damage":0.0,"enemies":"Hexaghost","floor":16.0,"turns":7.0},{"damage":8.0,"enemies":"3 Byrds","floor":18.0,"turns":4.0},{"damage":11.0,"enemies":"2 Thieves","floor":19.0,"turns":3.0},{"damage":12,"enemies":"Snake Plant","floor":21,"turns":3},{"damage":9,"enemies":"Cultist and Chosen","floor":24,"turns":4},{"damage":0,"enemies":"Gremlin Leader","floor":25,"turns":4},{"damage":2,"enemies":"Sentry and Sphere","floor":27,"turns":3},{"damage":2,"enemies":"Centurion and Healer","floor":28,"turns":4},{"damage":0,"enemies":"Book of Stabbing","floor":29,"turns":3},{"damage":4,"enemies":"Gremlin Leader","floor":31,"turns":2},{"damage":0,"enemies":"Collector","floor":33,"turns":1},{"damage":0,"enemies":"3 Darklings","floor":35,"turns":1},{"damage":0,"enemies":"2 Orb Walkers","floor":37,"turns":1},{"damage":0,"enemies":"Orb Walker","floor":39,"turns":1},{"damage":0,"enemies":"3 Darklings","floor":41,"turns":1},{"damage":0,"enemies":"4 Shapes","floor":44,"turns":1},{"damage":0,"enemies":"Transient","floor":45,"turns":2},{"damage":0,"enemies":"Donu and Deca","floor":50,"turns":2},{"damage":0,"enemies":"Awakened One","floor":51,"turns":2},{"damage":0,"enemies":"Shield and Spear","floor":55,"turns":1},{"damage":0,"enemies":"The Heart","floor":56,"turns":3}],"seed_played":"-2664919677344377549","potions_obtained":[{"floor":4.0,"key":"PowerPotion"},{"floor":21,"key":"EssenceOfSteel"},{"floor":25,"key":"AttackPotion"},{"floor":31,"key":"Fire Potion"},{"floor":33,"key":"Swift Potion"}],"is_trial":false,"path_per_floor":["M","$","?","M","?","R","M","R","T","R","M","R","$","?","R","B",null,"M","M","$","M","$","R","M","E","T","M","M","E","R","E","R","B",null,"M","$","?","?","M","R","M","R","T","M","M","T","R","?","R","B","B",null,"R","$","E","B",null],"character_chosen":"THE_SILENT","items_purchased":["Noxious Fumes","GhostInAJar","Strange Spoon"],"campfire_rested":2,"item_purchase_floors":[2,54,54],"current_hp_per_floor":[44,44,44,43,43,43,42,42,42,42,32,32,32,32,32,32,58,50,39,39,27,27,27,18,18,18,16,14,14,14,10,10,10,52,52,52,52,52,52,52,52,52,52,52,52,52,52,52,66,66,66,66,66,66,76,76],"gold":46,"neow_bonus":"TRANSFORM_TWO_CARDS","is_prod":false,"is_daily":false,"chose_seed":false,"campfire_upgraded":10,"win_rate":0,"timestamp":1554567343,"path_taken":["M","$","?","M","?","R","M","R","T","R","M","R","$","?","R","BOSS","M","?","?","M","$","R","M","E","T","M","?","E","R","E","R","BOSS","M","$","?","?","M","R","?","R","T","M","?","?","R","?","R","BOSS","BOSS","R","$","E","BOSS"],"build_version":"2019-01-23","purchased_purges":4,"victory":true,"max_hp_per_floor":[66,66,66,66,66,66,66,66,66,66,66,66,66,66,66,66,66,66,66,66,66,66,66,66,66,66,66,66,66,66,66,66,66,66,66,66,66,66,66,66,66,66,66,66,66,66,66,66,66,66,66,66,66,66,76,76],"card_choices":[{"not_picked":["Flying Knee","Blade Dance"],"picked":"Dagger Throw","floor":1.0},{"not_picked":["Distraction","Sucker Punch"],"picked":"Catalyst","floor":4.0},{"not_picked":["Dagger Throw","Flying Knee"],"picked":"Deadly Poison","floor":7.0},{"not_picked":["Prepared","Slice","Poisoned Stab"],"picked":"SKIP","floor":11.0},{"not_picked":["Storm of Steel","Malaise"],"picked":"Adrenaline","floor":16.0},{"not_picked":["Distraction","Riddle With Holes"],"picked":"Tactician","floor":18.0},{"not_picked":["All Out Attack","Blade Dance","Sucker Punch"],"picked":"SKIP","floor":19.0},{"not_picked":["Eviscerate","Deadly Poison","Bane+1"],"picked":"SKIP","floor":21},{"not_picked":["Bane","Dagger Throw"],"picked":"Quick Slash","floor":24},{"not_picked":["Dagger Throw","Crippling Poison"],"picked":"Well Laid Plans+1","floor":25},{"not_picked":["Prepared+1","Wraith Form v2"],"picked":"Reflex","floor":27},{"not_picked":["Blur","Bane+1"],"picked":"Backflip+1","floor":28},{"not_picked":["PiercingWail","Backflip","Caltrops"],"picked":"SKIP","floor":29},{"not_picked":["Reflex","Well Laid Plans"],"picked":"Acrobatics","floor":31},{"not_picked":["A Thousand Cuts","Burst"],"picked":"Grand Finale","floor":33},{"not_picked":["Bane","Dodge and Roll","Flechettes"],"picked":"SKIP","floor":35},{"not_picked":["Flying Knee","Backflip+1","Underhanded Strike+1"],"picked":"SKIP","floor":39},{"not_picked":["Riddle With Holes","Burst","Flying Knee"],"picked":"SKIP","floor":41},{"not_picked":["Endless Agony","Outmaneuver","Backflip"],"picked":"SKIP","floor":44},{"not_picked":["Bane+1","Prepared","Blur"],"picked":"SKIP","floor":45},{"not_picked":["Deadly Poison","Concentrate","Masterful Stab+1"],"picked":"SKIP","floor":55}],"player_experience":4096463,"relics_obtained":[{"floor":25,"key":"Happy Flower"},{"floor":26,"key":"Matryoshka"},{"floor":29,"key":"Letter Opener"},{"floor":31,"key":"Anchor"},{"floor":37,"key":"Turnip"},{"floor":43,"key":"MawBank"},{"floor":43,"key":"Lantern"},{"floor":46,"key":"Centennial Puzzle"},{"floor":46,"key":"War Paint"},{"floor":55,"key":"Pear"}],"event_choices":[{"damage_healed":0.0,"max_hp_gain":0.0,"max_hp_loss":0.0,"gold_gain":0.0,"event_name":"Scrap Ooze","player_choice":"Fled","floor":3.0,"gold_loss":0.0,"damage_taken":0.0},{"damage_healed":0.0,"max_hp_gain":0.0,"max_hp_loss":0.0,"gold_gain":0.0,"cards_transformed":["Choke"],"event_name":"Living Wall","player_choice":"Change","floor":5.0,"gold_loss":0.0,"damage_taken":0.0,"cards_obtained":["Noxious Fumes"]},{"cards_removed":["Strike_G"],"damage_healed":0.0,"max_hp_gain":0.0,"max_hp_loss":0.0,"gold_gain":0.0,"event_name":"Purifier","player_choice":"Purged","floor":14.0,"gold_loss":0.0,"damage_taken":0.0},{"damage_healed":0,"gold_gain":0,"player_choice":"Fight","damage_taken":0,"max_hp_gain":0,"max_hp_loss":0,"event_name":"Mysterious Sphere","floor":37,"gold_loss":0},{"damage_healed":0,"gold_gain":0,"player_choice":"Ignored","damage_taken":0,"max_hp_gain":0,"max_hp_loss":0,"event_name":"SecretPortal","floor":38,"gold_loss":0},{"damage_healed":0,"gold_gain":0,"player_choice":"Ignored","damage_taken":0,"max_hp_gain":0,"max_hp_loss":0,"event_name":"Tomb of Lord Red Mask","floor":48,"gold_loss":0}],"is_beta":false,"boss_relics":[{"not_picked":["Lizard Tail","Snecko Eye"],"picked":"Pandora\u0027s Box"},{"not_picked":["Runic Dome","Ring of the Serpent","Cursed Key"]}],"items_purged_floors":[2,20,36,54],"is_endless":false,"potions_floor_spawned":[4,21,25,27,31,33,37],"ascension_level":20}