{"gold_per_floor":[110,35,47,47,64,64,74,87,87,87,162,175,175,195,195,294,294,304,229,229,31,46,46,64,64,64,45,64,84,97,109,109,109],"floor_reached":33,"playtime":1074,"items_purged":["Regret"],"score":377,"play_id":"2e320c04-ad43-4bf3-9599-ce864fb5c2fa","local_time":"20181010235004","is_ascension_mode":true,"campfire_choices":[{"data":"Zap","floor":6,"key":"SMITH"},{"floor":10,"key":"DIG"},{"floor":13,"key":"DIG"},{"data":"Multi-Cast","floor":15,"key":"SMITH"},{"floor":23,"key":"REST"},{"floor":25,"key":"REST"},{"floor":32,"key":"REST"}],"neow_cost":"CURSE","seed_source_timestamp":10867679353135,"circlet_count":0,"master_deck":["Strike_B","Strike_B","Defend_B","Defend_B","Defend_B","Defend_B","Zap+1","Dualcast","AscendersBane","Electrodynamics","Glacier","Rainbow","Self Repair","Multi-Cast+1","Echo Form","Turbo+1","Self Repair","Ball Lightning","Double Energy+1"],"relics":["Cracked Core","Shovel","Unceasing Top","Torii","Runic Dome","Membership Card","Toxic Egg 2"],"potions_floor_usage":[22,24,29,31,33],"damage_taken":[{"damage":0,"enemies":"2 Louse","floor":1,"turns":1},{"damage":5,"enemies":"Cultist","floor":3,"turns":4},{"damage":0,"enemies":"Small Slimes","floor":5,"turns":2},{"damage":17,"enemies":"Exordium Wildlife","floor":7,"turns":3},{"damage":0,"enemies":"2 Fungi Beasts","floor":8,"turns":3},{"damage":8,"enemies":"Looter","floor":12,"turns":3},{"damage":8,"enemies":"Exordium Wildlife","floor":14,"turns":3},{"damage":25,"enemies":"Hexaghost","floor":16,"turns":8},{"damage":11,"enemies":"2 Thieves","floor":18,"turns":2},{"damage":40,"enemies":"Colosseum Slavers","floor":20,"turns":3},{"damage":9,"enemies":"3 Byrds","floor":22,"turns":4},{"damage":15,"enemies":"Snecko","floor":24,"turns":6},{"damage":26,"enemies":"Centurion and Healer","floor":28,"turns":11},{"damage":32,"enemies":"Chosen and Byrds","floor":29,"turns":5},{"damage":32,"enemies":"Snecko","floor":30,"turns":5},{"damage":18,"enemies":"3 Cultists","floor":31,"turns":4},{"damage":66,"enemies":"Automaton","floor":33,"turns":12}],"seed_played":"1983173509119784062","potions_obtained":[{"floor":3,"key":"Dexterity Potion"},{"floor":8,"key":"Ancient Potion"},{"floor":22,"key":"Regen Potion"},{"floor":24,"key":"Fire Potion"},{"floor":30,"key":"Dexterity Potion"}],"is_trial":false,"path_per_floor":["M","$","M","?","M","R","M","M","T","R","?","M","R","M","R","B",null,"M","?","?","$","M","R","M","R","T","$","M","M","M","M","R"],"character_chosen":"DEFECT","items_purchased":["Membership Card","Self Repair"],"campfire_rested":3,"item_purchase_floors":[21,27],"current_hp_per_floor":[68,68,63,63,63,63,46,46,46,46,35,34,34,33,33,15,60,49,49,23,23,14,36,35,57,57,57,59,55,37,33,55,0],"gold":109,"neow_bonus":"THREE_RARE_CARDS","is_prod":false,"is_daily":false,"chose_seed":false,"campfire_upgraded":2,"win_rate":0,"timestamp":1539186604,"path_taken":["M","$","M","?","M","R","M","M","T","R","?","?","R","M","R","BOSS","M","?","?","$","M","R","M","R","T","$","M","M","M","M","R","BOSS"],"build_version":"2018-10-04v2","purchased_purges":1,"victory":false,"max_hp_per_floor":[75,75,75,75,75,75,75,75,75,75,75,75,75,75,75,75,75,75,75,75,75,75,75,75,75,75,75,75,75,75,75,75,75],"card_choices":[{"not_picked":["Meteor Strike","Seek"],"picked":"Electrodynamics","floor":0},{"not_picked":["Sweeping Beam","Hologram","Compile Driver"],"picked":"SKIP","floor":1},{"not_picked":["Melter","Rebound"],"picked":"Glacier","floor":3},{"not_picked":["Blizzard","Heatsinks"],"picked":"Rainbow","floor":5},{"not_picked":["Rebound","Steam","Turbo"],"picked":"SKIP","floor":7},{"not_picked":["Stack","Leap"],"picked":"Self Repair","floor":8},{"not_picked":["Streamline","Hologram","Steam"],"picked":"SKIP","floor":12},{"not_picked":["Blizzard","Barrage"],"picked":"Multi-Cast","floor":14},{"not_picked":["Meteor Strike","Hyperbeam"],"picked":"Echo Form","floor":16},{"not_picked":["Barrage+1","Sweeping Beam+1","Rebound"],"picked":"SKIP","floor":18},{"not_picked":["Barrage","Beam Cell","Steam Power"],"picked":"SKIP","floor":22},{"not_picked":["Hologram","Barrage+1"],"picked":"Turbo+1","floor":24},{"not_picked":["Beam Cell+1","Darkness+1"],"picked":"Ball Lightning","floor":28},{"not_picked":["Barrage+1","Beam Cell","Streamline"],"picked":"SKIP","floor":29},{"not_picked":["Steam+1","Redo+1"],"picked":"Double Energy+1","floor":30},{"not_picked":["Go for the Eyes","Barrage","Compile Driver"],"picked":"SKIP","floor":31}],"player_experience":95285,"relics_obtained":[{"floor":9,"key":"Shovel"},{"floor":10,"key":"Unceasing Top"},{"floor":13,"key":"Torii"},{"floor":26,"key":"Toxic Egg 2"}],"event_choices":[{"event_name":"Bonfire Elementals","player_choice":"BASIC","floor":4,"damage_taken":0},{"event_name":"World of Goop","player_choice":"Gather Gold","floor":11,"damage_taken":0},{"event_name":"Beggar","player_choice":"Gave Gold","floor":19,"damage_taken":0},{"event_name":"Colosseum","player_choice":"Fight","floor":20,"damage_taken":0},{"event_name":"Colosseum","player_choice":"Fled From Nobs","floor":20,"damage_taken":0}],"is_beta":false,"boss_relics":[{"not_picked":["Empty Cage","Philosopher\u0027s Stone"],"picked":"Runic Dome"}],"items_purged_floors":[2],"is_endless":false,"potions_floor_spawned":[3,8,14,20,22,24,30],"killed_by":"Automaton","ascension_level":11}