{"gold_per_floor":[111,131,151,76,76,76,120,138,138,138,158,158,194,212,212,311,311,335,250,324,338,362,362],"floor_reached":23,"playtime":1504,"items_purged":["Underhanded Strike"],"score":406,"play_id":"651b3a34-81bb-4488-abfb-035a1bbf4d25","local_time":"20190705222811","is_ascension_mode":true,"campfire_choices":[{"floor":6,"key":"REST"},{"data":"Noxious Fumes","floor":12,"key":"SMITH"},{"data":"Bouncing Flask","floor":15,"key":"SMITH"}],"neow_cost":"PERCENT_DAMAGE","seed_source_timestamp":100318110280994,"circlet_count":0,"master_deck":["AscendersBane","Strike_G","Strike_G","Strike_G","Strike_G","Defend_G","Defend_G","Defend_G","Defend_G","Survivor","Neutralize","Bouncing Flask+1","Leg Sweep","Footwork","Leg Sweep","Noxious Fumes+1","Backflip","Backflip","Wraith Form v2","Deadly Poison","Acrobatics"],"relics":["Ring of the Snake","Golden Idol","Bag of Marbles","Dream Catcher","Bottled Lightning","Black Star","Art of War","Meat on the Bone"],"potions_floor_usage":[22,23],"damage_taken":[{"damage":4,"enemies":"Jaw Worm","floor":1,"turns":5},{"damage":4,"enemies":"Small Slimes","floor":2,"turns":4},{"damage":0,"enemies":"Cultist","floor":3,"turns":3},{"damage":46,"enemies":"3 Sentries","floor":7,"turns":11},{"damage":6,"enemies":"Exordium Thugs","floor":8,"turns":7},{"damage":5,"enemies":"Exordium Wildlife","floor":11,"turns":5},{"damage":9,"enemies":"Lagavulin","floor":13,"turns":8},{"damage":5,"enemies":"3 Louse","floor":14,"turns":5},{"damage":22,"enemies":"The Guardian","floor":16,"turns":9},{"damage":3,"enemies":"Shell Parasite","floor":18,"turns":7},{"damage":14,"enemies":"3 Byrds","floor":21,"turns":6},{"damage":8,"enemies":"Sentry and Sphere","floor":22,"turns":5},{"damage":51,"enemies":"Book of Stabbing","floor":23,"turns":6}],"seed_played":"1053526545576283554","potions_obtained":[{"floor":11,"key":"Swift Potion"},{"floor":13,"key":"SteroidPotion"},{"floor":14,"key":"FearPotion"},{"floor":16,"key":"Dexterity Potion"}],"is_trial":false,"path_per_floor":["M","M","M","$","?","R","E","M","T","?","M","R","E","M","R","B",null,"M","?","T","M","M","E"],"character_chosen":"THE_SILENT","items_purchased":[],"campfire_rested":1,"item_purchase_floors":[],"current_hp_per_floor":[40,36,36,36,36,54,8,2,2,70,65,65,56,51,51,29,60,57,57,57,43,47,0],"gold":362,"neow_bonus":"TRANSFORM_TWO_CARDS","is_prod":false,"is_daily":false,"chose_seed":false,"campfire_upgraded":2,"win_rate":0,"timestamp":1562358491,"path_taken":["M","M","M","$","?","R","E","M","T","?","M","R","E","?","R","BOSS","M","?","?","M","M","E"],"build_version":"2019-07-01","purchased_purges":1,"victory":false,"max_hp_per_floor":[66,66,66,66,60,60,60,60,60,70,70,70,70,70,70,70,70,70,70,70,70,70,70],"card_choices":[{"not_picked":["Blade Dance","Sucker Punch","Bouncing Flask"],"picked":"SKIP","floor":1},{"not_picked":["Blade Dance","Sucker Punch"],"picked":"Bouncing Flask","floor":1},{"not_picked":["Cloak And Dagger","Underhanded Strike"],"picked":"Leg Sweep","floor":2},{"not_picked":["Eviscerate","Acrobatics"],"picked":"Footwork","floor":3},{"not_picked":["Bullet Time","Dagger Spray"],"picked":"Leg Sweep","floor":7},{"not_picked":["Slice","Bane"],"picked":"Noxious Fumes","floor":8},{"not_picked":["Deflect","Cloak And Dagger"],"picked":"Backflip","floor":11},{"not_picked":["Slice","Setup"],"picked":"Backflip","floor":13},{"not_picked":["Underhanded Strike","Slice","Sucker Punch"],"picked":"SKIP","floor":14},{"not_picked":["Venomology","A Thousand Cuts"],"picked":"Wraith Form v2","floor":16},{"not_picked":["Skewer","Bouncing Flask"],"picked":"Deadly Poison","floor":18},{"not_picked":["Dagger Spray","Prepared"],"picked":"Acrobatics","floor":21},{"not_picked":["Blade Dance","Skewer","Flying Knee"],"picked":"SKIP","floor":22}],"player_experience":679202,"relics_obtained":[{"floor":7,"key":"Bag of Marbles"},{"floor":9,"key":"Dream Catcher"},{"floor":13,"key":"Bottled Lightning"},{"floor":20,"key":"Meat on the Bone"}],"event_choices":[{"damage_healed":0,"gold_gain":0,"player_choice":"Lose Max HP","damage_taken":0,"relics_obtained":["Golden Idol"],"max_hp_gain":0,"max_hp_loss":6,"event_name":"Golden Idol","floor":5,"gold_loss":0},{"cards_removed":["A Thousand Cuts"],"damage_healed":58,"gold_gain":0,"player_choice":"Offered Rare","damage_taken":0,"max_hp_gain":10,"max_hp_loss":0,"event_name":"Bonfire Elementals","floor":10,"gold_loss":0},{"damage_healed":0,"gold_gain":0,"player_choice":"Obtained Relic","damage_taken":0,"relics_obtained":["Art of War"],"max_hp_gain":0,"max_hp_loss":0,"event_name":"Addict","floor":19,"gold_loss":85}],"is_beta":false,"boss_relics":[{"not_picked":["Astrolabe","Orrery"],"picked":"Black Star"}],"items_purged_floors":[4],"is_endless":false,"potions_floor_spawned":[11,13,14,16],"killed_by":"Book of Stabbing","ascension_level":20}