{"gold_per_floor":[115,15,25,25,35,35,69,86,109,109,9,9,9,44,44,121,121,134,9,9,26,26,51,51,79,160,160,160,177,27,75,75,147,147,166,108,208,220,45,76,128,128,152,152,180,180,180,196,196,196,196,196,196,35,65,65],"floor_reached":57,"playtime":5161,"items_purged":["Strike_G","Strike_G","Defend_G","Survivor"],"score":2760,"play_id":"bddd95f7-d4a9-4fd2-90de-c111807acb82","local_time":"20190129130031","is_ascension_mode":true,"campfire_choices":[{"data":"Deadly Poison","floor":6.0,"key":"SMITH"},{"data":"Well Laid Plans","floor":10.0,"key":"SMITH"},{"data":"Glass Knife","floor":13.0,"key":"SMITH"},{"data":"Deadly Poison","floor":15.0,"key":"SMITH"},{"data":"Night Terror","floor":24.0,"key":"SMITH"},{"data":"Wraith Form v2","floor":27.0,"key":"SMITH"},{"data":"A Thousand Cuts","floor":32.0,"key":"SMITH"},{"data":"Tactician","floor":42.0,"key":"SMITH"},{"data":"Acrobatics","floor":44.0,"key":"SMITH"},{"floor":47.0,"key":"RECALL"},{"data":"Madness","floor":49.0,"key":"SMITH"},{"floor":53.0,"key":"DIG"}],"neow_cost":"PERCENT_DAMAGE","seed_source_timestamp":0,"circlet_count":0,"master_deck":["AscendersBane","Defend_G+1","Defend_G+1","Neutralize","Deadly Poison+1","Neutralize","Glass Knife+1","Deadly Poison+1","Night Terror+1","Well Laid Plans+1","Purity","Wraith Form v2+1","Adrenaline","PiercingWail","Noxious Fumes+1","Tactician+1","A Thousand Cuts+1","Night Terror","Acrobatics+1","Caltrops","Madness+1","Madness","Caltrops"],"special_seed":0,"relics":["Ring of the Snake","AscMod:StarOfAscension","Boot","Anchor","Runic Pyramid","theJungle:SneckoAutograph","War Paint","Shovel","Sundial","theJungle:SpiritDisease","Spirit Poop","Busted Crown","Bird Faced Urn","Meat on the Bone","Ginger","Bag of Marbles","Oddly Smooth Stone","Kunai","Bronze Scales","Pen Nib"],"potions_floor_usage":[56,56],"damage_taken":[{"damage":2.0,"enemies":"Jaw Worm","floor":1.0,"turns":6.0},{"damage":3.0,"enemies":"Cultist","floor":3.0,"turns":5.0},{"damage":0.0,"enemies":"2 Louse","floor":5.0,"turns":2.0},{"damage":27.0,"enemies":"Gremlin Nob","floor":7.0,"turns":4.0},{"damage":0.0,"enemies":"Large Slime","floor":8.0,"turns":4.0},{"damage":10.0,"enemies":"3 Sentries","floor":14.0,"turns":4.0},{"damage":0.0,"enemies":"Hexaghost","floor":16.0,"turns":7.0},{"damage":2.0,"enemies":"theJungle:MUSHROOMGANG","floor":18.0,"turns":7.0},{"damage":0.0,"enemies":"theJungle:Flameango_and_Byrd","floor":21.0,"turns":7.0},{"damage":4.0,"enemies":"theJungle:2_Phrogs","floor":23.0,"turns":7.0},{"damage":7.0,"enemies":"theJungle:MamaSnecko","floor":25.0,"turns":6.0},{"damage":0.0,"enemies":"theJungle:Snecko_Cultist_And_Trap","floor":29.0,"turns":6.0},{"damage":21.0,"enemies":"theJungle:TotemBoss","floor":33.0,"turns":10.0},{"damage":0.0,"enemies":"Orb Walker","floor":35.0,"turns":3.0},{"damage":0.0,"enemies":"Mind Bloom Boss Battle","floor":37.0,"turns":6.0},{"damage":0.0,"enemies":"3 Shapes","floor":38.0,"turns":5.0},{"damage":18.0,"enemies":"Giant Head","floor":40.0,"turns":10.0},{"damage":20.0,"enemies":"2 Orb Walkers","floor":41.0,"turns":8.0},{"damage":10.0,"enemies":"Nemesis","floor":45.0,"turns":7.0},{"damage":30.0,"enemies":"Jaw Worm Horde","floor":48.0,"turns":6.0},{"damage":45.0,"enemies":"Awakened One","floor":50.0,"turns":15.0},{"damage":52.0,"enemies":"Time Eater","floor":51.0,"turns":14.0},{"damage":37.0,"enemies":"Shield and Spear","floor":55.0,"turns":9.0},{"damage":56,"enemies":"The Heart","floor":56,"turns":6}],"seed_played":"-1120365264026273218","potions_obtained":[{"floor":7.0,"key":"SneckoOil"},{"floor":8.0,"key":"Energy Potion"},{"floor":14.0,"key":"GhostInAJar"},{"floor":21.0,"key":"Ancient Potion"}],"is_trial":false,"path_per_floor":["M","$","M","?","M","R","E","M","T","R","$","?","R","E","R","B",null,"M","$","?","M","?","E","R","E","T","R","?","M","$","T","R","B",null,"M","$","?","M","$","E","?","R","T","R","E","?","R","M","R","B","B",null,"R","$","E","B",null],"character_chosen":"THE_SILENT","items_purchased":["Purity","Acrobatics","Bronze Scales"],"campfire_rested":0,"item_purchase_floors":[11,36,54],"current_hp_per_floor":[42,42,39,39,39,39,12,12,12,12,12,12,12,2,2,2,50,48,48,48,48,48,44,44,37,37,37,37,37,37,37,37,16,54,54,54,54,66,66,62,60,60,60,60,63,51,51,39,39,64,66,66,66,66,66,40],"gold":65,"neow_bonus":"REMOVE_TWO","is_prod":false,"is_daily":false,"chose_seed":false,"campfire_upgraded":10,"win_rate":0,"timestamp":1548738031,"path_taken":["M","$","M","?","?","R","E","M","T","R","$","?","R","E","R","BOSS","M","$","?","M","?","E","R","E","T","R","?","?","$","?","R","BOSS","M","$","?","M","$","E","?","R","T","R","E","?","R","M","R","BOSS","BOSS","R","$","E","BOSS"],"build_version":"2019-01-23","purchased_purges":4,"victory":true,"max_hp_per_floor":[66,66,66,66,66,66,66,66,66,66,66,66,66,66,66,66,66,66,66,66,66,66,66,66,66,66,66,66,66,66,66,66,66,66,66,66,66,66,66,66,66,66,66,66,66,66,66,66,66,66,66,66,66,66,66,66],"card_choices":[{"not_picked":["Dagger Throw","Blade Dance","Heel Hook"],"picked":"SKIP","floor":1.0},{"not_picked":["Accuracy","Skewer"],"picked":"Deadly Poison","floor":3.0},{"not_picked":["PiercingWail","Poisoned Stab"],"picked":"Deadly Poison","floor":5.0},{"not_picked":["Predator","Glass Knife"],"picked":"Night Terror","floor":7.0},{"not_picked":["Poisoned Stab","Blade Dance"],"picked":"Well Laid Plans","floor":8.0},{"not_picked":["Tactician","Slice"],"picked":"Wraith Form v2","floor":14.0},{"not_picked":["Malaise","A Thousand Cuts"],"picked":"Adrenaline","floor":16.0},{"not_picked":["PiercingWail","Blade Dance","Accuracy"],"picked":"SKIP","floor":18.0},{"not_picked":["Blade Dance","Accuracy"],"picked":"PiercingWail","floor":18.0},{"not_picked":["Dagger Throw","Underhanded Strike"],"picked":"Noxious Fumes+1","floor":21.0},{"not_picked":["Noxious Fumes","Acrobatics"],"picked":"Tactician","floor":23.0},{"not_picked":["Outmaneuver","Escape Plan","PiercingWail"],"picked":"SKIP","floor":25.0},{"not_picked":["Deflect","Eviscerate"],"picked":"A Thousand Cuts","floor":29.0},{"not_picked":["Storm of Steel","A Thousand Cuts"],"picked":"Night Terror","floor":33.0},{"not_picked":["Blur"],"picked":"SKIP","floor":35.0},{"not_picked":["Bane"],"picked":"SKIP","floor":38.0},{"not_picked":["Cloak And Dagger+1"],"picked":"SKIP","floor":40.0},{"not_picked":[],"picked":"Caltrops","floor":41.0},{"not_picked":["Cloak And Dagger+1"],"picked":"SKIP","floor":45.0},{"not_picked":[],"picked":"Caltrops","floor":48.0},{"not_picked":["Prepared"],"picked":"SKIP","floor":55.0}],"player_experience":2362999,"relics_obtained":[{"floor":7.0,"key":"Boot"},{"floor":14.0,"key":"Anchor"},{"floor":23.0,"key":"War Paint"},{"floor":25.0,"key":"Shovel"},{"floor":26.0,"key":"Sundial"},{"floor":31.0,"key":"Spirit Poop"},{"floor":37.0,"key":"Bird Faced Urn"},{"floor":40.0,"key":"Meat on the Bone"},{"floor":41.0,"key":"Ginger"},{"floor":43.0,"key":"Bag of Marbles"},{"floor":45.0,"key":"Oddly Smooth Stone"},{"floor":53.0,"key":"Kunai"},{"floor":55.0,"key":"Pen Nib"}],"event_choices":[{"damage_healed":0.0,"max_hp_gain":0.0,"max_hp_loss":0.0,"gold_gain":0.0,"event_name":"Match and Keep!","player_choice":"2 cards matched","floor":4.0,"gold_loss":0.0,"damage_taken":0.0,"cards_obtained":["Neutralize","Glass Knife"]},{"cards_removed":["Strike_G"],"damage_healed":0.0,"max_hp_gain":0.0,"max_hp_loss":0.0,"gold_gain":0.0,"event_name":"Living Wall","player_choice":"Forget","floor":12.0,"gold_loss":0.0,"damage_taken":0.0},{"damage_healed":0.0,"max_hp_gain":0.0,"max_hp_loss":0.0,"gold_gain":0.0,"event_name":"MindBloom","player_choice":"Fight","floor":37.0,"gold_loss":0.0,"damage_taken":0.0},{"damage_healed":0.0,"max_hp_gain":0.0,"max_hp_loss":0.0,"gold_gain":0.0,"event_name":"Mysterious Sphere","player_choice":"Fight","floor":41.0,"gold_loss":0.0,"damage_taken":0.0},{"damage_healed":0.0,"max_hp_gain":0.0,"max_hp_loss":0.0,"gold_gain":0.0,"event_name":"Winding Halls","player_choice":"Embrace Madness","floor":46.0,"gold_loss":0.0,"damage_taken":12.0,"cards_obtained":["Madness","Madness"]}],"is_beta":false,"boss_relics":[{"not_picked":["WristBlade","Pandora\u0027s Box"],"picked":"Runic Pyramid"},{"not_picked":["Empty Cage","Runic Dome"],"picked":"Busted Crown"}],"items_purged_floors":[2,19,30,39],"is_endless":false,"potions_floor_spawned":[7,8,14,16,21,25,29,35,38,40,45],"ascension_level":21}