{"gold_per_floor":[113,113,113,133,49,49,20,20,20,20,45,69,69,90,90,181,181,205,99,122,137,31,31,74,74,74,74,24,37,37],"floor_reached":30,"playtime":623,"items_purged":["Strike_G","Strike_G","Strike_G"],"score":526,"play_id":"3969f830-4340-4e04-8f9f-0c6be2c31754","local_time":"20190226092912","is_ascension_mode":true,"campfire_choices":[{"data":"Well Laid Plans","floor":6.0,"key":"SMITH"},{"data":"Deadly Poison","floor":8.0,"key":"SMITH"},{"data":"Neutralize","floor":10.0,"key":"SMITH"},{"data":"Calculated Gamble","floor":13.0,"key":"SMITH"},{"data":"Grand Finale","floor":15.0,"key":"SMITH"},{"data":"Survivor","floor":23.0,"key":"SMITH"},{"floor":25.0,"key":"RECALL"},{"data":"Defend_G","floor":27.0,"key":"SMITH"}],"neow_cost":"TEN_PERCENT_HP_LOSS","seed_source_timestamp":0,"circlet_count":0,"master_deck":["AscendersBane","Defend_G+1","Defend_G","Defend_G","Defend_G","Defend_G","Strike_G","Strike_G","Survivor+1","Neutralize+1","Well Laid Plans+1","Deadly Poison+1","Calculated Gamble+1","Grand Finale+1"],"special_seed":0,"relics":["Ring of the Snake","Ginger","Golden Idol","Du-Vu Doll","Smiling Mask","Runic Dome","Singing Bowl","Toxic Egg 2"],"potions_floor_usage":[],"damage_taken":[{"damage":7.0,"enemies":"Small Slimes","floor":1.0,"turns":6.0},{"damage":12.0,"enemies":"Jaw Worm","floor":4.0,"turns":4.0},{"damage":1.0,"enemies":"Cultist","floor":11.0,"turns":3.0},{"damage":3.0,"enemies":"Looter","floor":12.0,"turns":3.0},{"damage":21.0,"enemies":"Exordium Thugs","floor":14.0,"turns":5.0},{"damage":2.0,"enemies":"The Guardian","floor":16.0,"turns":10.0},{"damage":21.0,"enemies":"Chosen","floor":18.0,"turns":5.0},{"damage":0.0,"enemies":"Spheric Guardian","floor":20.0,"turns":1.0},{"damage":5.0,"enemies":"Centurion and Healer","floor":21.0,"turns":4.0},{"damage":0.0,"enemies":"Slavers","floor":24.0,"turns":2.0},{"damage":19,"enemies":"Sentry and Sphere","floor":29,"turns":4},{"damage":0,"enemies":"Book of Stabbing","floor":30,"turns":2}],"seed_played":"-9027785788945561388","potions_obtained":[{"floor":11.0,"key":"Ancient Potion"},{"floor":14.0,"key":"SkillPotion"},{"floor":18.0,"key":"SkillPotion"},{"floor":20.0,"key":"AttackPotion"}],"is_trial":false,"path_per_floor":["M","?","T","M","$","R","$","R","T","R","M","M","R","M","R","B",null,"M","$","M","M","$","R","E","R","T","R","$","M","E"],"character_chosen":"THE_SILENT","items_purchased":["Well Laid Plans","Deadly Poison","Swift Potion","Fire Potion"],"campfire_rested":0,"item_purchase_floors":[5,7,19,22],"current_hp_per_floor":[52,52,52,40,40,40,40,40,40,40,39,36,36,15,15,13,44,23,23,23,18,18,18,20,20,20,20,20,3,3],"gold":37,"neow_bonus":"ONE_RARE_RELIC","is_prod":false,"is_daily":false,"chose_seed":false,"campfire_upgraded":7,"win_rate":0,"timestamp":1551144552,"path_taken":["M","?","?","M","$","R","$","R","T","R","M","?","R","M","R","BOSS","M","$","M","M","$","R","E","R","T","R","$","M","E"],"build_version":"2019-01-23","purchased_purges":3,"victory":false,"max_hp_per_floor":[60,54,54,54,54,54,54,54,54,54,54,54,54,54,54,54,54,54,54,54,54,54,54,56,56,56,56,56,58,58],"card_choices":[{"not_picked":["Dagger Spray","Dodge and Roll","Deflect"],"picked":"SKIP","floor":1.0},{"not_picked":["Setup","Blade Dance","Dagger Throw"],"picked":"SKIP","floor":4.0},{"not_picked":["Riddle With Holes","Sucker Punch"],"picked":"Calculated Gamble","floor":11.0},{"not_picked":["Quick Slash","PiercingWail","Blade Dance"],"picked":"SKIP","floor":12.0},{"not_picked":["Slice","Backstab"],"picked":"Grand Finale","floor":14.0},{"not_picked":["Flying Knee","Underhanded Strike","Dagger Throw"],"picked":"SKIP","floor":18.0},{"not_picked":["Dodge and Roll","Escape Plan","Dagger Throw"],"picked":"SKIP","floor":20.0},{"not_picked":["Leg Sweep","Flying Knee","Dagger Spray"],"picked":"SKIP","floor":21.0},{"not_picked":["Crippling Poison","Concentrate","Calculated Gamble"],"picked":"Singing Bowl","floor":24.0},{"not_picked":["Footwork+1","Deflect+1","Reflex+1"],"picked":"Singing Bowl","floor":29}],"player_experience":3150999,"relics_obtained":[{"floor":3.0,"key":"Du-Vu Doll"},{"floor":9.0,"key":"Smiling Mask"},{"floor":24.0,"key":"Singing Bowl"},{"floor":26.0,"key":"Toxic Egg 2"}],"event_choices":[{"damage_healed":0.0,"max_hp_gain":0.0,"max_hp_loss":6.0,"gold_gain":0.0,"event_name":"Golden Idol","player_choice":"Lose Max HP","floor":2.0,"gold_loss":0.0,"damage_taken":0.0,"relics_obtained":["Golden Idol"]}],"is_beta":false,"boss_relics":[{"not_picked":["Fusion Hammer","Eternal Feather"],"picked":"Runic Dome"}],"items_purged_floors":[19,22,28],"is_endless":false,"potions_floor_spawned":[11,14,18,20],"killed_by":"Book of Stabbing","ascension_level":20}