{"gold_per_floor":[110,129,139,151,161,188,188,202,202,172,75,100,114,42,42,144,144,161,171,190,49,61,61],"floor_reached":23,"playtime":1945,"items_purged":["Strike_R"],"score":290,"play_id":"8214e71c-b940-402c-b302-af0ce4077854","local_time":"20190528122558","is_ascension_mode":true,"campfire_choices":[{"data":"Demon Form","floor":7,"key":"SMITH"},{"data":"Armaments","floor":15,"key":"SMITH"}],"neow_cost":"NONE","seed_source_timestamp":0,"circlet_count":0,"master_deck":["Strike_R","Strike_R","Strike_R","Strike_R","Defend_R","Defend_R","Defend_R","Defend_R","Bash","Rampage","Flame Barrier","Sentinel","Shrug It Off","Rage","Demon Form+1","Shrug It Off","Armaments+1","Reaper","Headbutt","Metallicize","Immolate","Heavy Blade","Sword Boomerang+1","Ghostly Armor+1","Limit Break","Shockwave"],"special_seed":0,"relics":["Burning Blood","Blood Vial","Kunai","Calipers","Runic Pyramid"],"potions_floor_usage":[5,6,6,12,13,16,19,20],"damage_taken":[{"damage":1.0,"enemies":"Cultist","floor":1.0,"turns":3.0},{"damage":7.0,"enemies":"Small Slimes","floor":2.0,"turns":4.0},{"damage":7.0,"enemies":"Jaw Worm","floor":3.0,"turns":3.0},{"damage":5.0,"enemies":"2 Fungi Beasts","floor":4.0,"turns":4.0},{"damage":9,"enemies":"Large Slime","floor":5,"turns":6},{"damage":27,"enemies":"Gremlin Nob","floor":6,"turns":5},{"damage":2,"enemies":"Blue Slaver","floor":8,"turns":5},{"damage":14,"enemies":"3 Sentries","floor":12,"turns":8},{"damage":0,"enemies":"2 Fungi Beasts","floor":13,"turns":4},{"damage":24,"enemies":"Hexaghost","floor":16,"turns":7},{"damage":32,"enemies":"Shell Parasite","floor":18,"turns":5},{"damage":28,"enemies":"Spheric Guardian","floor":19,"turns":6},{"damage":30,"enemies":"3 Cultists","floor":20,"turns":5},{"damage":39,"enemies":"Shelled Parasite and Fungi","floor":22,"turns":12},{"damage":16,"enemies":"Gremlin Leader","floor":23,"turns":1}],"seed_played":"1981277428064567766","potions_obtained":[{"floor":1.0,"key":"Swift Potion"},{"floor":2.0,"key":"Strength Potion"},{"floor":4.0,"key":"AttackPotion"},{"floor":6,"key":"Swift Potion"},{"floor":10,"key":"FairyPotion"},{"floor":10,"key":"Explosive Potion"},{"floor":12,"key":"AttackPotion"},{"floor":13,"key":"Fire Potion"},{"floor":18,"key":"Ancient Potion"},{"floor":19,"key":"Explosive Potion"}],"is_trial":false,"path_per_floor":["M","M","M","M","M","E","R","M","T","?","$","E","M","$","R","B",null,"M","M","M","$","M","E"],"character_chosen":"IRONCLAD","items_purchased":["Armaments","Metallicize","Limit Break"],"campfire_rested":0,"item_purchase_floors":[11,14,21],"current_hp_per_floor":[85,84,83,84,81,60,60,66,66,66,66,60,72,72,72,56,80,56,40,26,26,11,0],"gold":61,"neow_bonus":"TEN_PERCENT_HP_BONUS","is_prod":false,"is_daily":false,"chose_seed":false,"campfire_upgraded":2,"win_rate":0,"timestamp":1559060758,"path_taken":["M","?","M","M","M","E","R","M","T","?","$","E","M","?","R","BOSS","M","?","M","?","?","E"],"build_version":"2019-01-23","purchased_purges":1,"victory":false,"max_hp_per_floor":[88,88,88,88,88,88,88,88,88,88,88,88,88,88,88,88,88,88,88,88,88,88,88],"card_choices":[{"not_picked":["Dropkick","Entrench"],"picked":"Rampage","floor":1.0},{"not_picked":["Corruption","Headbutt"],"picked":"Flame Barrier","floor":2.0},{"not_picked":["Carnage","Body Slam"],"picked":"Sentinel","floor":3.0},{"not_picked":["Dropkick","Thunderclap"],"picked":"Shrug It Off","floor":4.0},{"not_picked":["Perfected Strike","Iron Wave"],"picked":"Rage","floor":5},{"not_picked":["Battle Trance","Armaments"],"picked":"Demon Form","floor":6},{"not_picked":["Flex","Bloodletting"],"picked":"Shrug It Off","floor":8},{"not_picked":["Shrug It Off","Thunderclap"],"picked":"Reaper","floor":12},{"not_picked":["Wild Strike","Armaments"],"picked":"Headbutt","floor":13},{"not_picked":["Bludgeon","Berserk"],"picked":"Immolate","floor":16},{"not_picked":["Armaments+1","Inflame"],"picked":"Heavy Blade","floor":18},{"not_picked":["True Grit","Flex+1"],"picked":"Sword Boomerang+1","floor":19},{"not_picked":["Warcry","Sword Boomerang+1"],"picked":"Ghostly Armor+1","floor":20},{"not_picked":["Havoc","Clothesline+1"],"picked":"Shockwave","floor":22}],"player_experience":169477,"relics_obtained":[{"floor":6,"key":"Blood Vial"},{"floor":9,"key":"Kunai"},{"floor":12,"key":"Calipers"}],"event_choices":[{"damage_healed":0,"gold_gain":0,"player_choice":"Bought 2 Potions","damage_taken":0,"max_hp_gain":0,"max_hp_loss":0,"event_name":"The Woman in Blue","floor":10,"gold_loss":0}],"is_beta":false,"boss_relics":[{"not_picked":["Lizard Tail","Tiny House"],"picked":"Runic Pyramid"}],"items_purged_floors":[11],"is_endless":false,"potions_floor_spawned":[1,2,4,6,12,13,18,19],"killed_by":"Gremlin Leader","ascension_level":8}