{"gold_per_floor":[114,131,131,60,83,127,52,52,75,75,88,88,111,136,136,261,261,280,280,180,198,73,73,73],"floor_reached":24,"playtime":1616,"items_purged":["Defend_B","Strike_B","Strike_B"],"score":196,"play_id":"f51b29db-79ec-468e-8e23-520f2fbc24c0","local_time":"20180704000857","is_ascension_mode":false,"campfire_choices":[{"floor":8,"key":"REST"},{"data":"Self Repair","floor":10,"key":"SMITH"},{"data":"Self Repair","floor":15,"key":"SMITH"},{"data":"Zap","floor":23,"key":"SMITH"}],"neow_cost":"NONE","seed_source_timestamp":32451938568420,"circlet_count":0,"master_deck":["Defend_B","Zap+1","Dualcast","Static Discharge","Barrage","Self Repair+1","Capacitor","Ball Lightning","Beam Cell","Scrape","Self Repair+1","Multi-Cast","Seek","Force Field+1","Chaos+1","Darkness+1","White Noise","Undo"],"relics":["Nuclear Battery","Golden Idol","Bronze Scales","Oddly Smooth Stone","Astrolabe"],"potions_floor_usage":[11,21],"damage_taken":[{"damage":2,"enemies":"2 Louse","floor":1,"turns":3},{"damage":0,"enemies":"Small Slimes","floor":2,"turns":3},{"damage":6,"enemies":"Jaw Worm","floor":5,"turns":5},{"damage":31,"enemies":"Lagavulin","floor":6,"turns":8},{"damage":17,"enemies":"Exordium Thugs","floor":11,"turns":3},{"damage":9,"enemies":"Red Slaver","floor":13,"turns":3},{"damage":7,"enemies":"Blue Slaver","floor":14,"turns":3},{"damage":43,"enemies":"Slime Boss","floor":16,"turns":9},{"damage":31,"enemies":"2 Thieves","floor":18,"turns":3},{"damage":31,"enemies":"Chosen","floor":21,"turns":6},{"damage":53,"enemies":"Slavers","floor":24,"turns":3}],"seed_played":"-62848402783720288","potions_obtained":[{"floor":1,"key":"Explosive Potion"},{"floor":11,"key":"AttackPotion"},{"floor":13,"key":"FocusPotion"},{"floor":14,"key":"FairyPotion"}],"is_trial":false,"path_per_floor":["M","M","?","$","M","E","$","R","T","R","M","?","M","M","R","B",null,"M","?","$","M","$","R"],"character_chosen":"DEFECT","items_purchased":["Self Repair"],"campfire_rested":1,"item_purchase_floors":[4],"current_hp_per_floor":[73,73,55,55,56,32,32,54,54,54,47,47,48,58,58,35,75,54,54,54,43,43,43,0],"gold":73,"neow_bonus":"BOSS_RELIC","is_prod":false,"is_daily":false,"chose_seed":false,"campfire_upgraded":3,"win_rate":0,"timestamp":1530655737,"path_taken":["M","M","?","$","M","E","$","R","T","R","M","?","M","M","R","BOSS","M","?","$","M","$","R","E"],"build_version":"2018-06-28","purchased_purges":3,"victory":false,"max_hp_per_floor":[75,75,75,75,75,75,75,75,75,75,75,75,75,75,75,75,75,75,75,75,75,75,75,75],"card_choices":[{"not_picked":["Reprogram","Auto Shields"],"picked":"Static Discharge","floor":1},{"not_picked":["Leap","Rebound"],"picked":"Barrage","floor":2},{"not_picked":["Hologram","Consume"],"picked":"Capacitor","floor":5},{"not_picked":["Stack","Barrage"],"picked":"Ball Lightning","floor":6},{"not_picked":["Leap","Capacitor"],"picked":"Beam Cell","floor":11},{"not_picked":["Conserve Battery","Storm"],"picked":"Self Repair","floor":13},{"not_picked":["Auto Shields","Beam Cell"],"picked":"Multi-Cast","floor":14},{"not_picked":["Rainbow","Hyperbeam"],"picked":"Seek","floor":16},{"not_picked":["Rebound","Stack","Barrage"],"picked":"SKIP","floor":18},{"not_picked":["Redo+1","Beam Cell"],"picked":"Undo","floor":21}],"player_experience":304300,"relics_obtained":[{"floor":6,"key":"Bronze Scales"},{"floor":9,"key":"Oddly Smooth Stone"}],"event_choices":[{"event_name":"Golden Idol","player_choice":"Take Damage","floor":3,"damage_taken":0},{"event_name":"Living Wall","player_choice":"Change","floor":12,"damage_taken":0},{"event_name":"The Library","player_choice":"Read","floor":19,"damage_taken":0}],"boss_relics":[{"not_picked":["Ectoplasm","Empty Cage"],"picked":"Astrolabe"}],"items_purged_floors":[7,20,22],"is_endless":false,"potions_floor_spawned":[1,11,13,14],"killed_by":"Slavers","ascension_level":0}