{"gold_per_floor":[112,112,112,122,132,166,166,201,201,201,235,251,251,265,265,341,341,359,359,375,388,5,5,35,35,35,35,46,46,65,79,79,157,157,168,168,180,199,199,232,232,257,257,286,286,286,321,31,31,31,31,31,31,31,62,62],"floor_reached":57,"playtime":3953,"items_purged":["Defend_B+1"],"score":3466,"play_id":"63909107-705b-4219-95a2-3d1a8e616e71","local_time":"20190421143654","is_ascension_mode":true,"campfire_choices":[{"data":"Creative AI","floor":7.0,"key":"SMITH"},{"data":"Turbo","floor":10.0,"key":"SMITH"},{"floor":15.0,"key":"REST"},{"data":"Defragment","floor":23.0,"key":"SMITH"},{"data":"Skim","floor":27.0,"key":"SMITH"},{"data":"Turbo","floor":32.0,"key":"SMITH"},{"data":"Coolheaded","floor":41.0,"key":"SMITH"},{"floor":46,"key":"RECALL"}],"neow_cost":"CURSE","seed_source_timestamp":0,"circlet_count":0,"master_deck":["AscendersBane","Defend_B+1","Zap+1","Dualcast+1","Clumsy","Creative AI+1","Glacier+1","Hologram+1","Turbo+1","Capacitor+1","Heatsinks+1","Core Surge+1","Melter+1","Recycle+1","Hyperbeam+1","Heatsinks+1","Skim+1","Defragment+1","Defragment+1","Heatsinks+1","Coolheaded+1","Turbo+1","All For One+1","Fission+1","Rainbow+1","Coolheaded+1","Skim+1","Go for the Eyes+1"],"special_seed":0,"relics":["Cracked Core","Happy Flower","Mango","The Courier","Art of War","Astrolabe","Bag of Preparation","Bottled Lightning","Coffee Dripper","Dream Catcher","War Paint","Kunai","Dead Branch","Mark of the Bloom","Bottled Tornado","Cables","Mercury Hourglass"],"potions_floor_usage":[50,56],"damage_taken":[{"damage":0.0,"enemies":"Cultist","floor":1.0,"turns":5.0},{"damage":1.0,"enemies":"Small Slimes","floor":4.0,"turns":5.0},{"damage":0.0,"enemies":"Jaw Worm","floor":5.0,"turns":5.0},{"damage":25.0,"enemies":"Gremlin Nob","floor":6.0,"turns":5.0},{"damage":6.0,"enemies":"Lagavulin","floor":8.0,"turns":7.0},{"damage":23.0,"enemies":"3 Sentries","floor":11.0,"turns":7.0},{"damage":0.0,"enemies":"Looter","floor":12.0,"turns":4.0},{"damage":20.0,"enemies":"Exordium Thugs","floor":14.0,"turns":7.0},{"damage":21.0,"enemies":"Slime Boss","floor":16.0,"turns":12.0},{"damage":11.0,"enemies":"2 Thieves","floor":18.0,"turns":2.0},{"damage":5.0,"enemies":"3 Byrds","floor":20.0,"turns":3.0},{"damage":0.0,"enemies":"Centurion and Healer","floor":21.0,"turns":1.0},{"damage":0.0,"enemies":"Book of Stabbing","floor":24.0,"turns":6.0},{"damage":16.0,"enemies":"Cultist and Chosen","floor":28.0,"turns":8.0},{"damage":0.0,"enemies":"3 Cultists","floor":30.0,"turns":3.0},{"damage":14.0,"enemies":"Shelled Parasite and Fungi","floor":31.0,"turns":5.0},{"damage":0.0,"enemies":"Collector","floor":33.0,"turns":8.0},{"damage":0.0,"enemies":"3 Shapes","floor":35.0,"turns":4.0},{"damage":0.0,"enemies":"Orb Walker","floor":37.0,"turns":2.0},{"damage":0.0,"enemies":"Sphere and 2 Shapes","floor":38.0,"turns":1.0},{"damage":0.0,"enemies":"Reptomancer","floor":40.0,"turns":3.0},{"damage":0.0,"enemies":"Nemesis","floor":42.0,"turns":7.0},{"damage":0,"enemies":"Reptomancer","floor":44,"turns":4},{"damage":0,"enemies":"Giant Head","floor":47,"turns":3},{"damage":0,"enemies":"Awakened One","floor":50,"turns":5},{"damage":0,"enemies":"Time Eater","floor":51,"turns":7},{"damage":0,"enemies":"Shield and Spear","floor":55,"turns":2},{"damage":44,"enemies":"The Heart","floor":56,"turns":7}],"seed_played":"5354780787009288251","potions_obtained":[{"floor":1.0,"key":"FearPotion"},{"floor":5.0,"key":"FocusPotion"},{"floor":6.0,"key":"Swift Potion"},{"floor":13.0,"key":"Energy Potion"},{"floor":13.0,"key":"Regen Potion"},{"floor":16.0,"key":"FearPotion"},{"floor":21.0,"key":"LiquidBronze"},{"floor":38.0,"key":"GamblersBrew"}],"is_trial":false,"path_per_floor":["M","?","?","M","M","E","R","E","T","R","E","M","?","M","R","B",null,"M","?","M","M","$","R","E","?","T","R","M","$","M","M","R","B",null,"M","?","M","M","?","E","R","E","T","E","?","R","E","$","R","B","B",null,"R","$","E","B",null],"character_chosen":"DEFECT","items_purchased":["Bag of Preparation","Defragment","Defragment","Heatsinks","Coolheaded","SpeedPotion","Cables"],"campfire_rested":1,"item_purchase_floors":[22,22,22,22,22,22,48],"current_hp_per_floor":[64,64,69,68,68,43,43,51,51,51,28,28,28,23,50,29,75,64,64,59,59,59,59,59,59,59,59,43,43,43,29,29,29,75,75,75,75,75,75,75,75,75,75,75,75,75,75,75,75,75,75,75,75,75,75,31],"gold":62,"neow_bonus":"TRANSFORM_TWO_CARDS","is_prod":false,"is_daily":false,"chose_seed":false,"campfire_upgraded":6,"win_rate":0,"timestamp":1555828614,"path_taken":["M","?","?","?","M","E","R","E","T","R","E","M","?","?","R","BOSS","M","?","M","M","$","R","E","?","T","R","M","$","M","M","R","BOSS","M","?","M","?","?","E","R","E","T","E","?","R","E","$","R","BOSS","BOSS","R","$","E","BOSS"],"build_version":"2019-01-23","purchased_purges":1,"victory":true,"max_hp_per_floor":[71,71,76,76,76,76,76,90,90,90,90,90,90,90,90,90,90,90,90,90,90,90,90,90,90,90,90,90,90,90,90,90,90,90,90,90,90,90,85,85,85,85,85,85,85,85,85,85,85,85,85,85,85,85,85,85],"card_choices":[{"not_picked":["Stack","Compile Driver","Steam Power"],"picked":"SKIP","floor":1.0},{"not_picked":["Doom and Gloom","Rebound"],"picked":"Hologram","floor":4.0},{"not_picked":["BootSequence","Loop"],"picked":"Turbo","floor":5.0},{"not_picked":["Chill","Streamline"],"picked":"Capacitor","floor":6.0},{"not_picked":["Aggregate","Hologram","Fusion"],"picked":"SKIP","floor":8.0},{"not_picked":["Ball Lightning","Barrage"],"picked":"Heatsinks","floor":11.0},{"not_picked":["Conserve Battery","Streamline","Turbo"],"picked":"SKIP","floor":12.0},{"not_picked":["BootSequence","Cold Snap","Fusion"],"picked":"SKIP","floor":14.0},{"not_picked":["Fission","Hyperbeam"],"picked":"Core Surge","floor":16.0},{"not_picked":["Undo","Gash"],"picked":"Heatsinks+1","floor":18.0},{"not_picked":["Darkness+1","Conserve Battery"],"picked":"Skim","floor":20.0},{"not_picked":["Sweeping Beam","Steam","Cold Snap"],"picked":"SKIP","floor":21.0},{"not_picked":["Stack","Hello World","Leap+1"],"picked":"SKIP","floor":24.0},{"not_picked":["Chaos","Melter"],"picked":"Turbo","floor":28.0},{"not_picked":["Static Discharge","Genetic Algorithm"],"picked":"All For One","floor":30.0},{"not_picked":["Go for the Eyes","Sweeping Beam","Redo"],"picked":"SKIP","floor":31.0},{"not_picked":["Reboot","Echo Form"],"picked":"Fission","floor":33.0},{"not_picked":["Ball Lightning","Leap","Gash+1"],"picked":"SKIP","floor":35.0},{"not_picked":["Coolheaded","Barrage","Reprogram+1"],"picked":"SKIP","floor":37.0},{"not_picked":["Go for the Eyes","Beam Cell+1"],"picked":"Rainbow","floor":38.0},{"not_picked":["Barrage+1","Leap","Ball Lightning+1"],"picked":"SKIP","floor":40.0},{"not_picked":["Recycle","Go for the Eyes"],"picked":"Coolheaded+1","floor":42.0},{"not_picked":["Steam Power+1","Chaos","Hyperbeam"],"picked":"SKIP","floor":44},{"not_picked":["Thunder Strike","Coolheaded"],"picked":"Skim+1","floor":47},{"not_picked":["Gash","Coolheaded"],"picked":"Go for the Eyes+1","floor":55}],"player_experience":4484195,"relics_obtained":[{"floor":6.0,"key":"Happy Flower"},{"floor":8.0,"key":"Mango"},{"floor":9.0,"key":"The Courier"},{"floor":11.0,"key":"Art of War"},{"floor":24.0,"key":"Bottled Lightning"},{"floor":40.0,"key":"Dream Catcher"},{"floor":42.0,"key":"War Paint"},{"floor":43.0,"key":"Kunai"},{"floor":44,"key":"Dead Branch"},{"floor":47,"key":"Bottled Tornado"},{"floor":55,"key":"Mercury Hourglass"}],"event_choices":[{"damage_healed":0.0,"max_hp_gain":0.0,"max_hp_loss":0.0,"gold_gain":0.0,"event_name":"Living Wall","player_choice":"Grow","floor":2.0,"gold_loss":0.0,"damage_taken":0.0,"cards_upgraded":["Dualcast"]},{"damage_healed":0.0,"max_hp_gain":5.0,"max_hp_loss":0.0,"gold_gain":0.0,"event_name":"Big Fish","player_choice":"Donut","floor":3.0,"gold_loss":0.0,"damage_taken":0.0},{"damage_healed":0.0,"max_hp_gain":0.0,"max_hp_loss":0.0,"gold_gain":0.0,"event_name":"Lab","player_choice":"Got Potions","floor":13.0,"gold_loss":0.0,"damage_taken":0.0},{"damage_healed":0.0,"max_hp_gain":0.0,"max_hp_loss":0.0,"gold_gain":0.0,"event_name":"Vampires","player_choice":"Ignored","floor":19.0,"gold_loss":0.0,"damage_taken":0.0},{"damage_healed":0.0,"max_hp_gain":0.0,"max_hp_loss":0.0,"gold_gain":0.0,"event_name":"Beggar","player_choice":"Ignored","floor":25.0,"gold_loss":0.0,"damage_taken":0.0},{"cards_removed":["Defend_B"],"damage_healed":0.0,"max_hp_gain":0.0,"max_hp_loss":0.0,"gold_gain":0.0,"event_name":"Purifier","player_choice":"Purged","floor":36.0,"gold_loss":0.0,"damage_taken":0.0},{"damage_healed":0.0,"max_hp_gain":0.0,"max_hp_loss":5.0,"gold_gain":0.0,"event_name":"Winding Halls","player_choice":"Max HP","floor":39.0,"gold_loss":0.0,"damage_taken":0.0},{"damage_healed":0,"gold_gain":0,"player_choice":"Upgrade","damage_taken":0,"relics_obtained":["Mark of the Bloom"],"max_hp_gain":0,"max_hp_loss":0,"event_name":"MindBloom","floor":45,"gold_loss":0,"cards_upgraded":["Defend_B","Zap","Glacier","Hologram","Capacitor","Heatsinks","Core Surge","Defragment","Heatsinks","All For One","Rainbow"]}],"is_beta":false,"boss_relics":[{"not_picked":["Eternal Feather","Philosopher\u0027s Stone"],"picked":"Astrolabe"},{"not_picked":["Busted Crown","Empty Cage"],"picked":"Coffee Dripper"}],"items_purged_floors":[48],"is_endless":false,"potions_floor_spawned":[1,5,6,16,18,21,24,33,37,38,42,47],"ascension_level":20}