{"gold_per_floor":[365,379,24,40,40,40,53,53,106,106,181,181,194,205,205,205],"floor_reached":16,"playtime":297,"items_purged":[],"score":156,"play_id":"ba9e8ab0-0366-4419-9e70-0cfcc3fb7914","local_time":"20181012212712","is_ascension_mode":true,"campfire_choices":[{"data":"Feed","floor":6,"key":"SMITH"},{"data":"Rupture","floor":8,"key":"SMITH"},{"data":"Perfected Strike","floor":10,"key":"SMITH"},{"data":"Clash","floor":12,"key":"SMITH"},{"data":"Clash","floor":15,"key":"SMITH"}],"neow_cost":"CURSE","seed_source_timestamp":6899250795585,"circlet_count":0,"master_deck":["Strike_R","Strike_R","Strike_R","Strike_R","Strike_R","Defend_R","Defend_R","Defend_R","Defend_R","Bash","AscendersBane","Pain","Perfected Strike+1","Rupture+1","Feed+1","Clash","Clash+1","Brutality","Clash+1"],"relics":["Burning Blood","Pen Nib","Gremlin Horn","Tiny Chest"],"potions_floor_usage":[16],"damage_taken":[{"damage":8,"enemies":"Cultist","floor":1,"turns":4},{"damage":17,"enemies":"Small Slimes","floor":2,"turns":3},{"damage":5,"enemies":"2 Louse","floor":4,"turns":3},{"damage":14,"enemies":"Blue Slaver","floor":7,"turns":3},{"damage":4,"enemies":"Red Slaver","floor":13,"turns":2},{"damage":19,"enemies":"Lots of Slimes","floor":14,"turns":5},{"damage":37,"enemies":"Hexaghost","floor":16,"turns":7}],"seed_played":"1317916748899199670","potions_obtained":[{"floor":2,"key":"LiquidBronze"},{"floor":14,"key":"Poison Potion"}],"is_trial":false,"path_per_floor":["M","M","$","M","T","R","M","R","T","R","?","R","M","M","R"],"character_chosen":"IRONCLAD","items_purchased":["Rupture","Feed","Pen Nib"],"campfire_rested":0,"item_purchase_floors":[3,3,3],"current_hp_per_floor":[66,55,55,59,59,59,51,51,51,51,40,40,42,33,33,0],"gold":205,"neow_bonus":"TWO_FIFTY_GOLD","is_prod":false,"is_daily":false,"chose_seed":false,"campfire_upgraded":5,"win_rate":0,"timestamp":1539350832,"path_taken":["M","M","$","?","?","R","M","R","T","R","?","R","M","?","R","BOSS"],"build_version":"2018-10-11","purchased_purges":0,"victory":false,"max_hp_per_floor":[75,75,75,78,78,78,78,78,78,78,78,78,78,82,82,82],"card_choices":[{"not_picked":["Clothesline","Fire Breathing"],"picked":"Perfected Strike","floor":1},{"not_picked":["Feel No Pain","Heavy Blade","Thunderclap"],"picked":"SKIP","floor":2},{"not_picked":["Havoc","Thunderclap"],"picked":"Clash","floor":4},{"not_picked":["Clothesline","Pommel Strike"],"picked":"Clash","floor":7},{"not_picked":["Sever Soul","Flex"],"picked":"Brutality","floor":13},{"not_picked":["Sword Boomerang","Twin Strike"],"picked":"Clash","floor":14}],"player_experience":131843,"relics_obtained":[{"floor":5,"key":"Gremlin Horn"},{"floor":9,"key":"Tiny Chest"}],"event_choices":[{"event_name":"World of Goop","player_choice":"Gather Gold","floor":11,"damage_taken":0}],"is_beta":false,"boss_relics":[],"items_purged_floors":[],"is_endless":false,"potions_floor_spawned":[2,14],"killed_by":"Hexaghost","ascension_level":14}