{"gold_per_floor":[413,413,433,142,142,142,175,175,198,217,229,229,229,279,279,375,375,389,408,408,442,452,452,487,214,214,214,129,129,160,173,173,252,252,272,494,494,329,343,343,193,226,251,263,59,59,59,77,77,77,77],"floor_reached":52,"playtime":2064,"items_purged":["Strike_B","Rebound+1","Doom and Gloom+1","FTL"],"score":1899,"play_id":"0c8d157b-75c0-4f08-91fb-5afbe526944c","local_time":"20190612233125","is_ascension_mode":true,"campfire_choices":[{"data":"Doom and Gloom","floor":6.0,"key":"SMITH"},{"data":"Darkness","floor":8.0,"key":"SMITH"},{"data":"Dualcast","floor":13.0,"key":"SMITH"},{"data":"Hologram","floor":15.0,"key":"SMITH"},{"data":"Redo","floor":23.0,"key":"SMITH"},{"floor":27.0,"key":"REST"},{"data":"Fission","floor":29.0,"key":"SMITH"},{"data":"Coolheaded","floor":32.0,"key":"SMITH"},{"data":"Recycle","floor":40.0,"key":"SMITH"},{"floor":44.0,"key":"DIG"},{"floor":46.0,"key":"DIG"},{"data":"Reboot","floor":49,"key":"SMITH"}],"neow_cost":"TEN_PERCENT_HP_LOSS","seed_source_timestamp":44748620713013,"circlet_count":0,"master_deck":["AscendersBane","Zap+1","Dualcast+1","Hologram+1","Genetic Algorithm","Undo","Darkness+1","Fission+1","Reboot+1","Genetic Algorithm","Redo+1","Coolheaded+1","Seek","Recycle+1"],"special_seed":0,"relics":["Cracked Core","Old Coin","Mango","Art of War","Bloody Idol","Pandora\u0027s Box","Red Mask","Whetstone","Bag of Preparation","Shovel","Centennial Puzzle","Cursed Key","Omamori","MawBank","The Courier","Cables","Smiling Mask"],"potions_floor_usage":[],"damage_taken":[{"damage":2.0,"enemies":"2 Louse","floor":1.0,"turns":3.0},{"damage":1.0,"enemies":"Cultist","floor":3.0,"turns":3.0},{"damage":31.0,"enemies":"Gremlin Nob","floor":7.0,"turns":4.0},{"damage":5.0,"enemies":"Small Slimes","floor":10.0,"turns":3.0},{"damage":0.0,"enemies":"Blue Slaver","floor":11.0,"turns":3.0},{"damage":0.0,"enemies":"The Guardian","floor":16.0,"turns":8.0},{"damage":0.0,"enemies":"Chosen","floor":18.0,"turns":3.0},{"damage":0.0,"enemies":"3 Byrds","floor":19.0,"turns":4.0},{"damage":21.0,"enemies":"Masked Bandits","floor":21.0,"turns":3.0},{"damage":0.0,"enemies":"Centurion and Healer","floor":22.0,"turns":5.0},{"damage":38.0,"enemies":"Book of Stabbing","floor":24.0,"turns":4.0},{"damage":18.0,"enemies":"Slavers","floor":30.0,"turns":4.0},{"damage":0.0,"enemies":"Snecko","floor":31.0,"turns":4.0},{"damage":29.0,"enemies":"Automaton","floor":33.0,"turns":8.0},{"damage":0.0,"enemies":"Orb Walker","floor":35.0,"turns":3.0},{"damage":0.0,"enemies":"3 Darklings","floor":39.0,"turns":3.0},{"damage":1.0,"enemies":"Nemesis","floor":42.0,"turns":5.0},{"damage":0.0,"enemies":"4 Shapes","floor":48.0,"turns":4.0},{"damage":13,"enemies":"Donu and Deca","floor":50,"turns":6},{"damage":25,"enemies":"Awakened One","floor":51,"turns":11}],"seed_played":"-7111800639602277943","potions_obtained":[{"floor":7.0,"key":"Strength Potion"},{"floor":19.0,"key":"FocusPotion"},{"floor":30.0,"key":"SteroidPotion"},{"floor":42.0,"key":"FearPotion"}],"is_trial":false,"path_per_floor":["M","?","M","$","?","R","E","R","T","M","M","?","R","?","R","B",null,"M","M","?","?","M","R","E","$","T","R","?","R","E","M","R","B",null,"M","?","?","$","M","R","$","E","T","R","$","R","?","M","R","B","B",null],"character_chosen":"DEFECT","items_purchased":["Doom and Gloom","Undo","Poison Potion","Bag of Preparation","Recycle","Cables"],"campfire_rested":1,"item_purchase_floors":[4,4,4,25,38,45],"current_hp_per_floor":[62,62,61,61,54,54,37,37,37,32,32,32,32,32,32,32,61,61,61,61,45,50,50,17,17,17,38,38,38,25,30,30,6,55,60,65,65,65,70,70,70,71,71,71,71,71,71,71,71,58,33],"gold":77,"neow_bonus":"ONE_RARE_RELIC","is_prod":false,"is_daily":false,"chose_seed":false,"campfire_upgraded":9,"win_rate":0,"timestamp":1560353485,"path_taken":["M","?","?","$","?","R","E","R","T","M","M","?","R","?","R","BOSS","M","?","?","?","M","R","E","$","T","R","?","R","E","M","R","BOSS","M","?","?","$","M","R","?","E","T","R","$","R","?","M","R","BOSS","BOSS"],"build_version":"2019-01-23","purchased_purges":4,"victory":true,"max_hp_per_floor":[64,64,64,64,64,64,78,78,78,78,78,71,71,71,71,71,71,71,71,71,71,71,71,71,71,71,71,71,71,71,71,71,71,71,71,71,71,71,71,71,71,71,71,71,71,71,71,71,71,71,71],"card_choices":[{"not_picked":["Redo","Barrage"],"picked":"Hologram","floor":1.0},{"not_picked":["Go for the Eyes","Rebound"],"picked":"Genetic Algorithm","floor":3.0},{"not_picked":["Recycle","Cold Snap"],"picked":"Darkness","floor":7.0},{"not_picked":["Leap","Steam Power","Conserve Battery"],"picked":"SKIP","floor":10.0},{"not_picked":["Ball Lightning","Stack","Hologram"],"picked":"SKIP","floor":11.0},{"not_picked":["Biased Cognition","Reboot"],"picked":"Fission","floor":16.0},{"not_picked":["Rebound","Stack"],"picked":"Redo","floor":18.0},{"not_picked":["Heatsinks","Stack"],"picked":"Coolheaded","floor":19.0},{"not_picked":["Lockon+1","Sweeping Beam","Coolheaded"],"picked":"SKIP","floor":22.0},{"not_picked":["Melter","Reprogram","Rebound"],"picked":"SKIP","floor":24.0},{"not_picked":["Rebound","Heatsinks","Amplify"],"picked":"SKIP","floor":30.0},{"not_picked":["Conserve Battery","Hologram","Defragment"],"picked":"SKIP","floor":31.0},{"not_picked":["Echo Form","Thunder Strike"],"picked":"Seek","floor":33.0},{"not_picked":["Heatsinks","Storm+1","Sweeping Beam+1"],"picked":"SKIP","floor":35.0},{"not_picked":["Ball Lightning","Heatsinks","Barrage+1"],"picked":"SKIP","floor":39.0},{"not_picked":["Streamline","Blizzard","Auto Shields"],"picked":"SKIP","floor":42.0},{"not_picked":["Compile Driver","Melter","Consume"],"picked":"SKIP","floor":48.0}],"player_experience":5122639,"relics_obtained":[{"floor":7.0,"key":"Mango"},{"floor":9.0,"key":"Art of War"},{"floor":21.0,"key":"Red Mask"},{"floor":24.0,"key":"Whetstone"},{"floor":30.0,"key":"Centennial Puzzle"},{"floor":42.0,"key":"Omamori"},{"floor":43.0,"key":"MawBank"},{"floor":44.0,"key":"The Courier"},{"floor":46.0,"key":"Smiling Mask"}],"event_choices":[{"damage_healed":0.0,"max_hp_gain":0.0,"max_hp_loss":0.0,"gold_gain":0.0,"event_name":"Upgrade Shrine","player_choice":"Upgraded","floor":2.0,"gold_loss":0.0,"damage_taken":0.0,"cards_upgraded":["Zap"]},{"cards_removed":["Strike_B"],"damage_healed":0.0,"max_hp_gain":0.0,"max_hp_loss":0.0,"gold_gain":0.0,"event_name":"Golden Wing","player_choice":"Card Removal","floor":5.0,"gold_loss":0.0,"damage_taken":7.0},{"damage_healed":0.0,"max_hp_gain":0.0,"max_hp_loss":7.0,"gold_gain":0.0,"event_name":"Golden Idol","player_choice":"Lose Max HP","floor":12.0,"gold_loss":0.0,"damage_taken":0.0,"relics_obtained":["Golden Idol"]},{"damage_healed":0.0,"max_hp_gain":0.0,"max_hp_loss":0.0,"gold_gain":50.0,"event_name":"Golden Shrine","player_choice":"Pray","floor":14.0,"gold_loss":0.0,"damage_taken":0.0},{"damage_healed":0.0,"max_hp_gain":0.0,"max_hp_loss":0.0,"gold_gain":0.0,"event_name":"Forgotten Altar","player_choice":"Gave Idol","floor":20.0,"relics_lost":["Golden Idol"],"gold_loss":0.0,"damage_taken":0.0,"relics_obtained":["Bloody Idol"]},{"damage_healed":0.0,"max_hp_gain":0.0,"max_hp_loss":0.0,"gold_gain":0.0,"event_name":"Masked Bandits","player_choice":"Fought Bandits","floor":21.0,"gold_loss":0.0,"damage_taken":0.0},{"damage_healed":0.0,"max_hp_gain":0.0,"max_hp_loss":0.0,"gold_gain":0.0,"event_name":"Addict","player_choice":"Obtained Relic","floor":28.0,"gold_loss":85.0,"damage_taken":0.0,"relics_obtained":["Shovel"]},{"damage_healed":0.0,"max_hp_gain":0.0,"max_hp_loss":0.0,"gold_gain":222.0,"event_name":"Tomb of Lord Red Mask","player_choice":"Wore Mask","floor":36.0,"gold_loss":0.0,"damage_taken":0.0},{"cards_removed":["Stack"],"damage_healed":0.0,"max_hp_gain":0.0,"max_hp_loss":0.0,"gold_gain":0.0,"event_name":"Falling","player_choice":"Removed Skill","floor":37.0,"gold_loss":0.0,"damage_taken":0.0},{"cards_removed":["FTL"],"damage_healed":0.0,"max_hp_gain":0.0,"max_hp_loss":0.0,"gold_gain":0.0,"event_name":"Bonfire Elementals","player_choice":"Offered Uncommon","floor":47.0,"gold_loss":0.0,"damage_taken":0.0}],"is_beta":false,"boss_relics":[{"not_picked":["White Beast Statue","Sozu"],"picked":"Pandora\u0027s Box"},{"not_picked":["Lizard Tail","Calling Bell"],"picked":"Cursed Key"}],"items_purged_floors":[4,25,38,41],"is_endless":false,"potions_floor_spawned":[7,11,19,21,22,30,42,48],"ascension_level":20}