{"gold_per_floor":[109,109,128,147,163,163,88,88,88,104,4,59,59,71,71,71],"floor_reached":16,"playtime":502,"items_purged":["Defend_G","Strike_G"],"score":170,"play_id":"045cf3db-aea4-47a1-af01-c35d81bf4b81","local_time":"20181113223737","is_ascension_mode":true,"campfire_choices":[{"data":"Neutralize","floor":6,"key":"SMITH"},{"data":"Reflex","floor":8,"key":"SMITH"},{"floor":15,"key":"REST"}],"neow_cost":"PERCENT_DAMAGE","seed_source_timestamp":7911892694606,"circlet_count":0,"master_deck":["AscendersBane","Defend_G","Defend_G","Defend_G","Strike_G","Survivor","Neutralize+1","Heel Hook","Reflex+1","Sucker Punch","Adrenaline","Quick Slash"],"relics":["Ring of the Snake","Blue Candle","Blood Vial"],"potions_floor_usage":[16],"damage_taken":[{"damage":4,"enemies":"Jaw Worm","floor":1,"turns":6},{"damage":3,"enemies":"Cultist","floor":3,"turns":5},{"damage":0,"enemies":"2 Louse","floor":4,"turns":4},{"damage":3,"enemies":"Looter","floor":5,"turns":4},{"damage":8,"enemies":"3 Louse","floor":10,"turns":6},{"damage":6,"enemies":"Exordium Wildlife","floor":14,"turns":8},{"damage":24,"enemies":"Slime Boss","floor":16,"turns":9}],"seed_played":"-867728884102785699","potions_obtained":[{"floor":1,"key":"Ancient Potion"},{"floor":5,"key":"Weak Potion"},{"floor":10,"key":"Fire Potion"}],"is_trial":false,"path_per_floor":["M","?","M","M","M","R","$","R","T","M","$","T","?","M","R","B"],"character_chosen":"THE_SILENT","items_purchased":[],"campfire_rested":1,"item_purchase_floors":[],"current_hp_per_floor":[40,40,37,37,34,34,34,34,34,26,26,26,19,15,34,12],"gold":71,"neow_bonus":"TRANSFORM_TWO_CARDS","is_prod":false,"is_daily":false,"chose_seed":false,"campfire_upgraded":2,"win_rate":0,"timestamp":1542119857,"path_taken":["M","?","?","M","M","R","$","R","T","M","$","?","?","M","R","BOSS"],"build_version":"2018-11-12","purchased_purges":2,"victory":false,"max_hp_per_floor":[66,66,66,66,66,66,66,66,66,66,66,66,66,66,66,66],"card_choices":[{"not_picked":["Reflex","Cloak And Dagger","Deflect"],"picked":"SKIP","floor":1},{"not_picked":["Catalyst","Backflip"],"picked":"Sucker Punch","floor":3},{"not_picked":["Underhanded Strike","Catalyst","Blade Dance"],"picked":"SKIP","floor":4},{"not_picked":["Flying Knee","Skewer","Sucker Punch"],"picked":"SKIP","floor":5},{"not_picked":["Sucker Punch","Flechettes"],"picked":"Adrenaline","floor":10},{"not_picked":["Cloak And Dagger","Caltrops"],"picked":"Quick Slash","floor":14}],"player_experience":1046338,"relics_obtained":[{"floor":9,"key":"Blue Candle"},{"floor":12,"key":"Blood Vial"}],"event_choices":[{"cards_removed":["Strike_G"],"damage_healed":0,"gold_gain":0,"player_choice":"Offered Basic","damage_taken":0,"max_hp_gain":0,"max_hp_loss":0,"event_name":"Bonfire Elementals","floor":2,"gold_loss":0},{"cards_removed":["Defend_G"],"damage_healed":0,"gold_gain":0,"player_choice":"Card Removal","damage_taken":7,"max_hp_gain":0,"max_hp_loss":0,"event_name":"Golden Wing","floor":13,"gold_loss":0}],"is_beta":true,"boss_relics":[],"items_purged_floors":[7,11],"is_endless":false,"potions_floor_spawned":[1,5,10],"killed_by":"Slime Boss","ascension_level":17}