{"gold_per_floor":[119,134,134,154,173,205,205,205,229,256,278,290,66,66,66,169,169,187,199,229,77,93,93,43,57,108,142,142,169,269,281,281,281],"floor_reached":33,"playtime":3185,"items_purged":["Strike_R","Strike_R"],"score":294,"play_id":"cdec09aa-5384-4d04-8f24-fd4d3b25e8ea","local_time":"20190713215000","is_ascension_mode":true,"campfire_choices":[{"data":"Whirlwind","floor":8,"key":"SMITH"},{"data":"Shockwave","floor":12,"key":"SMITH"},{"floor":15,"key":"REST"},{"floor":23,"key":"REST"},{"floor":28,"key":"REST"},{"floor":32,"key":"REST"}],"neow_cost":"PERCENT_DAMAGE","seed_source_timestamp":17680447858876,"circlet_count":0,"master_deck":["Strike_R","Defend_R","Defend_R","Defend_R","Defend_R","Bash","Shrug It Off","Metallicize","Whirlwind+1","Shockwave+1","Shrug It Off","Impervious","Infernal Blade","Uppercut","Bloodletting","Juggernaut","Metallicize","Battle Trance","Anger","Ghostly Armor","Impervious","Clash+1","Power Through","Clash","Dual Wield"],"relics":["Black Blood","Nunchaku","Dream Catcher","Lantern","MawBank","Red Mask","Blood Vial","Ornamental Fan","Orichalcum"],"potions_floor_usage":[6,20,22,27],"damage_taken":[{"damage":3,"enemies":"2 Louse","floor":1,"turns":4},{"damage":1,"enemies":"Small Slimes","floor":2,"turns":4},{"damage":0,"enemies":"Cultist","floor":4,"turns":5},{"damage":9,"enemies":"2 Fungi Beasts","floor":5,"turns":3},{"damage":20,"enemies":"Gremlin Nob","floor":6,"turns":5},{"damage":10,"enemies":"Blue Slaver","floor":10,"turns":2},{"damage":0,"enemies":"Lots of Slimes","floor":11,"turns":2},{"damage":58,"enemies":"The Guardian","floor":16,"turns":17},{"damage":17,"enemies":"Shell Parasite","floor":18,"turns":10},{"damage":51,"enemies":"3 Byrds","floor":19,"turns":8},{"damage":19,"enemies":"Masked Bandits","floor":20,"turns":4},{"damage":14,"enemies":"Centurion and Healer","floor":22,"turns":6},{"damage":24,"enemies":"Snecko","floor":25,"turns":8},{"damage":17,"enemies":"Slavers","floor":27,"turns":7},{"damage":15,"enemies":"Sentry and Sphere","floor":31,"turns":8},{"damage":77,"enemies":"Champ","floor":33,"turns":13}],"seed_played":"6431315442500898527","potions_obtained":[{"floor":2,"key":"Poison Potion"},{"floor":5,"key":"Dexterity Potion"},{"floor":11,"key":"Energy Potion"},{"floor":18,"key":"EssenceOfSteel"},{"floor":25,"key":"LiquidBronze"}],"is_trial":false,"path_per_floor":["M","M","?","M","M","E","?","R","T","M","M","R","$","?","R","B",null,"M","M","?","$","M","R","?","M","T","E","R","T","?","M","R","B"],"character_chosen":"IRONCLAD","items_purchased":["Infernal Blade","Uppercut","Anger"],"campfire_rested":4,"item_purchase_floors":[13,13,21],"current_hp_per_floor":[59,64,64,70,67,53,53,53,53,49,55,55,55,48,72,20,80,73,32,23,23,19,43,43,29,29,24,48,48,48,45,69,0],"gold":281,"neow_bonus":"ONE_RARE_RELIC","is_prod":false,"is_daily":false,"chose_seed":false,"campfire_upgraded":2,"win_rate":0,"timestamp":1563072600,"path_taken":["M","M","?","M","M","E","?","R","T","M","?","R","$","?","R","BOSS","M","M","?","$","M","R","?","?","T","E","R","?","?","M","R","BOSS"],"build_version":"2019-07-05","purchased_purges":2,"victory":false,"max_hp_per_floor":[80,80,80,80,80,80,80,80,80,80,80,80,80,80,80,80,80,80,80,80,80,80,80,80,80,80,80,80,80,80,80,80,80],"card_choices":[{"not_picked":["Flex","Perfected Strike","Iron Wave"],"picked":"SKIP","floor":1},{"not_picked":["Sword Boomerang","Heavy Blade"],"picked":"Shrug It Off","floor":2},{"not_picked":["Wild Strike","Burning Pact"],"picked":"Whirlwind","floor":4},{"not_picked":["Dual Wield","Evolve"],"picked":"Shockwave","floor":5},{"not_picked":["Dropkick","Body Slam"],"picked":"Shrug It Off","floor":6},{"not_picked":["Dual Wield","Thunderclap"],"picked":"Impervious","floor":10},{"not_picked":["Warcry","Spot Weakness","Wild Strike"],"picked":"SKIP","floor":11},{"not_picked":["Sword Boomerang","Clothesline"],"picked":"Bloodletting","floor":15},{"not_picked":["Brutality","Reaper"],"picked":"Juggernaut","floor":16},{"not_picked":["Pommel Strike","Feel No Pain"],"picked":"Metallicize","floor":18},{"not_picked":["Armaments","Warcry+1"],"picked":"Battle Trance","floor":19},{"not_picked":["Warcry","Sword Boomerang"],"picked":"Ghostly Armor","floor":22},{"not_picked":["Clothesline+1","Power Through"],"picked":"Impervious","floor":23},{"not_picked":["Perfected Strike","Sword Boomerang"],"picked":"Clash+1","floor":25},{"not_picked":["Thunderclap","Disarm","Heavy Blade+1"],"picked":"SKIP","floor":27},{"not_picked":["Havoc+1","Corruption"],"picked":"Power Through","floor":28},{"not_picked":["Clothesline","Shrug It Off"],"picked":"Clash","floor":31},{"not_picked":["True Grit","Blood for Blood"],"picked":"Dual Wield","floor":32}],"player_experience":160922,"relics_obtained":[{"floor":6,"key":"Dream Catcher"},{"floor":9,"key":"MawBank"},{"floor":20,"key":"Red Mask"},{"floor":26,"key":"Blood Vial"},{"floor":27,"key":"Ornamental Fan"},{"floor":29,"key":"Orichalcum"}],"event_choices":[{"damage_healed":0,"gold_gain":0,"cards_transformed":["Strike_R"],"player_choice":"Change","damage_taken":0,"max_hp_gain":0,"max_hp_loss":0,"event_name":"Living Wall","floor":3,"gold_loss":0,"cards_obtained":["Metallicize"]},{"damage_healed":0,"gold_gain":0,"player_choice":"Gave Potion","damage_taken":0,"relics_obtained":["Lantern"],"max_hp_gain":0,"max_hp_loss":0,"event_name":"WeMeetAgain","floor":7,"gold_loss":0},{"cards_removed":["Strike_R"],"damage_healed":0,"gold_gain":0,"player_choice":"Card Removal","damage_taken":7,"max_hp_gain":0,"max_hp_loss":0,"event_name":"Golden Wing","floor":14,"gold_loss":0},{"damage_healed":0,"gold_gain":0,"player_choice":"Fought Bandits","damage_taken":0,"max_hp_gain":0,"max_hp_loss":0,"event_name":"Masked Bandits","floor":20,"gold_loss":0},{"damage_healed":0,"gold_gain":0,"player_choice":"Bet on Murderer","damage_taken":0,"max_hp_gain":0,"max_hp_loss":0,"event_name":"The Joust","floor":24,"gold_loss":50},{"damage_healed":0,"gold_gain":100,"player_choice":"Pray","damage_taken":0,"max_hp_gain":0,"max_hp_loss":0,"event_name":"Golden Shrine","floor":30,"gold_loss":0}],"is_beta":false,"boss_relics":[{"not_picked":["Velvet Choker","Empty Cage"],"picked":"Black Blood"}],"items_purged_floors":[13,21],"is_endless":false,"potions_floor_spawned":[2,5,11,18,25],"killed_by":"Champ","ascension_level":2}