{"gold_per_floor":[16,16,36,54,54,80,80,100,100,111,124,151,164,164,164,265,265,280,293,293,392,317,317,335,335,335,366,366,381,406,133,133,232,232,242,293,102,119,119,119,151,151,202,230,230,230,243,118,118,118],"floor_reached":51,"playtime":1403,"items_purged":["Strike_G","Defend_G","Writhe"],"score":919,"play_id":"b03ccb30-d875-49b5-9c0b-ed4b89467805","local_time":"20181106231243","is_ascension_mode":true,"campfire_choices":[{"data":"Finisher","floor":7,"key":"SMITH"},{"data":"Strike_G","floor":15,"key":"PURGE"},{"data":"Strike_G","floor":23,"key":"PURGE"},{"data":"Strike_G","floor":25,"key":"PURGE"},{"data":"Strike_G","floor":28,"key":"PURGE"},{"data":"Defend_G","floor":32,"key":"PURGE"},{"data":"PiercingWail","floor":42,"key":"PURGE"},{"floor":46,"key":"DIG"},{"floor":49,"key":"DIG"}],"neow_cost":"NO_GOLD","seed_source_timestamp":6902350452218,"circlet_count":0,"master_deck":["Neutralize+1","Skewer+1","Die Die Die+1","Predator+1","Bullet Time+1","Finisher+1","Backstab+1","Flying Knee+1","Blur+1","Dash+1","Leg Sweep+1","Adrenaline+1","Backstab+1","Outmaneuver+1","Acrobatics+1","Backflip+1","Backstab+1","Escape Plan+1","Flash of Steel+1"],"relics":["Ring of the Snake","Blue Candle","Gambling Chip","Peace Pipe","Runic Pyramid","MutagenicStrength","Snake Skull","Shovel","Paper Crane","Bag of Marbles","Empty Cage","Boot","War Paint","Toxic Egg 2","Centennial Puzzle","Oddly Smooth Stone","Mark of the Bloom","StoneCalendar","Sundial"],"potions_floor_usage":[16,50,50],"damage_taken":[{"damage":3,"enemies":"Jaw Worm","floor":1,"turns":2},{"damage":0,"enemies":"2 Louse","floor":3,"turns":1},{"damage":0,"enemies":"Cultist","floor":4,"turns":2},{"damage":25,"enemies":"Gremlin Nob","floor":6,"turns":4},{"damage":0,"enemies":"3 Louse","floor":8,"turns":1},{"damage":10,"enemies":"Looter","floor":10,"turns":2},{"damage":0,"enemies":"Exordium Wildlife","floor":11,"turns":1},{"damage":0,"enemies":"3 Sentries","floor":12,"turns":3},{"damage":0,"enemies":"Red Slaver","floor":13,"turns":2},{"damage":20,"enemies":"Slime Boss","floor":16,"turns":7},{"damage":0,"enemies":"Spheric Guardian","floor":18,"turns":3},{"damage":0,"enemies":"3 Byrds","floor":19,"turns":4},{"damage":6,"enemies":"Cultist and Chosen","floor":24,"turns":3},{"damage":0,"enemies":"Slavers","floor":27,"turns":4},{"damage":0,"enemies":"Snecko","floor":29,"turns":1},{"damage":0,"enemies":"Gremlin Leader","floor":30,"turns":3},{"damage":1,"enemies":"Collector","floor":33,"turns":6},{"damage":0,"enemies":"3 Shapes","floor":35,"turns":2},{"damage":0,"enemies":"Orb Walker","floor":38,"turns":2},{"damage":0,"enemies":"Giant Head","floor":41,"turns":5},{"damage":0,"enemies":"Nemesis","floor":44,"turns":1},{"damage":0,"enemies":"Writhing Mass","floor":47,"turns":1},{"damage":20,"enemies":"Donu and Deca","floor":50,"turns":5}],"seed_played":"6315758201547127452","potions_obtained":[{"floor":1,"key":"Block Potion"},{"floor":11,"key":"GhostInAJar"},{"floor":12,"key":"Block Potion"},{"floor":16,"key":"FearPotion"},{"floor":38,"key":"Strength Potion"}],"is_trial":false,"path_per_floor":["M","?","M","M","?","E","R","M","T","M","M","E","M","?","R","B",null,"M","M","?","?","$","R","M","R","T","E","R","M","E","$","R","B",null,"M","T","$","M","?","?","E","R","T","E","?","R","M","$","R","B",null],"character_chosen":"THE_SILENT","items_purchased":["Bag of Marbles","Backflip","Escape Plan","War Paint"],"campfire_rested":0,"item_purchase_floors":[31,31,37,37],"current_hp_per_floor":[67,67,67,67,67,42,42,42,42,32,32,32,32,32,32,12,70,70,70,70,70,70,70,64,64,64,64,64,64,64,64,64,63,70,70,70,70,70,70,60,60,60,60,60,60,60,60,60,60,40],"gold":118,"neow_bonus":"TRANSFORM_TWO_CARDS","is_prod":false,"is_daily":false,"chose_seed":false,"campfire_upgraded":1,"win_rate":0,"timestamp":1541517163,"path_taken":["M","?","M","M","?","E","R","M","T","?","M","E","M","?","R","BOSS","M","M","?","?","?","R","M","R","T","E","R","M","E","$","R","BOSS","M","?","$","M","?","?","E","R","T","E","?","R","M","$","R","BOSS"],"build_version":"2018-11-05","purchased_purges":3,"victory":true,"max_hp_per_floor":[70,70,70,70,70,70,70,70,70,70,70,70,70,70,70,70,70,70,70,70,70,70,70,70,70,70,70,70,70,70,70,70,70,70,70,70,70,70,70,70,70,70,70,70,70,70,70,70,70,70],"card_choices":[{"not_picked":["Bane","Deadly Poison"],"picked":"Predator","floor":1},{"not_picked":["Outmaneuver","Deadly Poison"],"picked":"PiercingWail","floor":3},{"not_picked":["Underhanded Strike","Deflect"],"picked":"Bullet Time","floor":4},{"not_picked":["Underhanded Strike","Deflect"],"picked":"Finisher","floor":6},{"not_picked":["Noxious Fumes","Well Laid Plans"],"picked":"Backstab","floor":8},{"not_picked":["Dagger Spray","Wraith Form v2"],"picked":"Flying Knee","floor":10},{"not_picked":["Bane","Eviscerate"],"picked":"Blur","floor":11},{"not_picked":["Bouncing Flask","Deflect"],"picked":"Dash","floor":12},{"not_picked":["Quick Slash","Flechettes"],"picked":"Leg Sweep","floor":13},{"not_picked":["Phantasmal Killer","Grand Finale"],"picked":"Adrenaline","floor":16},{"not_picked":["Expertise","Underhanded Strike+1","Flying Knee"],"picked":"SKIP","floor":18},{"not_picked":["Dodge and Roll","Infinite Blades"],"picked":"Backstab+1","floor":19},{"not_picked":["Quick Slash","All Out Attack","Deadly Poison"],"picked":"SKIP","floor":24},{"not_picked":["All Out Attack","Blade Dance"],"picked":"Outmaneuver+1","floor":27},{"not_picked":["Infinite Blades+1","Catalyst+1","Crippling Poison"],"picked":"SKIP","floor":29},{"not_picked":["Terror","Wraith Form v2"],"picked":"Acrobatics+1","floor":30},{"not_picked":["Dagger Spray+1","Crippling Poison"],"picked":"Backstab","floor":35},{"not_picked":["Acrobatics","Cloak And Dagger","Deflect+1"],"picked":"SKIP","floor":38},{"not_picked":["Madness","Violence"],"picked":"Flash of Steel","floor":40},{"not_picked":["Backflip","Eviscerate","Cloak And Dagger+1"],"picked":"SKIP","floor":41},{"not_picked":["PiercingWail+1","Prepared+1","Underhanded Strike+1"],"picked":"SKIP","floor":44},{"not_picked":["Heel Hook","Dagger Throw+1","Dodge and Roll+1"],"picked":"SKIP","floor":47}],"player_experience":1000092,"relics_obtained":[{"floor":6,"key":"Blue Candle"},{"floor":9,"key":"Gambling Chip"},{"floor":12,"key":"Peace Pipe"},{"floor":26,"key":"Snake Skull"},{"floor":27,"key":"Shovel"},{"floor":30,"key":"Paper Crane"},{"floor":36,"key":"Boot"},{"floor":41,"key":"Toxic Egg 2"},{"floor":43,"key":"Centennial Puzzle"},{"floor":44,"key":"Oddly Smooth Stone"},{"floor":46,"key":"StoneCalendar"},{"floor":49,"key":"Sundial"}],"event_choices":[{"damage_healed":0,"gold_gain":0,"player_choice":"Grow","damage_taken":0,"max_hp_gain":0,"max_hp_loss":0,"event_name":"Living Wall","floor":2,"gold_loss":0,"cards_upgraded":["Skewer"]},{"damage_healed":0,"gold_gain":0,"player_choice":"Upgraded","damage_taken":0,"max_hp_gain":0,"max_hp_loss":0,"event_name":"Upgrade Shrine","floor":5,"gold_loss":0,"cards_upgraded":["Bullet Time"]},{"damage_healed":0,"gold_gain":0,"player_choice":"Ignored","damage_taken":0,"max_hp_gain":0,"max_hp_loss":0,"event_name":"Liars Game","floor":14,"gold_loss":0},{"damage_healed":0,"gold_gain":0,"player_choice":"Inject Mutagens","damage_taken":0,"relics_obtained":["MutagenicStrength"],"max_hp_gain":0,"max_hp_loss":0,"event_name":"Drug Dealer","floor":20,"gold_loss":0},{"damage_healed":0,"gold_gain":99,"player_choice":"Stole From Cult","damage_taken":0,"max_hp_gain":0,"max_hp_loss":0,"event_name":"Nest","floor":21,"gold_loss":0},{"damage_healed":18,"gold_gain":0,"player_choice":"Writhe","damage_taken":0,"max_hp_gain":0,"max_hp_loss":0,"event_name":"Winding Halls","floor":39,"gold_loss":0,"cards_obtained":["Writhe"]},{"damage_healed":0,"gold_gain":0,"player_choice":"Memory 3","damage_taken":10,"max_hp_gain":0,"max_hp_loss":0,"event_name":"SensoryStone","floor":40,"gold_loss":0},{"damage_healed":0,"gold_gain":0,"player_choice":"Upgrade","damage_taken":0,"relics_obtained":["Mark of the Bloom"],"max_hp_gain":0,"max_hp_loss":0,"event_name":"MindBloom","floor":45,"gold_loss":0,"cards_upgraded":["Neutralize","Die Die Die","Predator","Backstab","Flying Knee","Dash","Leg Sweep","Adrenaline","Backflip","Backstab","Flash of Steel"]}],"is_beta":true,"boss_relics":[{"not_picked":["Tiny House","Runic Dome"],"picked":"Runic Pyramid"},{"not_picked":["Calling Bell","WristBlade"],"picked":"Empty Cage"}],"items_purged_floors":[22,31,48],"is_endless":false,"potions_floor_spawned":[1,11,12,16,18,19,29,38,47],"ascension_level":1}