{"gold_per_floor":[119,119,130,130,148,173,173,201,225,225,245,264,264,264,264,337,337,356,356,356,356,368,368,396,406,406,421,421],"floor_reached":28,"playtime":1301,"items_purged":[],"score":571,"play_id":"7572d139-cee9-4e5b-8fa3-93b2521aa876","local_time":"20190728164321","is_ascension_mode":true,"campfire_choices":[{"floor":7,"key":"REST"},{"data":"Noxious Fumes","floor":10,"key":"SMITH"},{"floor":13,"key":"REST"},{"data":"Bouncing Flask","floor":15,"key":"SMITH"},{"floor":23,"key":"REST"}],"neow_cost":"NONE","seed_source_timestamp":18992076232219,"circlet_count":0,"master_deck":["AscendersBane","Defend_G","Defend_G","Defend_G","Defend_G","Defend_G","Survivor","Neutralize","Dagger Spray","Bouncing Flask+1","Expertise","Noxious Fumes+1","Concentrate","Terror","Wraith Form v2","Dagger Throw","Bite","Bite","Bite","Bite","Bite","Die Die Die","Dodge and Roll","Dash","Crippling Poison","Leg Sweep+1"],"relics":["Ring of the Snake","PreservedInsect","Orichalcum","Dodecahedron","Anchor","Philosopher\u0027s Stone","Regal Pillow","Toxic Egg 2"],"potions_floor_usage":[6,8,8,16,16,24],"damage_taken":[{"damage":1,"enemies":"Small Slimes","floor":1,"turns":5},{"damage":3,"enemies":"Cultist","floor":3,"turns":4},{"damage":4,"enemies":"Jaw Worm","floor":5,"turns":3},{"damage":15,"enemies":"Lagavulin","floor":6,"turns":5},{"damage":0,"enemies":"Gremlin Nob","floor":8,"turns":2},{"damage":16,"enemies":"Exordium Thugs","floor":11,"turns":5},{"damage":19,"enemies":"Large Slime","floor":12,"turns":6},{"damage":36,"enemies":"The Guardian","floor":16,"turns":8},{"damage":13,"enemies":"3 Byrds","floor":18,"turns":3},{"damage":24,"enemies":"Spheric Guardian","floor":22,"turns":4},{"damage":16,"enemies":"Book of Stabbing","floor":24,"turns":3},{"damage":0,"enemies":"Centurion and Healer","floor":25,"turns":8},{"damage":40,"enemies":"Chosen and Byrds","floor":27,"turns":6},{"damage":14,"enemies":"Shelled Parasite and Fungi","floor":28,"turns":4}],"seed_played":"963890937147529749","potions_obtained":[{"floor":3,"key":"EssenceOfSteel"},{"floor":5,"key":"SteroidPotion"},{"floor":6,"key":"Strength Potion"},{"floor":14,"key":"GhostInAJar"},{"floor":14,"key":"Energy Potion"},{"floor":22,"key":"LiquidBronze"},{"floor":25,"key":"SteroidPotion"}],"is_trial":false,"path_per_floor":["M","?","M","?","M","E","R","E","T","R","M","M","R","?","R","B",null,"M","?","?","?","M","R","E","M","T","M","M"],"character_chosen":"THE_SILENT","items_purchased":[],"campfire_rested":3,"item_purchase_floors":[],"current_hp_per_floor":[64,53,50,50,46,31,52,52,52,52,36,17,38,38,38,2,55,42,42,29,29,15,31,21,39,39,9,0],"gold":421,"neow_bonus":"TEN_PERCENT_HP_BONUS","is_prod":false,"is_daily":false,"chose_seed":false,"campfire_upgraded":2,"win_rate":0,"timestamp":1564325001,"path_taken":["M","?","M","?","M","E","R","E","T","R","?","M","R","?","R","BOSS","M","?","?","?","M","R","E","M","T","M","?"],"build_version":"2019-07-17","purchased_purges":0,"victory":false,"max_hp_per_floor":[72,72,72,72,72,72,72,72,72,72,72,72,72,72,72,72,72,72,50,55,55,55,55,55,55,55,55,55],"card_choices":[{"not_picked":["Bane","Backflip"],"picked":"Dagger Spray","floor":1},{"not_picked":["Dagger Throw","Poisoned Stab"],"picked":"Bouncing Flask","floor":3},{"not_picked":["Dodge and Roll","Setup"],"picked":"Finisher","floor":5},{"not_picked":["Underhanded Strike","Outmaneuver"],"picked":"Expertise","floor":6},{"not_picked":["Envenom","Flying Knee"],"picked":"Noxious Fumes","floor":8},{"not_picked":["Deadly Poison","Outmaneuver"],"picked":"Concentrate","floor":11},{"not_picked":["Backstab","Poisoned Stab"],"picked":"Terror","floor":12},{"not_picked":["A Thousand Cuts","Phantasmal Killer"],"picked":"Wraith Form v2","floor":16},{"not_picked":["Riddle With Holes+1","Reflex"],"picked":"Dagger Throw","floor":18},{"not_picked":["Blade Dance","Prepared"],"picked":"Dodge and Roll","floor":22},{"not_picked":["Dodge and Roll","Tactician+1"],"picked":"Dash","floor":24},{"not_picked":["Cloak And Dagger","Flying Knee"],"picked":"Crippling Poison","floor":25},{"not_picked":["Slice","Escape Plan+1"],"picked":"Leg Sweep+1","floor":27}],"player_experience":783775,"relics_obtained":[{"floor":6,"key":"Orichalcum"},{"floor":8,"key":"Dodecahedron"},{"floor":9,"key":"Anchor"},{"floor":24,"key":"Regal Pillow"},{"floor":26,"key":"Toxic Egg 2"}],"event_choices":[{"damage_healed":0,"gold_gain":0,"player_choice":"Success","damage_taken":11,"relics_obtained":["PreservedInsect"],"max_hp_gain":0,"max_hp_loss":0,"event_name":"Scrap Ooze","floor":2,"gold_loss":0},{"cards_removed":["Strike_G"],"damage_healed":0,"gold_gain":0,"player_choice":"Offered Basic","damage_taken":0,"max_hp_gain":0,"max_hp_loss":0,"event_name":"Bonfire Elementals","floor":4,"gold_loss":0},{"damage_healed":0,"gold_gain":0,"player_choice":"Got Potions","damage_taken":0,"max_hp_gain":0,"max_hp_loss":0,"event_name":"Lab","floor":14,"gold_loss":0},{"damage_healed":0,"gold_gain":0,"player_choice":"Became a vampire","damage_taken":0,"max_hp_gain":0,"max_hp_loss":22,"event_name":"Vampires","floor":19,"gold_loss":0,"cards_obtained":["Bite","Bite","Bite","Bite","Bite"]},{"damage_healed":0,"gold_gain":0,"player_choice":"Shed Blood","damage_taken":18,"max_hp_gain":5,"max_hp_loss":0,"event_name":"Forgotten Altar","floor":20,"gold_loss":0},{"damage_healed":0,"gold_gain":0,"cards_transformed":["Finisher"],"player_choice":"Transformed","damage_taken":0,"max_hp_gain":0,"max_hp_loss":0,"event_name":"Transmorgrifier","floor":21,"gold_loss":0,"cards_obtained":["Die Die Die"]}],"is_beta":false,"boss_relics":[{"not_picked":["Ring of the Serpent","Astrolabe"],"picked":"Philosopher\u0027s Stone"}],"items_purged_floors":[],"is_endless":false,"potions_floor_spawned":[3,5,6,22,25],"killed_by":"Shelled Parasite and Fungi","ascension_level":20}