{"gold_per_floor":[109,25,39,39,55,55,70,97,166,166,193,193,207,223,223,296,296,307,307,307,319,319,319,337,101,125,86,86,11,0,14,14,14],"floor_reached":33,"playtime":1751,"items_purged":["Pain"],"score":474,"play_id":"4d60c507-c3fd-4138-8522-47cf0e53e8c5","local_time":"20181227121136","is_ascension_mode":true,"campfire_choices":[{"data":"Neutralize","floor":6,"key":"SMITH"},{"floor":12,"key":"REST"},{"floor":15,"key":"REST"},{"floor":23,"key":"REST"},{"floor":28,"key":"REST"},{"floor":32,"key":"REST"}],"neow_cost":"NONE","seed_source_timestamp":304419421045,"circlet_count":0,"master_deck":["AscendersBane","Defend_G","Defend_G","Defend_G+1","Defend_G","Defend_G","Strike_G","Strike_G","Strike_G","Strike_G","Strike_G","Survivor","Neutralize+1","Predator","Footwork+1","Backflip","Terror","Grand Finale","Writhe","Footwork"],"relics":["Velvet Choker","WarpedTongs","Orichalcum","Singing Bowl","Odd Mushroom","Cursed Key","Happy Flower","Bird Faced Urn","Omamori","Ancient Tea Set"],"potions_floor_usage":[22],"damage_taken":[{"damage":0,"enemies":"Small Slimes","floor":1,"turns":4},{"damage":0,"enemies":"Cultist","floor":3,"turns":3},{"damage":4,"enemies":"Jaw Worm","floor":5,"turns":4},{"damage":4,"enemies":"Looter","floor":7,"turns":4},{"damage":16,"enemies":"The Mushroom Lair","floor":11,"turns":5},{"damage":3,"enemies":"2 Fungi Beasts","floor":13,"turns":4},{"damage":6,"enemies":"Exordium Wildlife","floor":14,"turns":4},{"damage":16,"enemies":"The Guardian","floor":16,"turns":11},{"damage":16,"enemies":"Shell Parasite","floor":18,"turns":5},{"damage":15,"enemies":"Chosen","floor":21,"turns":7},{"damage":0,"enemies":"3 Cultists","floor":22,"turns":1},{"damage":16,"enemies":"Snake Plant","floor":24,"turns":6},{"damage":36,"enemies":"Sentry and Sphere","floor":31,"turns":10},{"damage":0,"enemies":"Champ","floor":33,"turns":1}],"seed_played":"-4667794397933590289","potions_obtained":[{"floor":3,"key":"LiquidBronze"},{"floor":5,"key":"LiquidBronze"},{"floor":18,"key":"SmokeBomb"}],"is_trial":false,"path_per_floor":["M","$","M","?","M","R","M","T","T","?","?","R","M","M","R","B",null,"M","?","?","M","M","R","M","$","T","$","R","?","?","M","R","B"],"character_chosen":"THE_SILENT","items_purchased":["Footwork","Omamori","Footwork"],"campfire_rested":5,"item_purchase_floors":[2,25,27],"current_hp_per_floor":[59,59,59,59,55,55,51,51,51,31,17,37,36,30,51,35,61,47,47,47,36,36,58,46,46,46,46,68,68,68,38,61,61],"gold":14,"neow_bonus":"BOSS_RELIC","is_prod":false,"is_daily":false,"chose_seed":false,"campfire_upgraded":1,"win_rate":0,"timestamp":1545883896,"path_taken":["M","$","M","?","?","R","M","?","T","?","?","R","M","M","R","BOSS","M","?","?","?","?","R","M","?","T","$","R","?","?","M","R","BOSS"],"build_version":"2018-12-20","purchased_purges":1,"victory":false,"max_hp_per_floor":[66,66,66,66,66,66,66,66,66,66,68,68,70,70,70,70,70,72,72,72,74,74,74,76,76,76,76,76,76,76,78,78,78],"card_choices":[{"not_picked":["Dagger Spray","Dagger Throw"],"picked":"Predator","floor":1},{"not_picked":["Outmaneuver","Flying Knee"],"picked":"Backflip","floor":3},{"not_picked":["Endless Agony","Escape Plan","Prepared"],"picked":"SKIP","floor":5},{"not_picked":["Reflex","Outmaneuver","Masterful Stab"],"picked":"SKIP","floor":7},{"not_picked":["Quick Slash","Dagger Spray","PiercingWail"],"picked":"Singing Bowl","floor":11},{"not_picked":["Distraction","Backflip","Dodge and Roll"],"picked":"Singing Bowl","floor":13},{"not_picked":["Cloak And Dagger","Reflex"],"picked":"Terror","floor":14},{"not_picked":["Doppelganger","Envenom"],"picked":"Grand Finale","floor":16},{"not_picked":["Poisoned Stab","Prepared","Accuracy"],"picked":"Singing Bowl","floor":18},{"not_picked":["Bane","Concentrate","Bouncing Flask"],"picked":"Singing Bowl","floor":21},{"not_picked":["Slice","Dagger Spray","Deadly Poison"],"picked":"Singing Bowl","floor":24},{"not_picked":["Accuracy","Underhanded Strike","PiercingWail"],"picked":"Singing Bowl","floor":31}],"player_experience":1509703,"relics_obtained":[{"floor":8,"key":"Orichalcum"},{"floor":9,"key":"Singing Bowl"},{"floor":11,"key":"Odd Mushroom"},{"floor":26,"key":"Ancient Tea Set"}],"event_choices":[{"damage_healed":0,"gold_gain":0,"player_choice":"Rummage","damage_taken":0,"relics_obtained":["WarpedTongs"],"max_hp_gain":0,"max_hp_loss":0,"event_name":"Accursed Blacksmith","floor":4,"gold_loss":0,"cards_obtained":["Pain"]},{"damage_healed":0,"gold_gain":0,"player_choice":"Entered Light","damage_taken":20,"max_hp_gain":0,"max_hp_loss":0,"event_name":"Shining Light","floor":10,"gold_loss":0,"cards_upgraded":["Footwork","Defend_G"]},{"damage_healed":0,"gold_gain":0,"player_choice":"Fought Mushrooms","damage_taken":0,"max_hp_gain":0,"max_hp_loss":0,"event_name":"Mushrooms","floor":11,"gold_loss":0},{"damage_healed":0,"gold_gain":0,"player_choice":"Stole Relic","damage_taken":0,"relics_obtained":["Happy Flower"],"max_hp_gain":0,"max_hp_loss":0,"event_name":"Addict","floor":19,"gold_loss":0,"cards_obtained":["Shame"]},{"damage_healed":0,"gold_gain":0,"player_choice":"Opened","damage_taken":0,"relics_obtained":["Bird Faced Urn"],"max_hp_gain":0,"max_hp_loss":0,"event_name":"The Mausoleum","floor":20,"gold_loss":0,"cards_obtained":["Writhe"]},{"cards_removed":["Shame"],"damage_healed":0,"gold_gain":0,"player_choice":"Gave Gold","damage_taken":0,"max_hp_gain":0,"max_hp_loss":0,"event_name":"Beggar","floor":29,"gold_loss":75},{"damage_healed":0,"gold_gain":0,"player_choice":"Paid Fearfully","damage_taken":0,"max_hp_gain":0,"max_hp_loss":0,"event_name":"Masked Bandits","floor":30,"gold_loss":11}],"is_beta":false,"boss_relics":[{"not_picked":["Busted Crown","Ectoplasm"],"picked":"Cursed Key"}],"items_purged_floors":[25],"is_endless":false,"potions_floor_spawned":[3,5,11,16,18],"killed_by":"Champ","ascension_level":20}