{"gold_per_floor":[119,138,63,63,82,82,113,128,128,28,28,55,55,73,73,73],"floor_reached":16,"playtime":301,"items_purged":["Strike_B","Strike_B"],"score":270,"play_id":"23a8d4bf-5b88-4151-ba95-76016b85ad49","local_time":"20190110135837","is_ascension_mode":true,"campfire_choices":[{"data":"Gash","floor":6,"key":"SMITH"},{"floor":11,"key":"REST"},{"data":"Buffer","floor":15,"key":"SMITH"}],"neow_cost":"NONE","seed_source_timestamp":7599712797224,"circlet_count":0,"master_deck":["AscendersBane","Strike_B","Defend_B","Defend_B","Defend_B","Defend_B","Zap","Dualcast","Gash+1","Gash","Buffer+1","Gash","Self Repair+1"],"relics":["Cracked Core","NeowsBlessing","Bag of Preparation","Question Card","Frozen Egg 2"],"potions_floor_usage":[12,16],"damage_taken":[{"damage":0,"enemies":"Cultist","floor":1,"turns":1},{"damage":0,"enemies":"2 Louse","floor":2,"turns":1},{"damage":0,"enemies":"Small Slimes","floor":5,"turns":1},{"damage":50,"enemies":"3 Sentries","floor":7,"turns":9},{"damage":0,"enemies":"Exordium Wildlife","floor":8,"turns":3},{"damage":0,"enemies":"Lagavulin","floor":12,"turns":6},{"damage":8,"enemies":"Exordium Thugs","floor":14,"turns":4},{"damage":0,"enemies":"The Guardian","floor":16,"turns":3}],"seed_played":"8335713216273847667","potions_obtained":[{"floor":7,"key":"SneckoOil"},{"floor":8,"key":"Block Potion"},{"floor":12,"key":"Dexterity Potion"}],"is_trial":false,"path_per_floor":["M","M","$","?","M","R","E","M","T","$","R","E","?","M","R","B"],"character_chosen":"DEFECT","items_purchased":[],"campfire_rested":1,"item_purchase_floors":[],"current_hp_per_floor":[64,64,64,57,57,57,7,7,7,7,28,28,28,30,30,30],"gold":73,"neow_bonus":"THREE_ENEMY_KILL","is_prod":false,"is_daily":false,"chose_seed":false,"campfire_upgraded":2,"win_rate":0,"timestamp":1547099917,"path_taken":["M","M","$","?","M","R","E","M","T","$","R","E","?","M","R","BOSS"],"build_version":"2019-01-03v4","purchased_purges":2,"victory":false,"max_hp_per_floor":[71,71,71,71,71,71,71,71,71,71,71,71,71,71,71,71],"card_choices":[{"not_picked":["Sweeping Beam","Go for the Eyes","Cold Snap"],"picked":"SKIP","floor":1},{"not_picked":["Go for the Eyes","Steam Power"],"picked":"Gash","floor":2},{"not_picked":["Redo","Go for the Eyes"],"picked":"Gash","floor":5},{"not_picked":["Force Field","Compile Driver"],"picked":"Buffer","floor":7},{"not_picked":["Glacier","Sweeping Beam"],"picked":"Gash","floor":8},{"not_picked":["Genetic Algorithm","Coolheaded","Compile Driver"],"picked":"Self Repair","floor":12},{"not_picked":["Reinforced Body","Doom and Gloom","Fusion","Conserve Battery"],"picked":"SKIP","floor":14}],"player_experience":1905607,"relics_obtained":[{"floor":7,"key":"Bag of Preparation"},{"floor":9,"key":"Question Card"},{"floor":12,"key":"Frozen Egg 2"}],"event_choices":[{"cards_removed":["Strike_B"],"damage_healed":0,"gold_gain":0,"player_choice":"Card Removal","damage_taken":7,"max_hp_gain":0,"max_hp_loss":0,"event_name":"Golden Wing","floor":4,"gold_loss":0},{"damage_healed":0,"gold_gain":0,"player_choice":"0 cards matched","damage_taken":0,"max_hp_gain":0,"max_hp_loss":0,"event_name":"Match and Keep!","floor":13,"gold_loss":0,"cards_obtained":[]}],"is_beta":false,"boss_relics":[],"items_purged_floors":[3,10],"is_endless":false,"potions_floor_spawned":[7,8,12],"killed_by":"The Guardian","ascension_level":20}