{"gold_per_floor":[111,111,111,111,261,335,349,20,20,36,36,36,36,50,50,146,146,170,190,190,90,129,129,148,183,183,183,208,208],"floor_reached":29,"playtime":735,"items_purged":["Doubt","All Out Attack"],"score":553,"play_id":"1c8e3aaa-0e8f-493e-afd9-d6b05835b2e2","local_time":"20190214131547","is_ascension_mode":true,"campfire_choices":[{"data":"Cloak And Dagger","floor":11.0,"key":"SMITH"},{"data":"Neutralize","floor":13.0,"key":"SMITH"},{"data":"All Out Attack","floor":15.0,"key":"SMITH"},{"data":"Cloak And Dagger","floor":23.0,"key":"SMITH"},{"data":"Blade Dance","floor":27.0,"key":"SMITH"}],"neow_cost":"NONE","seed_source_timestamp":151306499748316,"circlet_count":0,"master_deck":["AscendersBane","Survivor","Neutralize+1","All Out Attack+1","Cloak And Dagger+1","Backstab","After Image","Expertise","Slice","Phantasmal Killer","Cloak And Dagger+1","Tactician","Slice","Choke","Footwork","Well Laid Plans","Accuracy","Blade Dance+1"],"special_seed":0,"relics":["Ring of the Snake","NeowsBlessing","Golden Idol","Tiny Chest","Kunai","Orichalcum","Pandora\u0027s Box","Red Mask","Ancient Tea Set","Molten Egg 2"],"potions_floor_usage":[28],"damage_taken":[{"damage":0.0,"enemies":"Small Slimes","floor":1.0,"turns":1.0},{"damage":0.0,"enemies":"3 Sentries","floor":6.0,"turns":1.0},{"damage":0.0,"enemies":"2 Louse","floor":7.0,"turns":1.0},{"damage":0.0,"enemies":"Jaw Worm","floor":10.0,"turns":5.0},{"damage":0.0,"enemies":"Lots of Slimes","floor":14.0,"turns":1.0},{"damage":0.0,"enemies":"The Guardian","floor":16.0,"turns":15.0},{"damage":2.0,"enemies":"2 Thieves","floor":18.0,"turns":4.0},{"damage":0.0,"enemies":"3 Byrds","floor":19.0,"turns":3.0},{"damage":27.0,"enemies":"Masked Bandits","floor":22.0,"turns":3.0},{"damage":3.0,"enemies":"Centurion and Healer","floor":24.0,"turns":6.0},{"damage":2.0,"enemies":"Book of Stabbing","floor":25.0,"turns":6.0},{"damage":4,"enemies":"Snecko","floor":28,"turns":4},{"damage":30,"enemies":"Slavers","floor":29,"turns":3}],"seed_played":"-8870922919819025043","potions_obtained":[{"floor":7.0,"key":"Strength Potion"},{"floor":10.0,"key":"AttackPotion"},{"floor":16.0,"key":"Strength Potion"},{"floor":18.0,"key":"AttackPotion"},{"floor":22.0,"key":"Regen Potion"},{"floor":24.0,"key":"GhostInAJar"}],"is_trial":false,"path_per_floor":["M","?","?","?","?","E","M","$","T","M","R","?","R","M","R","B",null,"M","M","?","$","?","R","M","E","T","R","M","E"],"character_chosen":"THE_SILENT","items_purchased":["Kunai"],"campfire_rested":0,"item_purchase_floors":[8],"current_hp_per_floor":[59,39,39,39,39,39,39,39,39,39,39,32,32,32,32,32,53,51,51,51,51,24,24,36,34,34,34,30,0],"gold":208,"neow_bonus":"THREE_ENEMY_KILL","is_prod":false,"is_daily":false,"chose_seed":false,"campfire_upgraded":5,"win_rate":0,"timestamp":1550121347,"path_taken":["M","?","?","?","?","E","?","?","T","M","R","?","R","M","R","BOSS","M","M","?","$","?","R","M","E","T","R","?","E"],"build_version":"2019-01-23","purchased_purges":2,"victory":false,"max_hp_per_floor":[66,66,66,60,60,60,60,60,60,60,60,60,60,60,60,60,60,60,60,60,60,60,60,60,60,60,60,60,60],"card_choices":[{"not_picked":["Slice","Expertise","Quick Slash"],"picked":"SKIP","floor":1.0},{"not_picked":["Quick Slash","Bane","Dash"],"picked":"SKIP","floor":6.0},{"not_picked":["Bane","Quick Slash","Concentrate"],"picked":"SKIP","floor":7.0},{"not_picked":["Acrobatics","Calculated Gamble"],"picked":"Cloak And Dagger","floor":10.0},{"not_picked":["Caltrops","Dodge and Roll"],"picked":"Backstab","floor":14.0},{"not_picked":["Corpse Explosion","Grand Finale"],"picked":"After Image","floor":16.0},{"not_picked":["Slice","Calculated Gamble"],"picked":"Footwork","floor":18.0},{"not_picked":["Setup","Prepared","Deadly Poison"],"picked":"SKIP","floor":19.0},{"not_picked":["Dagger Spray","Choke"],"picked":"Accuracy","floor":24.0},{"not_picked":["Storm of Steel","Sucker Punch"],"picked":"Blade Dance","floor":25.0},{"not_picked":["Flying Knee+1","Dagger Spray+1","Outmaneuver"],"picked":"SKIP","floor":28}],"player_experience":742165,"relics_obtained":[{"floor":6.0,"key":"Tiny Chest"},{"floor":9.0,"key":"Orichalcum"},{"floor":22.0,"key":"Red Mask"},{"floor":25.0,"key":"Ancient Tea Set"},{"floor":26.0,"key":"Molten Egg 2"}],"event_choices":[{"damage_healed":0.0,"max_hp_gain":0.0,"max_hp_loss":0.0,"gold_gain":0.0,"event_name":"Shining Light","player_choice":"Entered Light","floor":2.0,"gold_loss":0.0,"damage_taken":20.0,"cards_upgraded":["Defend_G","Strike_G"]},{"damage_healed":0.0,"max_hp_gain":0.0,"max_hp_loss":0.0,"gold_gain":0.0,"cards_transformed":["Strike_G"],"event_name":"Living Wall","player_choice":"Change","floor":3.0,"gold_loss":0.0,"damage_taken":0.0,"cards_obtained":["All Out Attack"]},{"damage_healed":0.0,"max_hp_gain":0.0,"max_hp_loss":6.0,"gold_gain":0.0,"event_name":"Golden Idol","player_choice":"Lose Max HP","floor":4.0,"gold_loss":0.0,"damage_taken":0.0,"relics_obtained":["Golden Idol"]},{"damage_healed":0.0,"max_hp_gain":0.0,"max_hp_loss":0.0,"gold_gain":150.0,"event_name":"Liars Game","player_choice":"AGREE","floor":5.0,"gold_loss":0.0,"damage_taken":0.0,"cards_obtained":["Doubt"]},{"cards_removed":["Strike_G"],"damage_healed":0.0,"max_hp_gain":0.0,"max_hp_loss":0.0,"gold_gain":0.0,"event_name":"Golden Wing","player_choice":"Card Removal","floor":12.0,"gold_loss":0.0,"damage_taken":7.0},{"damage_healed":0.0,"max_hp_gain":0.0,"max_hp_loss":0.0,"gold_gain":0.0,"event_name":"The Library","player_choice":"Read","floor":20.0,"gold_loss":0.0,"damage_taken":0.0,"cards_obtained":["Well Laid Plans"]},{"damage_healed":0.0,"max_hp_gain":0.0,"max_hp_loss":0.0,"gold_gain":0.0,"event_name":"Masked Bandits","player_choice":"Fought Bandits","floor":22.0,"gold_loss":0.0,"damage_taken":0.0}],"is_beta":false,"boss_relics":[{"not_picked":["Ring of the Serpent","Lizard Tail"],"picked":"Pandora\u0027s Box"}],"items_purged_floors":[8,21],"is_endless":false,"potions_floor_spawned":[7,10,16,18,22,24],"killed_by":"Slavers","ascension_level":15}