{"gold_per_floor":[111,111,111,111,36,69,69,95,95,95,106,129,140,8,8,83,83,93,110,110,124,83,83],"floor_reached":23,"playtime":744,"items_purged":["Strike_G"],"score":494,"play_id":"7403963e-2ace-434e-b3dd-6b740b8b8755","local_time":"20181117233453","is_ascension_mode":true,"campfire_choices":[{"data":"Noxious Fumes","floor":7,"key":"SMITH"},{"data":"Footwork","floor":10,"key":"SMITH"},{"data":"Neutralize","floor":15,"key":"SMITH"}],"neow_cost":"NONE","seed_source_timestamp":1514118672214720,"circlet_count":0,"master_deck":["AscendersBane","Defend_G","Defend_G","Defend_G","Defend_G","Defend_G","Strike_G","Strike_G","Strike_G","Survivor","Neutralize+1","Footwork+1","Noxious Fumes+1","Die Die Die","Tactician","Deadly Poison","After Image","Skewer","Expertise","Well Laid Plans"],"relics":["Ring of the Snake","NeowsBlessing","Lantern","Juzu Bracelet","Pantograph","Ice Cream","Oddly Smooth Stone","Odd Mushroom","Runic Dome","Question Card"],"potions_floor_usage":[16,16,23,23],"damage_taken":[{"damage":0,"enemies":"Cultist","floor":1,"turns":1},{"damage":0,"enemies":"Gremlin Nob","floor":6,"turns":1},{"damage":0,"enemies":"Lagavulin","floor":8,"turns":1},{"damage":0,"enemies":"2 Louse","floor":11,"turns":2},{"damage":8,"enemies":"The Mushroom Lair","floor":12,"turns":3},{"damage":10,"enemies":"Small Slimes","floor":13,"turns":4},{"damage":52,"enemies":"Slime Boss","floor":16,"turns":12},{"damage":25,"enemies":"3 Byrds","floor":18,"turns":7},{"damage":0,"enemies":"Spheric Guardian","floor":19,"turns":5},{"damage":14,"enemies":"Centurion and Healer","floor":21,"turns":10},{"damage":7,"enemies":"Book of Stabbing","floor":23,"turns":5}],"seed_played":"1294815026615634568","potions_obtained":[{"floor":1,"key":"Swift Potion"},{"floor":6,"key":"GamblersBrew"},{"floor":18,"key":"PowerPotion"},{"floor":21,"key":"GhostInAJar"}],"is_trial":false,"path_per_floor":["M","T","?","?","?","E","R","E","T","R","M","?","M","$","R","B",null,"M","M","T","M","$","E"],"character_chosen":"THE_SILENT","items_purchased":["Deadly Poison","Well Laid Plans"],"campfire_rested":0,"item_purchase_floors":[14,22],"current_hp_per_floor":[59,59,48,48,48,48,48,48,48,48,48,40,30,30,30,3,50,25,25,25,11,11,4],"gold":83,"neow_bonus":"THREE_ENEMY_KILL","is_prod":false,"is_daily":false,"chose_seed":false,"campfire_upgraded":3,"win_rate":0,"timestamp":1542468893,"path_taken":["M","?","?","?","?","E","R","E","T","R","M","?","M","?","R","BOSS","M","M","?","M","$","E"],"build_version":"2018-11-15","purchased_purges":1,"victory":false,"max_hp_per_floor":[66,66,66,66,66,66,66,66,66,66,66,66,66,66,66,66,66,66,66,66,66,66,66],"card_choices":[{"not_picked":["Infinite Blades","Poisoned Stab","Underhanded Strike"],"picked":"SKIP","floor":1},{"not_picked":["Flying Knee","Dagger Throw"],"picked":"Noxious Fumes","floor":6},{"not_picked":["Flying Knee","Bane"],"picked":"Die Die Die","floor":8},{"not_picked":["Terror","Leg Sweep","Quick Slash"],"picked":"SKIP","floor":11},{"not_picked":["Dodge and Roll","Setup"],"picked":"Tactician","floor":13},{"not_picked":["Venomology","Malaise"],"picked":"After Image","floor":16},{"not_picked":["Outmaneuver","Tactician"],"picked":"Skewer","floor":18},{"not_picked":["Accuracy","Blur"],"picked":"Expertise","floor":19},{"not_picked":["PiercingWail","Prepared","Dagger Spray","Riddle With Holes"],"picked":"SKIP","floor":21}],"player_experience":518992,"relics_obtained":[{"floor":2,"key":"Lantern"},{"floor":6,"key":"Pantograph"},{"floor":8,"key":"Ice Cream"},{"floor":9,"key":"Oddly Smooth Stone"},{"floor":12,"key":"Odd Mushroom"},{"floor":20,"key":"Question Card"}],"event_choices":[{"damage_healed":0,"gold_gain":0,"player_choice":"Success","damage_taken":11,"relics_obtained":["Juzu Bracelet"],"max_hp_gain":0,"max_hp_loss":0,"event_name":"Scrap Ooze","floor":3,"gold_loss":0},{"damage_healed":0,"gold_gain":0,"player_choice":"1 cards matched","damage_taken":0,"max_hp_gain":0,"max_hp_loss":0,"event_name":"Match and Keep!","floor":4,"gold_loss":0,"cards_obtained":["Footwork"]},{"cards_removed":["Strike_G"],"damage_healed":0,"gold_gain":0,"player_choice":"Card Removal","damage_taken":0,"max_hp_gain":0,"max_hp_loss":0,"event_name":"The Cleric","floor":5,"gold_loss":75},{"damage_healed":0,"gold_gain":0,"player_choice":"Fought Mushrooms","damage_taken":0,"max_hp_gain":0,"max_hp_loss":0,"event_name":"Mushrooms","floor":12,"gold_loss":0}],"is_beta":true,"boss_relics":[{"not_picked":["WristBlade","Fusion Hammer"],"picked":"Runic Dome"}],"items_purged_floors":[14],"is_endless":false,"potions_floor_spawned":[1,6,8,18,21],"killed_by":"Book of Stabbing","ascension_level":20}