{"gold_per_floor":[18,18,42,54,84,96,138,167,202,214,237,324,363,394,406,418],"floor_reached":16,"playtime":790,"items_purged":[],"score":224,"play_id":"3386b229-4109-4102-98a8-e800f077a0b9","local_time":"20190504105927","is_ascension_mode":true,"campfire_choices":[{"data":"Hologram","floor":6.0,"key":"SMITH"},{"floor":10.0,"key":"REST"},{"data":"Dualcast","floor":15.0,"key":"SMITH"}],"neow_cost":"NO_GOLD","seed_source_timestamp":501489333531,"circlet_count":0,"master_deck":["AscendersBane","Strike_B","Strike_B","Defend_B","Defend_B","Defend_B","Defend_B","Zap","Dualcast+1","Streamline+1","Static Discharge","Double Energy","Hologram+1","Turbo","Coolheaded","Undo","Glacier","Glacier"],"special_seed":0,"relics":["Cracked Core","MawBank","Bag of Marbles","DataDisk","Du-Vu Doll"],"potions_floor_usage":[16],"damage_taken":[{"damage":2.0,"enemies":"2 Louse","floor":1.0,"turns":3.0},{"damage":0.0,"enemies":"Jaw Worm","floor":3.0,"turns":3.0},{"damage":0.0,"enemies":"Cultist","floor":5.0,"turns":3.0},{"damage":41.0,"enemies":"Gremlin Nob","floor":7.0,"turns":4.0},{"damage":0.0,"enemies":"Large Slime","floor":8.0,"turns":4.0},{"damage":0.0,"enemies":"Blue Slaver","floor":11.0,"turns":3.0},{"damage":4.0,"enemies":"3 Sentries","floor":13.0,"turns":9.0},{"damage":3.0,"enemies":"Gremlin Gang","floor":14.0,"turns":5.0},{"damage":7,"enemies":"Hexaghost","floor":16,"turns":9}],"seed_played":"8141208986959021786","potions_obtained":[{"floor":1.0,"key":"Block Potion"},{"floor":7.0,"key":"Strength Potion"},{"floor":11.0,"key":"Energy Potion"},{"floor":14.0,"key":"Swift Potion"}],"is_trial":false,"path_per_floor":["M","?","M","?","M","R","E","M","T","R","M","?","E","M","R","B"],"character_chosen":"DEFECT","items_purchased":[],"campfire_rested":1,"item_purchase_floors":[],"current_hp_per_floor":[62,44,44,44,44,44,3,3,3,24,24,13,9,6,6,0],"gold":418,"neow_bonus":"TRANSFORM_TWO_CARDS","is_prod":false,"is_daily":false,"chose_seed":false,"campfire_upgraded":2,"win_rate":0,"timestamp":1556938767,"path_taken":["M","?","M","?","?","R","E","M","T","R","M","?","E","M","R","BOSS"],"build_version":"2019-01-23","purchased_purges":0,"victory":false,"max_hp_per_floor":[71,71,71,71,71,71,71,71,71,71,71,71,71,71,71,71],"card_choices":[{"not_picked":["Lockon","Leap"],"picked":"Double Energy","floor":1.0},{"not_picked":["Lockon","Streamline"],"picked":"Hologram","floor":3.0},{"not_picked":["Cold Snap","Scrape"],"picked":"Turbo","floor":5.0},{"not_picked":["Barrage","Compile Driver"],"picked":"Coolheaded","floor":7.0},{"not_picked":["Reinforced Body","Go for the Eyes"],"picked":"Undo","floor":8.0},{"not_picked":["Coolheaded","Barrage"],"picked":"Glacier","floor":11.0},{"not_picked":["Scrape","Compile Driver"],"picked":"Glacier","floor":13.0},{"not_picked":["Sweeping Beam","Beam Cell","Fusion"],"picked":"SKIP","floor":14.0}],"player_experience":4585501,"relics_obtained":[{"floor":7.0,"key":"Bag of Marbles"},{"floor":9.0,"key":"DataDisk"},{"floor":13.0,"key":"Du-Vu Doll"}],"event_choices":[{"damage_healed":0.0,"max_hp_gain":0.0,"max_hp_loss":0.0,"gold_gain":0.0,"event_name":"Scrap Ooze","player_choice":"Success","floor":2.0,"gold_loss":0.0,"damage_taken":18.0,"relics_obtained":["MawBank"]},{"damage_healed":0.0,"max_hp_gain":0.0,"max_hp_loss":0.0,"gold_gain":0.0,"event_name":"Upgrade Shrine","player_choice":"Upgraded","floor":4.0,"gold_loss":0.0,"damage_taken":0.0,"cards_upgraded":["Streamline"]},{"damage_healed":0.0,"max_hp_gain":0.0,"max_hp_loss":0.0,"gold_gain":75.0,"event_name":"World of Goop","player_choice":"Gather Gold","floor":12.0,"gold_loss":0.0,"damage_taken":11.0}],"is_beta":false,"boss_relics":[],"items_purged_floors":[],"is_endless":false,"potions_floor_spawned":[1,7,11,14],"killed_by":"Hexaghost","ascension_level":20}