{"gold_per_floor":[213,213,60,80,80,80,96,130,130,130,30,57,57,132,132,203,203,215,215,61,61,77,102,113,113,194,194],"floor_reached":27,"playtime":617,"items_purged":["Strike_R","Strike_R","Strike_R"],"score":574,"play_id":"f2dee726-5407-442d-80ef-7a1f86cea005","local_time":"20190210230102","is_ascension_mode":true,"campfire_choices":[{"data":"Inflame","floor":6.0,"key":"SMITH"},{"data":"Second Wind","floor":10.0,"key":"SMITH"},{"data":"Whirlwind","floor":13.0,"key":"SMITH"},{"data":"Sword Boomerang","floor":15.0,"key":"SMITH"},{"data":"True Grit","floor":25.0,"key":"SMITH"}],"neow_cost":"NONE","seed_source_timestamp":0,"circlet_count":0,"master_deck":["AscendersBane","Defend_R","Defend_R","Defend_R","Defend_R","Bash","Sword Boomerang+1","Evolve","Inflame+1","Whirlwind+1","Second Wind+1","Exhume","Impervious","True Grit+1","Intimidate"],"special_seed":0,"relics":["Burning Blood","Dead Branch","Meat on the Bone","Shuriken","Philosopher\u0027s Stone","Regal Pillow","Dream Catcher","Toxic Egg 2"],"potions_floor_usage":[],"damage_taken":[{"damage":5.0,"enemies":"Small Slimes","floor":1.0,"turns":5.0},{"damage":5.0,"enemies":"2 Louse","floor":4.0,"turns":3.0},{"damage":6.0,"enemies":"Cultist","floor":7.0,"turns":3.0},{"damage":32.0,"enemies":"Gremlin Nob","floor":8.0,"turns":4.0},{"damage":23.0,"enemies":"3 Sentries","floor":12.0,"turns":7.0},{"damage":3.0,"enemies":"Slime Boss","floor":16.0,"turns":7.0},{"damage":0.0,"enemies":"Chosen","floor":18.0,"turns":4.0},{"damage":11.0,"enemies":"3 Byrds","floor":22.0,"turns":4.0},{"damage":37.0,"enemies":"Slavers","floor":23.0,"turns":3.0},{"damage":4.0,"enemies":"Centurion and Healer","floor":24.0,"turns":5.0},{"damage":0,"enemies":"Gremlin Leader","floor":27,"turns":1}],"seed_played":"876577849430864450","potions_obtained":[{"floor":7.0,"key":"SneckoOil"},{"floor":8.0,"key":"SpeedPotion"},{"floor":24.0,"key":"Swift Potion"}],"is_trial":false,"path_per_floor":["M","?","$","M","?","R","M","E","T","R","$","E","R","?","R","B",null,"M","?","$","?","M","E","M","R","T","E"],"character_chosen":"IRONCLAD","items_purchased":["Evolve","True Grit"],"campfire_rested":0,"item_purchase_floors":[3,20],"current_hp_per_floor":[69,62,62,63,63,63,63,37,37,37,37,32,32,21,21,36,65,71,71,71,71,66,47,49,49,49,49],"gold":194,"neow_bonus":"HUNDRED_GOLD","is_prod":false,"is_daily":false,"chose_seed":false,"campfire_upgraded":5,"win_rate":0,"timestamp":1549810862,"path_taken":["M","?","$","M","?","R","M","E","T","R","$","E","R","?","R","BOSS","M","?","?","?","M","E","M","R","T","E"],"build_version":"2019-01-23","purchased_purges":3,"victory":false,"max_hp_per_floor":[75,75,75,75,75,75,75,75,75,75,75,75,75,75,75,75,75,75,75,75,75,75,75,75,75,75,75],"card_choices":[{"not_picked":["Armaments","Blood for Blood"],"picked":"Sword Boomerang","floor":1.0},{"not_picked":["Warcry","Evolve"],"picked":"Inflame","floor":4.0},{"not_picked":["Uppercut","Thunderclap"],"picked":"Whirlwind","floor":7.0},{"not_picked":["Evolve","Body Slam"],"picked":"Second Wind","floor":8.0},{"not_picked":["Flex","Iron Wave"],"picked":"Exhume","floor":12.0},{"not_picked":["Juggernaut","Bludgeon"],"picked":"Impervious","floor":16.0},{"not_picked":["Iron Wave","Twin Strike","Anger+1"],"picked":"SKIP","floor":18.0},{"not_picked":["Armaments","Anger","Flex"],"picked":"SKIP","floor":22.0},{"not_picked":["Clash","Headbutt+1"],"picked":"Intimidate","floor":23.0},{"not_picked":["Flex","Ghostly Armor","Pommel Strike"],"picked":"SKIP","floor":24.0}],"player_experience":913568,"relics_obtained":[{"floor":8.0,"key":"Dead Branch"},{"floor":9.0,"key":"Meat on the Bone"},{"floor":12.0,"key":"Shuriken"},{"floor":23.0,"key":"Dream Catcher"},{"floor":26.0,"key":"Toxic Egg 2"}],"event_choices":[{"cards_removed":["Strike_R"],"damage_healed":0.0,"max_hp_gain":0.0,"max_hp_loss":0.0,"gold_gain":0.0,"event_name":"Golden Wing","player_choice":"Card Removal","floor":2.0,"gold_loss":0.0,"damage_taken":7.0},{"cards_removed":["Strike_R"],"damage_healed":0.0,"max_hp_gain":0.0,"max_hp_loss":0.0,"gold_gain":0.0,"event_name":"Living Wall","player_choice":"Forget","floor":5.0,"gold_loss":0.0,"damage_taken":0.0},{"damage_healed":0.0,"max_hp_gain":0.0,"max_hp_loss":0.0,"gold_gain":75.0,"event_name":"World of Goop","player_choice":"Gather Gold","floor":14.0,"gold_loss":0.0,"damage_taken":11.0},{"damage_healed":0.0,"max_hp_gain":0.0,"max_hp_loss":0.0,"gold_gain":0.0,"event_name":"WeMeetAgain","player_choice":"Gave Potion","floor":19.0,"gold_loss":0.0,"damage_taken":0.0,"relics_obtained":["Regal Pillow"]},{"damage_healed":0.0,"max_hp_gain":0.0,"max_hp_loss":0.0,"gold_gain":0.0,"event_name":"Ghosts","player_choice":"Ignored","floor":21.0,"gold_loss":0.0,"damage_taken":0.0}],"is_beta":false,"boss_relics":[{"not_picked":["Lizard Tail","Runic Dome"],"picked":"Philosopher\u0027s Stone"}],"items_purged_floors":[3,11,20],"is_endless":false,"potions_floor_spawned":[7,8,24],"killed_by":"Gremlin Leader","ascension_level":20}