{"gold_per_floor":[112,123,123,134,50,50,50,64,64,90,90,116,116,150,150,221,221,196,213,49,49,49,77,77,77],"floor_reached":25,"playtime":1572,"items_purged":["Strike_G"],"score":488,"play_id":"d12a76b1-a9f8-47d8-a0de-5b1d115ee62e","local_time":"20190507181210","is_ascension_mode":true,"campfire_choices":[{"data":"Flechettes","floor":6,"key":"SMITH"},{"data":"Deadly Poison","floor":11,"key":"SMITH"},{"data":"Neutralize","floor":13,"key":"SMITH"},{"data":"Noxious Fumes","floor":15,"key":"SMITH"},{"floor":24,"key":"REST"}],"neow_cost":"NONE","seed_source_timestamp":16869588504722,"circlet_count":0,"master_deck":["AscendersBane","Defend_G","Defend_G","Defend_G","Defend_G","Defend_G","Strike_G","Strike_G","Strike_G","Strike_G","Survivor","Neutralize+1","Flechettes+1","Deadly Poison+1","Cloak And Dagger","Noxious Fumes+1","Unload","Footwork","Malaise","Doppelganger","Dash","Outmaneuver+1","Footwork","Backstab"],"relics":["Ring of the Snake","Pen Nib","Pear","Mango","Kunai","Gremlin Horn","Fusion Hammer","Strawberry"],"potions_floor_usage":[10,10,25],"damage_taken":[{"damage":1,"enemies":"Cultist","floor":1,"turns":5},{"damage":1,"enemies":"2 Louse","floor":2,"turns":4},{"damage":4,"enemies":"Jaw Worm","floor":4,"turns":5},{"damage":0,"enemies":"Blue Slaver","floor":8,"turns":4},{"damage":11,"enemies":"3 Sentries","floor":10,"turns":8},{"damage":30,"enemies":"Gremlin Nob","floor":12,"turns":4},{"damage":17,"enemies":"Lagavulin","floor":14,"turns":6},{"damage":11,"enemies":"The Guardian","floor":16,"turns":10},{"damage":13,"enemies":"2 Thieves","floor":18,"turns":4},{"damage":19,"enemies":"Chosen","floor":19,"turns":6},{"damage":31,"enemies":"Colosseum Slavers","floor":21,"turns":6},{"damage":19,"enemies":"Gremlin Leader","floor":23,"turns":7},{"damage":54,"enemies":"Slavers","floor":25,"turns":5}],"seed_played":"7519246072948825951","potions_obtained":[{"floor":4,"key":"Regen Potion"},{"floor":8,"key":"Energy Potion"},{"floor":12,"key":"LiquidBronze"},{"floor":23,"key":"SneckoOil"}],"is_trial":false,"path_per_floor":["M","M","T","M","$","R","?","M","T","E","R","E","R","E","R","B",null,"M","M","$","?","?","E","R","E"],"character_chosen":"THE_SILENT","items_purchased":["Noxious Fumes","Footwork"],"campfire_rested":1,"item_purchase_floors":[5,20],"current_hp_per_floor":[64,63,63,59,59,59,59,59,69,87,87,57,57,40,40,29,79,66,47,47,16,35,23,53,0],"gold":77,"neow_bonus":"TEN_PERCENT_HP_BONUS","is_prod":false,"is_daily":false,"chose_seed":false,"campfire_upgraded":4,"win_rate":0,"timestamp":1557245530,"path_taken":["M","M","?","M","$","R","?","?","T","E","R","E","R","E","R","BOSS","M","M","$","?","?","E","R","E"],"build_version":"2019-01-23","purchased_purges":1,"victory":false,"max_hp_per_floor":[72,72,72,72,72,72,72,72,82,96,96,96,96,96,96,96,96,96,96,96,96,96,103,103,103],"card_choices":[{"not_picked":["Backflip","Tactician"],"picked":"Flechettes","floor":1},{"not_picked":["Dagger Spray","Slice"],"picked":"Deadly Poison","floor":2},{"not_picked":["Heel Hook","Prepared"],"picked":"Cloak And Dagger","floor":4},{"not_picked":["Quick Slash","Blade Dance","Bane"],"picked":"SKIP","floor":8},{"not_picked":["Poisoned Stab","Dodge and Roll"],"picked":"Footwork","floor":10},{"not_picked":["Prepared","Quick Slash","Deadly Poison"],"picked":"SKIP","floor":12},{"not_picked":["Prepared","Quick Slash","Deadly Poison"],"picked":"SKIP","floor":12},{"not_picked":["Deadly Poison","Dagger Throw"],"picked":"Malaise","floor":14},{"not_picked":["Tools of the Trade","Venomology"],"picked":"Doppelganger","floor":16},{"not_picked":["Outmaneuver","Dagger Throw"],"picked":"Dash","floor":18},{"not_picked":["Flechettes+1","Skewer"],"picked":"Outmaneuver+1","floor":19},{"not_picked":["Poisoned Stab","Corpse Explosion"],"picked":"Backstab","floor":23}],"player_experience":567943,"relics_obtained":[{"floor":3,"key":"Pen Nib"},{"floor":9,"key":"Pear"},{"floor":10,"key":"Mango"},{"floor":12,"key":"Kunai"},{"floor":14,"key":"Gremlin Horn"},{"floor":23,"key":"Strawberry"}],"event_choices":[{"damage_healed":0,"gold_gain":0,"player_choice":"1 cards matched","damage_taken":0,"max_hp_gain":0,"max_hp_loss":0,"event_name":"Match and Keep!","floor":7,"gold_loss":0,"cards_obtained":["Unload"]},{"damage_healed":0,"gold_gain":0,"player_choice":"Fight","damage_taken":0,"max_hp_gain":0,"max_hp_loss":0,"event_name":"Colosseum","floor":21,"gold_loss":0},{"damage_healed":0,"gold_gain":0,"player_choice":"Fled From Nobs","damage_taken":0,"max_hp_gain":0,"max_hp_loss":0,"event_name":"Colosseum","floor":21,"gold_loss":0},{"damage_healed":19,"gold_gain":0,"player_choice":"Heal","damage_taken":0,"max_hp_gain":0,"max_hp_loss":0,"event_name":"The Library","floor":22,"gold_loss":0}],"is_beta":false,"boss_relics":[{"not_picked":["White Beast Statue","Coffee Dripper"],"picked":"Fusion Hammer"}],"items_purged_floors":[20],"is_endless":false,"potions_floor_spawned":[4,8,12,21,23],"killed_by":"Slavers","ascension_level":17}