{"gold_per_floor":[117,133,83,97,116,116,116,148,148,162,180,180,105,105,105,224,224,224],"floor_reached":18,"playtime":2320,"items_purged":["Strike_R"],"score":194,"play_id":"70b1c04b-8137-447e-a8e7-84dcb07d386f","local_time":"20190718191930","is_ascension_mode":true,"campfire_choices":[{"data":"Searing Blow","floor":6,"key":"SMITH"},{"data":"Searing Blow+1","floor":12,"key":"SMITH"},{"floor":15,"key":"REST"}],"neow_cost":"PERCENT_DAMAGE","seed_source_timestamp":384431843250935,"circlet_count":0,"master_deck":["Strike_R","Strike_R","Defend_R","Defend_R","Defend_R","Defend_R","Bash","Searing Blow+2","Entrench","Iron Wave","Bloodletting","Shrug It Off","Power Through","Ghostly Armor","Shrug It Off"],"relics":["Burning Blood","Orichalcum","Matryoshka","Golden Idol","Orrery"],"potions_floor_usage":[8,10,10,16,16,16],"damage_taken":[{"damage":3,"enemies":"Jaw Worm","floor":1,"turns":5},{"damage":0,"enemies":"Small Slimes","floor":2,"turns":4},{"damage":6,"enemies":"2 Louse","floor":4,"turns":3},{"damage":16,"enemies":"Gremlin Gang","floor":5,"turns":7},{"damage":47,"enemies":"Lagavulin","floor":8,"turns":9},{"damage":12,"enemies":"Red Slaver","floor":10,"turns":3},{"damage":4,"enemies":"3 Louse","floor":11,"turns":4},{"damage":36,"enemies":"The Guardian","floor":16,"turns":15},{"damage":95,"enemies":"3 Byrds","floor":18,"turns":11}],"seed_played":"-4341740037367343819","potions_obtained":[{"floor":1,"key":"FearPotion"},{"floor":4,"key":"EntropicBrew"},{"floor":8,"key":"Fruit Juice"},{"floor":11,"key":"PowerPotion"},{"floor":16,"key":"SteroidPotion"}],"is_trial":false,"path_per_floor":["M","M","?","M","M","R","?","E","T","M","M","R","$","?","R","B",null,"M"],"character_chosen":"IRONCLAD","items_purchased":[],"campfire_rested":1,"item_purchase_floors":[],"current_hp_per_floor":[75,81,81,81,71,71,71,30,30,29,31,31,31,31,58,28,93,0],"gold":224,"neow_bonus":"TWENTY_PERCENT_HP_BONUS","is_prod":false,"is_daily":false,"chose_seed":false,"campfire_upgraded":2,"win_rate":0,"timestamp":1563495570,"path_taken":["M","M","?","M","M","R","?","E","T","M","?","R","$","?","R","BOSS","M"],"build_version":"2019-07-17","purchased_purges":1,"victory":false,"max_hp_per_floor":[96,96,96,96,96,96,96,96,96,101,101,101,101,93,93,93,93,93],"card_choices":[{"not_picked":["Power Through","Armaments"],"picked":"Searing Blow","floor":1},{"not_picked":["Cleave","Sever Soul","Pommel Strike"],"picked":"SKIP","floor":2},{"not_picked":["Clash","Warcry","Evolve"],"picked":"SKIP","floor":4},{"not_picked":["Clash","Headbutt"],"picked":"Entrench","floor":5},{"not_picked":["Reckless Charge","Fiend Fire"],"picked":"Bloodletting","floor":8},{"not_picked":["Cleave","Feel No Pain","Warcry"],"picked":"SKIP","floor":10},{"not_picked":["True Grit","Seeing Red"],"picked":"Shrug It Off","floor":11},{"not_picked":["Searing Blow","Pommel Strike"],"picked":"Power Through","floor":17},{"not_picked":["Warcry","Flex"],"picked":"Ghostly Armor","floor":17},{"not_picked":["Thunderclap","Warcry"],"picked":"Shrug It Off","floor":17}],"player_experience":223628,"relics_obtained":[{"floor":8,"key":"Orichalcum"},{"floor":9,"key":"Matryoshka"}],"event_choices":[{"cards_removed":["Strike_R"],"damage_healed":0,"gold_gain":0,"player_choice":"Card Removal","damage_taken":0,"max_hp_gain":0,"max_hp_loss":0,"event_name":"The Cleric","floor":3,"gold_loss":50},{"damage_healed":0,"gold_gain":0,"cards_transformed":["Strike_R"],"player_choice":"Change","damage_taken":0,"max_hp_gain":0,"max_hp_loss":0,"event_name":"Living Wall","floor":7,"gold_loss":0,"cards_obtained":["Iron Wave"]},{"damage_healed":0,"gold_gain":0,"player_choice":"Lose Max HP","damage_taken":0,"relics_obtained":["Golden Idol"],"max_hp_gain":0,"max_hp_loss":8,"event_name":"Golden Idol","floor":14,"gold_loss":0}],"is_beta":false,"boss_relics":[{"not_picked":["Snecko Eye","Astrolabe"],"picked":"Orrery"}],"items_purged_floors":[13],"is_endless":false,"potions_floor_spawned":[1,4,8,11,16],"killed_by":"3 Byrds","ascension_level":4}