{"gold_per_floor":[109,109,34,51,71,97,172,172,197,213,213,43,43,57,57,57],"floor_reached":16,"playtime":408,"items_purged":["Pain"],"score":200,"play_id":"24441958-0b97-453a-9b2d-53f43a088f09","local_time":"20190104100842","is_ascension_mode":true,"campfire_choices":[{"data":"Catalyst","floor":11,"key":"SMITH"},{"data":"Well Laid Plans","floor":13,"key":"SMITH"},{"data":"Catalyst","floor":15,"key":"SMITH"}],"neow_cost":"NONE","seed_source_timestamp":3384210829997,"circlet_count":0,"master_deck":["AscendersBane","Defend_G","Defend_G","Defend_G","Defend_G","Defend_G","Strike_G","Strike_G","Strike_G","Strike_G","Strike_G","Survivor","Neutralize","Reflex","Catalyst+1","Catalyst+1","Well Laid Plans+1"],"relics":["Ring of the Snake","NeowsBlessing","WarpedTongs","Pen Nib","Lantern"],"potions_floor_usage":[6,14],"damage_taken":[{"damage":0,"enemies":"Small Slimes","floor":1,"turns":1},{"damage":0,"enemies":"Cultist","floor":4,"turns":1},{"damage":0,"enemies":"Jaw Worm","floor":5,"turns":1},{"damage":41,"enemies":"3 Sentries","floor":6,"turns":14},{"damage":3,"enemies":"3 Louse","floor":10,"turns":4},{"damage":1,"enemies":"Lots of Slimes","floor":14,"turns":6},{"damage":0,"enemies":"Hexaghost","floor":16,"turns":1}],"seed_played":"3745709468636202986","potions_obtained":[{"floor":1,"key":"SkillPotion"},{"floor":6,"key":"SteroidPotion"},{"floor":10,"key":"Fire Potion"}],"is_trial":false,"path_per_floor":["M","?","$","M","M","E","?","?","T","M","R","$","R","M","R","B"],"character_chosen":"THE_SILENT","items_purchased":["Catalyst","Well Laid Plans"],"campfire_rested":0,"item_purchase_floors":[12,12],"current_hp_per_floor":[59,59,59,59,59,18,7,7,7,4,4,4,4,3,3,3],"gold":57,"neow_bonus":"THREE_ENEMY_KILL","is_prod":false,"is_daily":false,"chose_seed":false,"campfire_upgraded":3,"win_rate":0,"timestamp":1546567722,"path_taken":["M","?","$","M","?","E","?","?","T","?","R","$","R","M","R","BOSS"],"build_version":"2019-01-03","purchased_purges":1,"victory":false,"max_hp_per_floor":[66,66,66,66,66,66,66,66,66,66,66,66,66,66,66,66],"card_choices":[{"not_picked":["Blur","Outmaneuver"],"picked":"Reflex","floor":1},{"not_picked":["Flying Knee","Expertise"],"picked":"Prepared","floor":4},{"not_picked":["Flying Knee","Reflex","Outmaneuver"],"picked":"SKIP","floor":5},{"not_picked":["Masterful Stab","Eviscerate"],"picked":"Catalyst","floor":6},{"not_picked":["Endless Agony","All Out Attack","Quick Slash"],"picked":"SKIP","floor":10},{"not_picked":["Accuracy","Endless Agony","Dodge and Roll"],"picked":"SKIP","floor":14}],"player_experience":1716105,"relics_obtained":[{"floor":6,"key":"Pen Nib"}],"event_choices":[{"damage_healed":0,"gold_gain":0,"player_choice":"Rummage","damage_taken":0,"relics_obtained":["WarpedTongs"],"max_hp_gain":0,"max_hp_loss":0,"event_name":"Accursed Blacksmith","floor":2,"gold_loss":0,"cards_obtained":["Pain"]},{"damage_healed":0,"gold_gain":75,"player_choice":"Gather Gold","damage_taken":11,"max_hp_gain":0,"max_hp_loss":0,"event_name":"World of Goop","floor":7,"gold_loss":0},{"cards_removed":["Prepared"],"damage_healed":0,"gold_gain":0,"player_choice":"Gave Card","damage_taken":0,"relics_obtained":["Lantern"],"max_hp_gain":0,"max_hp_loss":0,"event_name":"WeMeetAgain","floor":8,"gold_loss":0}],"is_beta":false,"boss_relics":[],"items_purged_floors":[3],"is_endless":false,"potions_floor_spawned":[1,6,10],"killed_by":"Hexaghost","ascension_level":20}