{"gold_per_floor":[14,89,89,53,13,13,87,87,160,178,192,222,222,242,242,345,345,364,1084,856,870,887,887,905,905,932,951,951,951,971,986,986,1084,1084,1094,1094,1094,1094,1112,1112,1112,1112,1112],"floor_reached":44,"playtime":1007,"items_purged":["Strike_B"],"score":781,"play_id":"319624df-8a22-4ea3-8630-86761b141265","local_time":"20190615202157","is_ascension_mode":false,"campfire_choices":[{"data":"Darkness","floor":6.0,"key":"SMITH"},{"data":"Defragment","floor":8.0,"key":"SMITH"},{"data":"Dualcast","floor":13.0,"key":"SMITH"},{"data":"Coolheaded","floor":15.0,"key":"SMITH"},{"data":"Redo","floor":23.0,"key":"SMITH"},{"data":"Hologram","floor":25.0,"key":"SMITH"},{"data":"Self Repair","floor":28.0,"key":"SMITH"},{"data":"Seek","floor":32.0,"key":"SMITH"},{"data":"Multi-Cast","floor":41,"key":"SMITH"}],"neow_cost":"NO_GOLD","seed_source_timestamp":5376581667772,"circlet_count":0,"master_deck":["Strike_B","Defend_B","Defend_B","Defend_B","Defend_B","Zap","Dualcast+1","Hologram+1","Darkness+1","Defragment+1","Auto Shields+1","Undo","Redo+1","Coolheaded+1","Seek+1","Self Repair+1","Multi-Cast+1","Dark Shackles"],"special_seed":0,"relics":["Cracked Core","PreservedInsect","Meat on the Bone","Gremlin Horn","Dodecahedron","Runic Pyramid","Happy Flower","Centennial Puzzle","Lizard Tail"],"potions_floor_usage":[43,43,43],"damage_taken":[{"damage":0.0,"enemies":"Small Slimes","floor":1.0,"turns":3.0},{"damage":11.0,"enemies":"Jaw Worm","floor":10.0,"turns":2.0},{"damage":0.0,"enemies":"Cultist","floor":11.0,"turns":5.0},{"damage":2.0,"enemies":"Lagavulin","floor":12.0,"turns":5.0},{"damage":7.0,"enemies":"Blue Slaver","floor":14.0,"turns":3.0},{"damage":12.0,"enemies":"Hexaghost","floor":16.0,"turns":7.0},{"damage":0.0,"enemies":"Chosen","floor":18.0,"turns":5.0},{"damage":0.0,"enemies":"3 Byrds","floor":21.0,"turns":4.0},{"damage":0.0,"enemies":"Shelled Parasite and Fungi","floor":22.0,"turns":5.0},{"damage":0.0,"enemies":"Snecko","floor":24.0,"turns":5.0},{"damage":4.0,"enemies":"Snake Plant","floor":27.0,"turns":4.0},{"damage":0.0,"enemies":"Cultist and Chosen","floor":30.0,"turns":6.0},{"damage":0.0,"enemies":"Snecko","floor":31.0,"turns":6.0},{"damage":0.0,"enemies":"Champ","floor":33.0,"turns":7.0},{"damage":23.0,"enemies":"3 Darklings","floor":35.0,"turns":6.0},{"damage":0,"enemies":"3 Shapes","floor":39,"turns":5},{"damage":22,"enemies":"Time Eater","floor":43,"turns":6}],"seed_played":"-7185472683639238713","potions_obtained":[{"floor":10.0,"key":"Energy Potion"},{"floor":11.0,"key":"Swift Potion"},{"floor":18.0,"key":"LiquidBronze"}],"is_trial":false,"path_per_floor":["M","?","?","$","$","R","T","R","T","M","M","E","R","M","R","B",null,"M","?","$","M","M","R","M","R","T","M","R","?","M","M","R","B",null,"M","?","?","?","M","?","R","?","B",null],"character_chosen":"DEFECT","items_purchased":["Auto Shields","Undo","Happy Flower"],"campfire_rested":0,"item_purchase_floors":[4,5,20],"current_hp_per_floor":[75,64,61,61,61,61,61,61,61,50,50,48,48,41,41,41,75,75,12,12,24,36,36,48,48,48,44,44,44,54,64,64,74,75,62,62,62,62,71,71,71,71,59],"gold":1112,"neow_bonus":"TRANSFORM_TWO_CARDS","is_prod":false,"is_daily":false,"chose_seed":false,"campfire_upgraded":9,"win_rate":0,"timestamp":1560601317,"path_taken":["M","?","?","?","$","R","?","R","T","M","M","E","R","M","R","BOSS","M","?","?","M","M","R","M","R","T","M","R","?","M","?","R","BOSS","M","?","?","?","M","?","R","?","BOSS"],"build_version":"2019-01-23","purchased_purges":1,"victory":true,"max_hp_per_floor":[75,75,75,75,75,75,75,75,75,75,75,75,75,75,75,75,75,75,75,75,75,75,75,75,75,75,75,75,75,75,75,75,75,75,75,75,75,71,71,71,71,71,71],"card_choices":[{"not_picked":["Stack","Ball Lightning"],"picked":"Defragment","floor":1.0},{"not_picked":["Hologram","Reprogram","Reinforced Body"],"picked":"SKIP","floor":10.0},{"not_picked":["Capacitor","Coolheaded"],"picked":"Redo","floor":11.0},{"not_picked":["Rip and Tear","Steam","Blizzard"],"picked":"SKIP","floor":12.0},{"not_picked":["Turbo","Compile Driver"],"picked":"Coolheaded","floor":14.0},{"not_picked":["Core Surge","Meteor Strike"],"picked":"Seek","floor":16.0},{"not_picked":["Static Discharge","Gash","Darkness"],"picked":"SKIP","floor":18.0},{"not_picked":["Cold Snap+1","Conserve Battery","Rebound"],"picked":"SKIP","floor":21.0},{"not_picked":["Sweeping Beam","White Noise","Defragment"],"picked":"SKIP","floor":22.0},{"not_picked":["Darkness","Redo","Rebound"],"picked":"SKIP","floor":24.0},{"not_picked":["Rebound","Self Repair","Conserve Battery+1"],"picked":"SKIP","floor":27.0},{"not_picked":["Rebound","Conserve Battery+1"],"picked":"Self Repair","floor":27.0},{"not_picked":["Steam","Leap","Ball Lightning"],"picked":"SKIP","floor":30.0},{"not_picked":["Consume","Gash","Ball Lightning+1"],"picked":"SKIP","floor":31.0},{"not_picked":["Machine Learning","Electrodynamics"],"picked":"Multi-Cast","floor":33.0},{"not_picked":["Darkness","Cold Snap","Compile Driver+1"],"picked":"SKIP","floor":35.0},{"not_picked":["Dramatic Entrance","The Bomb"],"picked":"Dark Shackles","floor":36},{"not_picked":["Sunder+1","Go for the Eyes","Doom and Gloom"],"picked":"SKIP","floor":39}],"player_experience":5260121,"relics_obtained":[{"floor":7.0,"key":"Meat on the Bone"},{"floor":9.0,"key":"Gremlin Horn"},{"floor":12.0,"key":"Dodecahedron"},{"floor":26.0,"key":"Centennial Puzzle"}],"event_choices":[{"damage_healed":0.0,"max_hp_gain":0.0,"max_hp_loss":0.0,"gold_gain":75.0,"event_name":"World of Goop","player_choice":"Gather Gold","floor":2.0,"gold_loss":0.0,"damage_taken":11.0},{"damage_healed":0.0,"max_hp_gain":0.0,"max_hp_loss":0.0,"gold_gain":0.0,"event_name":"Scrap Ooze","player_choice":"Success","floor":3.0,"gold_loss":0.0,"damage_taken":3.0,"relics_obtained":["PreservedInsect"]},{"damage_healed":0.0,"max_hp_gain":0.0,"max_hp_loss":0.0,"gold_gain":720.0,"event_name":"Knowing Skull","player_choice":"GOLD GOLD GOLD GOLD GOLD GOLD GOLD GOLD ","floor":19.0,"potions_obtained":[],"gold_loss":0.0,"damage_taken":63.0,"cards_obtained":[]},{"damage_healed":0.0,"max_hp_gain":0.0,"max_hp_loss":0.0,"gold_gain":0.0,"event_name":"Upgrade Shrine","player_choice":"Upgraded","floor":29.0,"gold_loss":0.0,"damage_taken":0.0,"cards_upgraded":["Auto Shields"]},{"damage_healed":0,"gold_gain":0,"player_choice":"Memory 1","damage_taken":0,"max_hp_gain":0,"max_hp_loss":0,"event_name":"SensoryStone","floor":36,"gold_loss":0},{"damage_healed":0,"gold_gain":0,"player_choice":"Ignored","damage_taken":0,"max_hp_gain":0,"max_hp_loss":0,"event_name":"Mysterious Sphere","floor":37,"gold_loss":0},{"damage_healed":0,"gold_gain":0,"player_choice":"Max HP","damage_taken":0,"max_hp_gain":0,"max_hp_loss":4,"event_name":"Winding Halls","floor":38,"gold_loss":0},{"damage_healed":0,"gold_gain":0,"player_choice":"Ignored","damage_taken":0,"max_hp_gain":0,"max_hp_loss":0,"event_name":"Tomb of Lord Red Mask","floor":40,"gold_loss":0},{"damage_healed":0,"gold_gain":0,"player_choice":"Took Portal","damage_taken":0,"max_hp_gain":0,"max_hp_loss":0,"event_name":"SecretPortal","floor":42,"gold_loss":0}],"is_beta":false,"boss_relics":[{"not_picked":["Nuclear Battery","FrozenCore"],"picked":"Runic Pyramid"},{"not_picked":["Philosopher\u0027s Stone","Inserter"],"picked":"Lizard Tail"}],"items_purged_floors":[20],"is_endless":false,"potions_floor_spawned":[10,11,18,22,30,33],"ascension_level":0}