{"gold_per_floor":[110,129,129,129,145,178,178,205,235,235,252,252,265,265,265,370,370,389,355,201,201,201],"floor_reached":22,"playtime":597,"items_purged":["Strike_R"],"score":272,"play_id":"30e85ff8-6753-448b-99aa-05f931788f62","local_time":"20180921002628","is_ascension_mode":true,"campfire_choices":[{"data":"Inflame","floor":7.0,"key":"SMITH"},{"data":"Power Through","floor":10.0,"key":"SMITH"},{"data":"Finesse","floor":12.0,"key":"SMITH"},{"data":"Fiend Fire","floor":15.0,"key":"SMITH"}],"neow_cost":"NONE","seed_source_timestamp":41881482174206,"circlet_count":0,"master_deck":["Strike_R","Strike_R","Strike_R","Defend_R","Defend_R","Defend_R","Defend_R","Bash","Fiend Fire+1","Inflame+1","Power Through+1","Fiend Fire","Evolve","Finesse+1","Immolate","Body Slam","Feel No Pain+1"],"special_seed":0,"relics":["Burning Blood","Red Skull","Frozen Egg 2","Tiny Chest","Eternal Feather"],"potions_floor_usage":[],"damage_taken":[{"damage":1.0,"enemies":"Cultist","floor":1.0,"turns":3.0},{"damage":12.0,"enemies":"Jaw Worm","floor":2.0,"turns":2.0},{"damage":0.0,"enemies":"Small Slimes","floor":5.0,"turns":2.0},{"damage":23.0,"enemies":"Lagavulin","floor":6.0,"turns":6.0},{"damage":16.0,"enemies":"Gremlin Nob","floor":8.0,"turns":3.0},{"damage":14.0,"enemies":"Exordium Thugs","floor":11.0,"turns":4.0},{"damage":5.0,"enemies":"Red Slaver","floor":13.0,"turns":2.0},{"damage":38.0,"enemies":"The Guardian","floor":16.0,"turns":10.0},{"damage":0,"enemies":"Chosen","floor":18,"turns":5},{"damage":30,"enemies":"2 Thieves","floor":19,"turns":5},{"damage":53,"enemies":"3 Cultists","floor":22,"turns":4}],"seed_played":"-1795600017944696028","potions_obtained":[{"floor":6.0,"key":"Fire Potion"},{"floor":16.0,"key":"LiquidBronze"}],"is_trial":false,"path_per_floor":["M","M","?","?","M","E","R","E","T","R","M","R","M","?","R","B",null,"M","M","$","?"],"character_chosen":"IRONCLAD","items_purchased":["Feel No Pain+1"],"campfire_rested":0,"item_purchase_floors":[20],"current_hp_per_floor":[77,71,71,71,77,60,60,50,50,50,42,42,43,48,48,16,68,74,50,50,50,0],"gold":201,"neow_bonus":"ONE_RANDOM_RARE_CARD","is_prod":false,"is_daily":false,"chose_seed":false,"campfire_upgraded":4,"win_rate":0,"timestamp":1537460788,"path_taken":["M","?","?","?","M","E","R","E","T","R","?","R","M","?","R","BOSS","M","M","$","?","?"],"build_version":"2018-09-06","purchased_purges":1,"victory":false,"max_hp_per_floor":[80,80,80,80,80,80,80,80,80,80,80,80,80,85,85,85,85,85,85,85,85,85],"card_choices":[{"not_picked":["Armaments","Pommel Strike"],"picked":"Inflame","floor":1.0},{"not_picked":["Headbutt","Cleave","Anger"],"picked":"SKIP","floor":2.0},{"not_picked":["Searing Blow","Heavy Blade","Rupture"],"picked":"SKIP","floor":5.0},{"not_picked":["Carnage","Pommel Strike","Burning Pact"],"picked":"SKIP","floor":6.0},{"not_picked":["Sentinel","Wild Strike","Bloodletting"],"picked":"SKIP","floor":8.0},{"not_picked":["Twin Strike","Rampage","Uppercut"],"picked":"SKIP","floor":11.0},{"not_picked":["Sentinel","Anger","Havoc"],"picked":"SKIP","floor":13.0},{"not_picked":["Fiend Fire","Impervious"],"picked":"Immolate","floor":16.0},{"not_picked":["Headbutt","Pummel+1","Cleave"],"picked":"SKIP","floor":18},{"not_picked":["Sword Boomerang","Havoc"],"picked":"Body Slam","floor":19}],"player_experience":54860,"relics_obtained":[{"floor":6.0,"key":"Red Skull"},{"floor":8.0,"key":"Frozen Egg 2"},{"floor":9.0,"key":"Tiny Chest"}],"event_choices":[{"event_name":"Living Wall","player_choice":"Change","floor":3.0,"damage_taken":0.0},{"event_name":"Match and Keep!","player_choice":"3 cards matched","floor":4.0,"damage_taken":0.0},{"event_name":"Big Fish","player_choice":"Donut","floor":14.0,"damage_taken":0.0},{"event_name":"Vampires","player_choice":"Ignored","floor":21,"damage_taken":0}],"is_beta":false,"boss_relics":[{"not_picked":["White Beast Statue","Orrery"],"picked":"Eternal Feather"}],"items_purged_floors":[20],"is_endless":false,"potions_floor_spawned":[6,16],"killed_by":"3 Cultists","ascension_level":8}