{"gold_per_floor":[114,131,131,131,26,26,54,71,98,123,60,72,99,111,123,135],"floor_reached":16,"playtime":695,"items_purged":[],"score":250,"play_id":"4006039c-2bbc-4c96-8dde-95275ba8a45e","local_time":"20190321141901","is_ascension_mode":true,"campfire_choices":[{"data":"Poisoned Stab","floor":6.0,"key":"SMITH"},{"data":"Deadly Poison","floor":12.0,"key":"SMITH"},{"data":"Neutralize","floor":15,"key":"SMITH"}],"neow_cost":"NONE","seed_source_timestamp":9127408583345,"circlet_count":0,"master_deck":["AscendersBane","Defend_G","Defend_G","Defend_G","Defend_G","Defend_G","Strike_G","Strike_G","Survivor","Neutralize+1","ReplayTheSpireMod:Exploit Weakness","Poisoned Stab+1","Specialist","Tools of the Trade","Deadly Poison+1","ReplayTheSpireMod:Shiv Toss"],"special_seed":0,"relics":["Ring of the Snake","NeowsBlessing","ReplayTheSpireMod:Lightbulb","MawBank"],"potions_floor_usage":[16,16],"damage_taken":[{"damage":0.0,"enemies":"Jaw Worm","floor":1.0,"turns":1.0},{"damage":0.0,"enemies":"2 Louse","floor":2.0,"turns":1.0},{"damage":0.0,"enemies":"3 Sentries","floor":7.0,"turns":1.0},{"damage":2.0,"enemies":"Small Slimes","floor":8.0,"turns":4.0},{"damage":4.0,"enemies":"Blue Slaver","floor":10.0,"turns":4.0},{"damage":12.0,"enemies":"3 Louse","floor":13.0,"turns":4.0},{"damage":42,"enemies":"Slime Boss","floor":16,"turns":8}],"seed_played":"6343697556878348251","potions_obtained":[{"floor":8.0,"key":"Fire Potion"},{"floor":10.0,"key":"Poison Potion"},{"floor":13.0,"key":"Toxic Potion"}],"is_trial":false,"path_per_floor":["M","M","?","?","$","R","E","M","T","M","?","R","M","?","R","B"],"character_chosen":"THE_SILENT","items_purchased":["Specialist"],"campfire_rested":0,"item_purchase_floors":[5],"current_hp_per_floor":[59,59,52,57,57,57,57,55,55,51,51,51,39,39,39,0],"gold":135,"neow_bonus":"THREE_ENEMY_KILL","is_prod":false,"is_daily":false,"chose_seed":false,"campfire_upgraded":3,"win_rate":0,"timestamp":1553149141,"path_taken":["M","M","?","?","$","R","E","M","T","M","?","R","M","?","R","BOSS"],"build_version":"2019-01-23","purchased_purges":0,"victory":false,"max_hp_per_floor":[66,66,66,71,71,71,71,71,71,71,71,71,71,71,71,71],"card_choices":[{"not_picked":["Prepared","Deflect"],"picked":"ReplayTheSpireMod:Exploit Weakness","floor":1.0},{"not_picked":["Outmaneuver","Underhanded Strike"],"picked":"Poisoned Stab","floor":2.0},{"not_picked":["PiercingWail","Acrobatics"],"picked":"Tools of the Trade","floor":7.0},{"not_picked":["Hidden Blade","Blade Dance"],"picked":"Deadly Poison","floor":8.0},{"not_picked":["Dagger Spray","Bane"],"picked":"ReplayTheSpireMod:Shiv Toss","floor":10.0},{"not_picked":["Outmaneuver","Dagger Throw","Setup"],"picked":"SKIP","floor":13.0}],"player_experience":3761100,"relics_obtained":[{"floor":7.0,"key":"ReplayTheSpireMod:Lightbulb"},{"floor":9.0,"key":"MawBank"}],"event_choices":[{"cards_removed":["Strike_G"],"damage_healed":0.0,"max_hp_gain":0.0,"max_hp_loss":0.0,"gold_gain":0.0,"event_name":"Golden Wing","player_choice":"Card Removal","floor":3.0,"gold_loss":0.0,"damage_taken":7.0},{"damage_healed":0.0,"max_hp_gain":5.0,"max_hp_loss":0.0,"gold_gain":0.0,"event_name":"Big Fish","player_choice":"Donut","floor":4.0,"gold_loss":0.0,"damage_taken":0.0},{"cards_removed":["Strike_G"],"damage_healed":0.0,"max_hp_gain":0.0,"max_hp_loss":0.0,"gold_gain":0.0,"event_name":"The Cleric","player_choice":"Card Removal","floor":11.0,"gold_loss":75.0,"damage_taken":0.0}],"is_beta":false,"boss_relics":[],"items_purged_floors":[],"is_endless":false,"potions_floor_spawned":[8,10,13],"killed_by":"Slime Boss","ascension_level":20}