{"gold_per_floor":[113,74,89,101,101,101,135,135,135,150,165,200,200,200,200,200],"floor_reached":16,"playtime":645,"items_purged":[],"score":220,"play_id":"d66510da-535d-4ef6-bc38-8dcf39b7c7db","local_time":"20190217235832","is_ascension_mode":true,"campfire_choices":[{"data":"Predator","floor":6.0,"key":"SMITH"},{"data":"Well Laid Plans","floor":8.0,"key":"SMITH"},{"data":"Night Terror","floor":13,"key":"SMITH"},{"data":"Neutralize","floor":15,"key":"SMITH"}],"neow_cost":"NONE","seed_source_timestamp":53532007116702,"circlet_count":0,"master_deck":["AscendersBane","Defend_G","Defend_G","Defend_G","Defend_G","Defend_G","Strike_G","Strike_G","Strike_G","Strike_G","Survivor","Neutralize+1","Envenom","Well Laid Plans+1","Predator+1","Escape Plan","Deadly Poison+1","Night Terror+1","Doppelganger"],"special_seed":0,"relics":["Ring of the Snake","Gambling Chip","Boot"],"potions_floor_usage":[],"damage_taken":[{"damage":1.0,"enemies":"Cultist","floor":1.0,"turns":5.0},{"damage":6.0,"enemies":"Small Slimes","floor":3.0,"turns":4.0},{"damage":1.0,"enemies":"2 Louse","floor":4.0,"turns":3.0},{"damage":7.0,"enemies":"Gremlin Nob","floor":7.0,"turns":3.0},{"damage":2.0,"enemies":"Exordium Wildlife","floor":10.0,"turns":3.0},{"damage":1.0,"enemies":"Blue Slaver","floor":11.0,"turns":4.0},{"damage":7,"enemies":"Lagavulin","floor":12,"turns":7},{"damage":10,"enemies":"Slime Boss","floor":16,"turns":8}],"seed_played":"5832949003499288313","potions_obtained":[{"floor":4.0,"key":"FearPotion"},{"floor":11.0,"key":"GamblersBrew"}],"is_trial":false,"path_per_floor":["M","$","M","M","?","R","E","R","T","M","M","E","R","?","R","B"],"character_chosen":"THE_SILENT","items_purchased":["Predator"],"campfire_rested":0,"item_purchase_floors":[2],"current_hp_per_floor":[58,58,52,51,51,51,44,44,44,42,41,34,34,34,34,24],"gold":200,"neow_bonus":"ONE_RANDOM_RARE_CARD","is_prod":false,"is_daily":false,"chose_seed":false,"campfire_upgraded":4,"win_rate":0,"timestamp":1550419112,"path_taken":["M","$","M","M","?","R","E","R","T","M","?","E","R","?","R","BOSS"],"build_version":"2019-01-23","purchased_purges":0,"victory":false,"max_hp_per_floor":[66,66,66,66,66,66,66,66,66,66,66,66,66,66,66,66],"card_choices":[{"not_picked":["Outmaneuver","Endless Agony"],"picked":"Well Laid Plans","floor":1.0},{"not_picked":["Heel Hook","Blur"],"picked":"Escape Plan","floor":3.0},{"not_picked":["Slice","Sucker Punch"],"picked":"Deadly Poison","floor":4.0},{"not_picked":["Concentrate","Dagger Throw","Underhanded Strike"],"picked":"SKIP","floor":7.0},{"not_picked":["PiercingWail","Riddle With Holes","Flechettes"],"picked":"SKIP","floor":10.0},{"not_picked":["Skewer","Flying Knee"],"picked":"Night Terror","floor":11.0},{"not_picked":["Predator","Cloak And Dagger","Underhanded Strike"],"picked":"SKIP","floor":12}],"player_experience":2884772,"relics_obtained":[{"floor":7.0,"key":"Gambling Chip"},{"floor":12,"key":"Boot"}],"event_choices":[{"damage_healed":0.0,"max_hp_gain":0.0,"max_hp_loss":0.0,"gold_gain":0.0,"event_name":"Upgrade Shrine","player_choice":"Upgraded","floor":5.0,"gold_loss":0.0,"damage_taken":0.0,"cards_upgraded":["Deadly Poison"]},{"damage_healed":0,"gold_gain":0,"cards_transformed":["Strike_G"],"player_choice":"Change","damage_taken":0,"max_hp_gain":0,"max_hp_loss":0,"event_name":"Living Wall","floor":14,"gold_loss":0,"cards_obtained":["Doppelganger"]}],"is_beta":false,"boss_relics":[],"items_purged_floors":[],"is_endless":false,"potions_floor_spawned":[4,11],"killed_by":"Slime Boss","ascension_level":20}