{"gold_per_floor":[111,125,136,151,170,170,186,186,186,204,154,154,173,184,184,283,283,303,314,314,165,182,182,216,216,285,304,304,47,60,71,71,166,166,178,188,200,211,221,221,201,219,219,252,252,266,293,14,14,14],"floor_reached":51,"playtime":2337,"items_purged":["Strike_G","Strike_G"],"score":1344,"play_id":"37d2974d-1fc1-40d3-bf0e-f9aab0379633","local_time":"20181010112955","is_ascension_mode":true,"campfire_choices":[{"data":"Catalyst","floor":6,"key":"SMITH"},{"data":"Noxious Fumes","floor":8,"key":"SMITH"},{"data":"Footwork","floor":15,"key":"SMITH"},{"floor":23,"key":"REST"},{"data":"Catalyst","floor":28,"key":"SMITH"},{"data":"Well Laid Plans","floor":32,"key":"SMITH"},{"data":"Catalyst","floor":40,"key":"SMITH"},{"data":"Footwork","floor":45,"key":"SMITH"},{"data":"Catalyst","floor":49,"key":"SMITH"}],"neow_cost":"TEN_PERCENT_HP_LOSS","seed_source_timestamp":9626021092143,"circlet_count":0,"master_deck":["Defend_G","Defend_G","Defend_G","Defend_G","Defend_G","Survivor","Neutralize","AscendersBane","Catalyst+1","Deadly Poison","Footwork+1","Deadly Poison","Deadly Poison","Escape Plan","Deadly Poison","Noxious Fumes+1","Backflip","Backflip","Corpse Explosion","Well Laid Plans+1","Catalyst+1","Bouncing Flask+1","All Out Attack","Escape Plan","Footwork+1","Deflect+1","Backflip+1","Leg Sweep","Backflip","Well Laid Plans+1","Calculated Gamble+1","Deflect+1","Night Terror","Backflip","Deadly Poison+1","Well Laid Plans","Leg Sweep","Leg Sweep","Prepared+1","Catalyst+1","Well Laid Plans+1","Backflip+1","Deflect","Deflect","Leg Sweep","Footwork","Backflip+1","Leg Sweep+1","Calculated Gamble+1","Catalyst+1","Backflip","Backflip","Dash","Glass Knife","Tactician","Catalyst+1"],"relics":["Ring of the Snake","Prayer Wheel","Question Card","Eternal Feather","Oddly Smooth Stone","The Courier","Snake Skull","Orrery","Dodecahedron","Omamori"],"potions_floor_usage":[7,13,13,16,18,19,19,24,35,35,35,38,44,50],"damage_taken":[{"damage":0,"enemies":"Small Slimes","floor":1,"turns":3},{"damage":0,"enemies":"2 Louse","floor":2,"turns":4},{"damage":0,"enemies":"Jaw Worm","floor":3,"turns":3},{"damage":0,"enemies":"3 Louse","floor":4,"turns":7},{"damage":2,"enemies":"Blue Slaver","floor":5,"turns":5},{"damage":5,"enemies":"2 Fungi Beasts","floor":7,"turns":6},{"damage":0,"enemies":"Red Slaver","floor":10,"turns":4},{"damage":0,"enemies":"Gremlin Gang","floor":13,"turns":7},{"damage":0,"enemies":"Looter","floor":14,"turns":3},{"damage":30,"enemies":"Slime Boss","floor":16,"turns":6},{"damage":0,"enemies":"Spheric Guardian","floor":18,"turns":5},{"damage":20,"enemies":"2 Thieves","floor":19,"turns":4},{"damage":20,"enemies":"Snecko","floor":22,"turns":4},{"damage":34,"enemies":"Slavers","floor":24,"turns":2},{"damage":0,"enemies":"Snake Plant","floor":27,"turns":2},{"damage":12,"enemies":"Chosen and Byrds","floor":30,"turns":8},{"damage":5,"enemies":"Shelled Parasite and Fungi","floor":31,"turns":6},{"damage":16,"enemies":"Automaton","floor":33,"turns":7},{"damage":5,"enemies":"3 Darklings","floor":35,"turns":6},{"damage":0,"enemies":"Orb Walker","floor":36,"turns":3},{"damage":0,"enemies":"3 Darklings","floor":37,"turns":5},{"damage":18,"enemies":"Sphere and 2 Shapes","floor":38,"turns":5},{"damage":14,"enemies":"Spire Growth","floor":39,"turns":6},{"damage":10,"enemies":"3 Darklings","floor":42,"turns":4},{"damage":17,"enemies":"Nemesis","floor":44,"turns":5},{"damage":19,"enemies":"Transient","floor":46,"turns":5},{"damage":0,"enemies":"Giant Head","floor":47,"turns":5},{"damage":25,"enemies":"Donu and Deca","floor":50,"turns":9}],"seed_played":"5921361852406958068","potions_obtained":[{"floor":2,"key":"SkillPotion"},{"floor":4,"key":"Energy Potion"},{"floor":5,"key":"GamblersBrew"},{"floor":10,"key":"Weak Potion"},{"floor":13,"key":"Energy Potion"},{"floor":14,"key":"SpeedPotion"},{"floor":16,"key":"SkillPotion"},{"floor":18,"key":"AttackPotion"},{"floor":27,"key":"EntropicBrew"},{"floor":33,"key":"SpeedPotion"},{"floor":36,"key":"GhostInAJar"},{"floor":41,"key":"GamblersBrew"},{"floor":42,"key":"Block Potion"},{"floor":46,"key":"Energy Potion"}],"is_trial":false,"path_per_floor":["M","M","M","M","M","R","M","R","T","M","?","?","M","M","R","B",null,"M","M","?","$","M","R","E","?","T","M","R","$","M","M","R","B",null,"M","M","M","M","M","R","?","M","T","E","R","M","E","$","R","B"],"character_chosen":"THE_SILENT","items_purchased":["Footwork","Snake Skull","Well Laid Plans","Dash","Glass Knife","Tactician","Catalyst"],"campfire_rested":1,"item_purchase_floors":[21,29,29,48,48,48,48],"current_hp_per_floor":[63,63,63,63,61,61,56,56,56,56,56,56,56,56,56,26,54,54,34,34,34,14,47,13,63,63,63,63,63,51,46,63,47,59,54,54,54,36,22,49,49,39,39,22,52,33,33,33,63,38],"gold":14,"neow_bonus":"ONE_RARE_RELIC","is_prod":false,"is_daily":false,"chose_seed":false,"campfire_upgraded":8,"win_rate":0,"timestamp":1539142195,"path_taken":["M","M","M","M","M","R","M","R","T","M","?","?","M","M","R","BOSS","M","M","?","$","?","R","E","?","T","M","R","?","?","M","R","BOSS","M","M","M","M","M","R","?","M","T","E","R","?","E","$","R","BOSS"],"build_version":"2018-10-04v2","purchased_purges":2,"victory":true,"max_hp_per_floor":[63,63,63,63,63,63,63,63,63,63,63,63,63,63,63,63,63,63,63,63,63,63,63,63,63,63,63,63,63,63,63,63,63,63,63,63,63,63,63,63,63,63,63,63,63,63,63,63,63,63],"card_choices":[{"not_picked":["Dagger Spray","Masterful Stab","Poisoned Stab"],"picked":"SKIP","floor":1},{"not_picked":["Blade Dance","Underhanded Strike","Endless Agony"],"picked":"SKIP","floor":1},{"not_picked":["Deflect","Escape Plan"],"picked":"Catalyst","floor":2},{"not_picked":["Dagger Spray","Blade Dance"],"picked":"Deadly Poison","floor":2},{"not_picked":["Slice","Quick Slash"],"picked":"Footwork","floor":3},{"not_picked":["Dodge and Roll","Riddle With Holes"],"picked":"Deadly Poison","floor":3},{"not_picked":["Bullet Time","Bane"],"picked":"Deadly Poison","floor":4},{"not_picked":["Deflect","Acrobatics"],"picked":"Dash","floor":4},{"not_picked":["Endless Agony","Dodge and Roll"],"picked":"Escape Plan","floor":5},{"not_picked":["Concentrate","Prepared","Backstab"],"picked":"SKIP","floor":5},{"not_picked":["Quick Slash","Prepared"],"picked":"Deadly Poison","floor":7},{"not_picked":["Concentrate","Reflex"],"picked":"Noxious Fumes","floor":7},{"not_picked":["Cloak And Dagger","Riddle With Holes","Concentrate"],"picked":"Backflip","floor":10},{"not_picked":["Accuracy","Terror","Caltrops","Slice"],"picked":"SKIP","floor":10},{"not_picked":["Skewer","Blade Dance","Backstab","Reflex"],"picked":"SKIP","floor":13},{"not_picked":["Heel Hook","Skewer","Cloak And Dagger","Accuracy"],"picked":"SKIP","floor":13},{"not_picked":["PiercingWail","Quick Slash","Slice"],"picked":"Backflip","floor":14},{"not_picked":["PiercingWail","Eviscerate","Phantasmal Killer","Quick Slash"],"picked":"SKIP","floor":14},{"not_picked":["Tools of the Trade","Bullet Time","Adrenaline"],"picked":"Corpse Explosion","floor":16},{"not_picked":["Dagger Spray+1","Sucker Punch","Blur"],"picked":"Well Laid Plans+1","floor":18},{"not_picked":["PiercingWail","Calculated Gamble+1","Backstab"],"picked":"Catalyst","floor":18},{"not_picked":["Backflip","Cloak And Dagger","Blade Dance"],"picked":"Bouncing Flask+1","floor":19},{"not_picked":["Poisoned Stab","Reflex","Quick Slash+1","Choke"],"picked":"SKIP","floor":19},{"not_picked":["Reflex","Dodge and Roll","Acrobatics"],"picked":"Deflect+1","floor":22},{"not_picked":["Endless Agony","Flying Knee+1","Distraction","Blade Dance"],"picked":"SKIP","floor":22},{"not_picked":["Deflect+1","Doppelganger","Crippling Poison+1"],"picked":"Backflip+1","floor":24},{"not_picked":["Slice","Acrobatics+1","PiercingWail"],"picked":"Leg Sweep","floor":27},{"not_picked":["Dodge and Roll","Deadly Poison","Dagger Spray"],"picked":"Backflip","floor":27},{"not_picked":["Cloak And Dagger","Setup","Endless Agony"],"picked":"Calculated Gamble+1","floor":30},{"not_picked":["Accuracy","Sucker Punch","Dagger Spray","Caltrops+1"],"picked":"SKIP","floor":30},{"not_picked":["Blade Dance","Infinite Blades","Doppelganger"],"picked":"Deflect+1","floor":31},{"not_picked":["Slice","Dagger Spray","Infinite Blades","Cloak And Dagger"],"picked":"SKIP","floor":31},{"not_picked":["Corpse Explosion","Unload","Tools of the Trade"],"picked":"Night Terror","floor":33},{"not_picked":["Flying Knee","Outmaneuver","Deflect"],"picked":"Backflip","floor":34},{"not_picked":["Flying Knee","Dagger Spray","Setup"],"picked":"Deadly Poison+1","floor":34},{"not_picked":["A Thousand Cuts","Blade Dance+1","Masterful Stab"],"picked":"Well Laid Plans","floor":34},{"not_picked":["Slice","Flechettes","Terror"],"picked":"Leg Sweep","floor":34},{"not_picked":["Cloak And Dagger","Underhanded Strike+1","Slice+1"],"picked":"Leg Sweep","floor":34},{"not_picked":["Eviscerate","Deadly Poison","Dagger Throw+1"],"picked":"Prepared+1","floor":35},{"not_picked":["Dodge and Roll","Poisoned Stab+1","Reflex+1"],"picked":"Catalyst","floor":35},{"not_picked":["Choke+1","Blade Dance+1","Terror"],"picked":"Well Laid Plans+1","floor":36},{"not_picked":["Escape Plan","Choke","Endless Agony"],"picked":"Backflip+1","floor":36},{"not_picked":["Prepared","Phantasmal Killer","Endless Agony"],"picked":"Deflect","floor":37},{"not_picked":["Distraction","Prepared","Terror","Dash"],"picked":"SKIP","floor":37},{"not_picked":["PiercingWail","Cloak And Dagger+1","Eviscerate+1"],"picked":"Deflect","floor":38},{"not_picked":["Slice+1","Deflect+1","All Out Attack+1"],"picked":"Leg Sweep","floor":38},{"not_picked":["Caltrops","Poisoned Stab+1","Backstab"],"picked":"Footwork","floor":39},{"not_picked":["Choke+1","Bane","Flechettes+1"],"picked":"Backflip+1","floor":39},{"not_picked":["Dagger Spray","Bane+1","Outmaneuver"],"picked":"Leg Sweep+1","floor":42},{"not_picked":["Flechettes","Dash","Skewer+1"],"picked":"Calculated Gamble+1","floor":42},{"not_picked":["Cloak And Dagger+1","PiercingWail","Flying Knee+1"],"picked":"Catalyst+1","floor":44},{"not_picked":["Acrobatics+1","Flying Knee","Deadly Poison"],"picked":"Backflip","floor":46},{"not_picked":["Eviscerate+1","Riddle With Holes","Acrobatics","Underhanded Strike"],"picked":"SKIP","floor":46},{"not_picked":["Prepared+1","Finisher","Doppelganger"],"picked":"Backflip","floor":47}],"player_experience":76596,"relics_obtained":[{"floor":9,"key":"Question Card"},{"floor":24,"key":"Oddly Smooth Stone"},{"floor":26,"key":"The Courier"},{"floor":44,"key":"Dodecahedron"},{"floor":47,"key":"Omamori"}],"event_choices":[{"event_name":"The Cleric","player_choice":"Card Removal","floor":11,"damage_taken":0},{"event_name":"Scrap Ooze","player_choice":"unsuccessful","floor":12,"damage_taken":0},{"event_name":"Drug Dealer","player_choice":"Became Test Subject","floor":20,"damage_taken":0},{"event_name":"Bonfire Elementals","player_choice":"UNCOMMON","floor":25,"damage_taken":0},{"event_name":"The Woman in Blue","player_choice":"Bought 1 Potion","floor":41,"damage_taken":0}],"is_beta":false,"boss_relics":[{"not_picked":["Tiny House","Calling Bell"],"picked":"Eternal Feather"},{"not_picked":["Astrolabe","Empty Cage"],"picked":"Orrery"}],"items_purged_floors":[21,29],"is_endless":false,"potions_floor_spawned":[2,4,5,10,13,14,16,18,27,33,36,37,42,46],"ascension_level":10}