{"gold_per_floor":[114,114,114,189,209,209,239,257,257,182,193,218,218,233,233,307,307,317,335,335,354,354,354,279,50,50,76,96,115,149,178,178,251,251,271,271,286,302,302,332,343,363,363,363,363],"floor_reached":45,"playtime":1231,"items_purged":["Strike_R"],"score":1090,"play_id":"eca27c5d-34b5-4e27-88f7-9168e0d72add","local_time":"20190807170823","is_ascension_mode":true,"campfire_choices":[{"data":"Body Slam","floor":6.0,"key":"SMITH"},{"data":"Fiend Fire","floor":13.0,"key":"SMITH"},{"data":"Bash","floor":15.0,"key":"SMITH"},{"data":"Evolve","floor":23.0,"key":"SMITH"},{"data":"Armaments","floor":32.0,"key":"SMITH"},{"data":"Demon Form","floor":44.0,"key":"SMITH"}],"neow_cost":"NONE","seed_source_timestamp":102419751715250,"circlet_count":0,"master_deck":["AscendersBane","Defend_R","Defend_R","Defend_R","Defend_R","Bash+1","Evolve+1","Body Slam+1","Ghostly Armor","Fiend Fire+1","Immolate","Havoc","Ghostly","Ghostly","Ghostly","Bludgeon","Demon Form+1","Armaments+1","Burning Pact","Shrug It Off","Dark Embrace","Heavy Blade","Power Through","Apotheosis","Pummel+1","Shrug It Off"],"special_seed":0,"relics":["Burning Blood","NeowsBlessing","Paper Frog","Gremlin Horn","Whetstone","Snecko Eye","Bottled Flame","Anchor","Red Mask","Empty Cage","Matryoshka","Art of War","Incense Burner"],"potions_floor_usage":[45],"damage_taken":[{"damage":0.0,"enemies":"Cultist","floor":1.0,"turns":1.0},{"damage":0.0,"enemies":"Jaw Worm","floor":5.0,"turns":1.0},{"damage":0.0,"enemies":"Lagavulin","floor":7.0,"turns":2.0},{"damage":7.0,"enemies":"2 Louse","floor":8.0,"turns":2.0},{"damage":21.0,"enemies":"Large Slime","floor":11.0,"turns":6.0},{"damage":32.0,"enemies":"Gremlin Nob","floor":12.0,"turns":4.0},{"damage":7.0,"enemies":"Exordium Wildlife","floor":14.0,"turns":3.0},{"damage":23.0,"enemies":"Slime Boss","floor":16.0,"turns":6.0},{"damage":17.0,"enemies":"2 Thieves","floor":18.0,"turns":2.0},{"damage":0.0,"enemies":"Spheric Guardian","floor":19.0,"turns":1.0},{"damage":13.0,"enemies":"Centurion and Healer","floor":21.0,"turns":3.0},{"damage":4.0,"enemies":"Gremlin Leader","floor":27.0,"turns":2.0},{"damage":0.0,"enemies":"3 Cultists","floor":28.0,"turns":3.0},{"damage":0.0,"enemies":"Sentry and Sphere","floor":29.0,"turns":2.0},{"damage":13.0,"enemies":"Slavers","floor":30.0,"turns":5.0},{"damage":14.0,"enemies":"Masked Bandits","floor":31.0,"turns":3.0},{"damage":19.0,"enemies":"Champ","floor":33.0,"turns":8.0},{"damage":2.0,"enemies":"Orb Walker","floor":35.0,"turns":5.0},{"damage":6.0,"enemies":"3 Darklings","floor":37.0,"turns":4.0},{"damage":17.0,"enemies":"Spire Growth","floor":38.0,"turns":4.0},{"damage":20.0,"enemies":"Giant Head","floor":40.0,"turns":7.0},{"damage":0.0,"enemies":"Maw","floor":41.0,"turns":6.0},{"damage":3.0,"enemies":"Transient","floor":42.0,"turns":6.0},{"damage":12,"enemies":"Nemesis","floor":45,"turns":7}],"seed_played":"-30949250049627193","potions_obtained":[{"floor":1.0,"key":"Fire Potion"},{"floor":11.0,"key":"GamblersBrew"},{"floor":12.0,"key":"Ancient Potion"},{"floor":21.0,"key":"Poison Potion"},{"floor":30.0,"key":"Block Potion"},{"floor":33.0,"key":"Energy Potion"},{"floor":38.0,"key":"PowerPotion"},{"floor":40.0,"key":"Energy Potion"},{"floor":41.0,"key":"SkillPotion"}],"is_trial":false,"path_per_floor":["M","?","?","?","M","R","E","M","T","?","M","E","R","M","R","B",null,"M","M","?","M","?","R","?","$","T","E","M","M","E","?","R","B",null,"M","$","M","M","?","E","M","M","T","R","E"],"character_chosen":"IRONCLAD","items_purchased":["Bludgeon"],"campfire_rested":0,"item_purchase_floors":[25],"current_hp_per_floor":[74,74,67,56,62,62,68,67,67,67,52,26,26,25,25,8,58,47,53,32,25,25,25,25,25,25,27,33,39,32,24,24,11,33,37,37,37,26,21,7,13,16,16,16,4],"gold":363,"neow_bonus":"THREE_ENEMY_KILL","is_prod":false,"is_daily":false,"chose_seed":false,"campfire_upgraded":6,"win_rate":0,"timestamp":1565165303,"path_taken":["M","?","?","?","M","R","E","M","T","?","?","E","R","M","R","BOSS","M","M","?","M","?","R","?","$","T","E","M","M","E","?","R","BOSS","M","$","M","M","?","E","M","M","T","R","E"],"build_version":"2019-07-17","purchased_purges":1,"victory":false,"max_hp_per_floor":[75,75,75,75,75,75,75,75,75,75,75,75,75,75,75,75,75,75,75,80,80,40,40,40,40,40,40,40,40,40,40,40,40,40,40,40,40,40,40,40,40,40,40,40,40],"card_choices":[{"not_picked":["Rupture","Armaments"],"picked":"Evolve","floor":1.0},{"not_picked":["Perfected Strike","Clothesline"],"picked":"Body Slam","floor":5.0},{"not_picked":["Armaments","Twin Strike"],"picked":"Ghostly Armor","floor":7.0},{"not_picked":["Evolve","Perfected Strike","Sentinel"],"picked":"SKIP","floor":8.0},{"not_picked":["Evolve","Sentinel"],"picked":"Perfected Strike","floor":8.0},{"not_picked":["Warcry","Headbutt","Cleave"],"picked":"SKIP","floor":11.0},{"not_picked":["Sword Boomerang","Iron Wave"],"picked":"Fiend Fire","floor":12.0},{"not_picked":["Warcry","Rage","Blood for Blood"],"picked":"SKIP","floor":14.0},{"not_picked":["Fiend Fire","Reaper"],"picked":"Immolate","floor":16.0},{"not_picked":["Clash","Body Slam","Anger"],"picked":"SKIP","floor":18.0},{"not_picked":["Cleave","Heavy Blade+1","Rampage+1"],"picked":"SKIP","floor":19.0},{"not_picked":["Havoc","Clothesline","Rampage"],"picked":"SKIP","floor":21.0},{"not_picked":["Clothesline","Rampage"],"picked":"Havoc","floor":21.0},{"not_picked":["Rage+1","Heavy Blade"],"picked":"Demon Form","floor":27.0},{"not_picked":["Clothesline+1","Iron Wave"],"picked":"Armaments","floor":28.0},{"not_picked":["Warcry","Armaments"],"picked":"Burning Pact","floor":29.0},{"not_picked":["Havoc","Anger","Clothesline"],"picked":"SKIP","floor":30.0},{"not_picked":["Wild Strike+1","Armaments"],"picked":"Shrug It Off","floor":31.0},{"not_picked":["Offering","Brutality"],"picked":"Dark Embrace","floor":33.0},{"not_picked":["Twin Strike","Whirlwind+1","Body Slam"],"picked":"SKIP","floor":35.0},{"not_picked":["Twin Strike","Pommel Strike+1"],"picked":"Heavy Blade","floor":37.0},{"not_picked":["Pommel Strike","Wild Strike"],"picked":"Power Through","floor":38.0},{"not_picked":["Bandage Up","Impatience"],"picked":"Apotheosis","floor":39.0},{"not_picked":["Pummel+1","Sword Boomerang","Clothesline"],"picked":"SKIP","floor":40.0},{"not_picked":["Sword Boomerang","Clothesline"],"picked":"Pummel+1","floor":40.0},{"not_picked":["Armaments","Wild Strike+1","Metallicize"],"picked":"SKIP","floor":41.0},{"not_picked":["Uppercut","Infernal Blade"],"picked":"Shrug It Off","floor":42.0}],"player_experience":802535,"relics_obtained":[{"floor":7.0,"key":"Paper Frog"},{"floor":9.0,"key":"Gremlin Horn"},{"floor":12.0,"key":"Whetstone"},{"floor":27.0,"key":"Bottled Flame"},{"floor":30.0,"key":"Anchor"},{"floor":31.0,"key":"Red Mask"},{"floor":40.0,"key":"Matryoshka"},{"floor":43.0,"key":"Art of War"},{"floor":43.0,"key":"Incense Burner"}],"event_choices":[{"damage_healed":0.0,"max_hp_gain":0.0,"max_hp_loss":0.0,"gold_gain":0.0,"event_name":"Liars Game","player_choice":"Ignored","floor":2.0,"gold_loss":0.0,"damage_taken":0.0},{"cards_removed":["Strike_R"],"damage_healed":0.0,"max_hp_gain":0.0,"max_hp_loss":0.0,"gold_gain":0.0,"event_name":"Golden Wing","player_choice":"Card Removal","floor":3.0,"gold_loss":0.0,"damage_taken":7.0},{"damage_healed":0.0,"max_hp_gain":0.0,"max_hp_loss":0.0,"gold_gain":75.0,"event_name":"World of Goop","player_choice":"Gather Gold","floor":4.0,"gold_loss":0.0,"damage_taken":11.0},{"cards_removed":["Strike_R"],"damage_healed":0.0,"max_hp_gain":0.0,"max_hp_loss":0.0,"gold_gain":0.0,"event_name":"The Cleric","player_choice":"Card Removal","floor":10.0,"gold_loss":75.0,"damage_taken":0.0},{"damage_healed":0.0,"max_hp_gain":5.0,"max_hp_loss":0.0,"gold_gain":0.0,"event_name":"Forgotten Altar","player_choice":"Shed Blood","floor":20.0,"gold_loss":0.0,"damage_taken":26.0},{"damage_healed":0.0,"max_hp_gain":0.0,"max_hp_loss":40.0,"gold_gain":0.0,"event_name":"Ghosts","player_choice":"Became a Ghost","floor":22.0,"gold_loss":0.0,"damage_taken":0.0,"cards_obtained":["Ghostly","Ghostly","Ghostly"]},{"cards_removed":["Strike_R"],"damage_healed":0.0,"max_hp_gain":0.0,"max_hp_loss":0.0,"gold_gain":0.0,"event_name":"Beggar","player_choice":"Gave Gold","floor":24.0,"gold_loss":75.0,"damage_taken":0.0},{"damage_healed":0.0,"max_hp_gain":0.0,"max_hp_loss":0.0,"gold_gain":0.0,"event_name":"Masked Bandits","player_choice":"Fought Bandits","floor":31.0,"gold_loss":0.0,"damage_taken":0.0},{"damage_healed":0.0,"max_hp_gain":0.0,"max_hp_loss":0.0,"gold_gain":0.0,"event_name":"SensoryStone","player_choice":"Memory 2","floor":39.0,"gold_loss":0.0,"damage_taken":5.0}],"is_beta":false,"boss_relics":[{"not_picked":["Black Blood","White Beast Statue"],"picked":"Snecko Eye"},{"not_picked":["Velvet Choker","Lizard Tail"],"picked":"Empty Cage"}],"items_purged_floors":[25],"is_endless":false,"potions_floor_spawned":[1,11,12,21,30,31,33,38,40,41],"killed_by":"Nemesis","ascension_level":20}