{"gold_per_floor":[16,29,29,39,57,57,70,11,11,11,28,28,28,41,41,41],"floor_reached":16,"playtime":1154,"items_purged":[],"score":238,"play_id":"51457fc2-3384-41f3-afe5-6461377efb51","local_time":"20181224111530","is_ascension_mode":true,"campfire_choices":[{"data":"Prepared","floor":6,"key":"SMITH"},{"data":"Acrobatics","floor":10,"key":"SMITH"},{"data":"Tactician","floor":15,"key":"SMITH"}],"neow_cost":"NO_GOLD","seed_source_timestamp":7311463765113,"circlet_count":0,"master_deck":["AscendersBane","Defend_G","Defend_G","Defend_G","Defend_G","Strike_G","Strike_G","Strike_G","Survivor","Neutralize","Tactician+1","Prepared+1","Expertise","Endless Agony","Acrobatics+1","Acrobatics"],"special_seed":0,"relics":["Ring of the Snake","Gremlin Horn"],"potions_floor_usage":[16,16],"damage_taken":[{"damage":0.0,"enemies":"2 Louse","floor":1.0,"turns":3.0},{"damage":16.0,"enemies":"Cultist","floor":2.0,"turns":6.0},{"damage":0.0,"enemies":"Small Slimes","floor":4.0,"turns":6.0},{"damage":22,"enemies":"Gremlin Gang","floor":5,"turns":8},{"damage":8,"enemies":"Exordium Wildlife","floor":7,"turns":4},{"damage":0,"enemies":"Looter","floor":11,"turns":4},{"damage":0,"enemies":"Lots of Slimes","floor":14,"turns":5},{"damage":15,"enemies":"The Guardian","floor":16,"turns":22}],"seed_played":"1173685799470604434","potions_obtained":[{"floor":1.0,"key":"LiquidBronze"},{"floor":2.0,"key":"SneckoOil"},{"floor":5,"key":"SneckoOil"},{"floor":11,"key":"Energy Potion"}],"is_trial":false,"path_per_floor":["M","M","?","M","M","R","M","$","T","R","M","$","?","M","R","B"],"character_chosen":"THE_SILENT","items_purchased":["Acrobatics"],"campfire_rested":0,"item_purchase_floors":[8],"current_hp_per_floor":[59,43,43,43,21,21,13,13,13,13,13,13,13,13,13,0],"gold":41,"neow_bonus":"REMOVE_TWO","is_prod":false,"is_daily":false,"chose_seed":false,"campfire_upgraded":3,"win_rate":0,"timestamp":1545621330,"path_taken":["M","M","?","?","M","R","M","?","T","R","M","$","?","?","R","BOSS"],"build_version":"2018-12-20","purchased_purges":0,"victory":false,"max_hp_per_floor":[66,66,66,66,66,66,66,66,66,66,66,66,66,66,66,66],"card_choices":[{"not_picked":["PiercingWail","Prepared"],"picked":"Tactician","floor":1.0},{"not_picked":["Slice","Predator"],"picked":"Prepared","floor":2.0},{"not_picked":["Quick Slash","Accuracy","Poisoned Stab"],"picked":"SKIP","floor":4.0},{"not_picked":["Dash","Prepared"],"picked":"Endless Agony","floor":5},{"not_picked":["Cloak And Dagger","Masterful Stab","Finisher"],"picked":"SKIP","floor":7},{"not_picked":["Sucker Punch","Deflect","Skewer"],"picked":"SKIP","floor":11},{"not_picked":["Dagger Throw","All Out Attack"],"picked":"Acrobatics","floor":14}],"player_experience":1461181,"relics_obtained":[{"floor":9,"key":"Gremlin Horn"}],"event_choices":[{"damage_healed":0.0,"max_hp_gain":0.0,"max_hp_loss":0.0,"gold_gain":0.0,"event_name":"Match and Keep!","player_choice":"1 cards matched","floor":3.0,"gold_loss":0.0,"damage_taken":0.0,"cards_obtained":["Expertise"]},{"cards_removed":["Strike_G"],"damage_healed":0,"gold_gain":0,"player_choice":"Purged","damage_taken":0,"max_hp_gain":0,"max_hp_loss":0,"event_name":"Purifier","floor":13,"gold_loss":0}],"is_beta":false,"boss_relics":[],"items_purged_floors":[],"is_endless":false,"potions_floor_spawned":[1,2,5,11],"killed_by":"The Guardian","ascension_level":20}