{"gold_per_floor":[115,134,147,147,72,104,121,121,121,121,148,73,101,120,120,120],"floor_reached":16,"playtime":978,"items_purged":["Strike_R"],"score":222,"play_id":"048e1790-786b-445f-8094-119b50a4373d","local_time":"20190523094039","is_ascension_mode":true,"campfire_choices":[{"floor":8,"key":"REST"},{"data":"Shockwave","floor":10,"key":"SMITH"},{"floor":15,"key":"REST"}],"neow_cost":"NONE","seed_source_timestamp":1621387514618,"circlet_count":0,"master_deck":["AscendersBane","Strike_R","Strike_R","Strike_R","Strike_R","Defend_R","Defend_R","Defend_R","Bash","Iron Wave","Flame Barrier","Shockwave+1","Pommel Strike","Headbutt","Cleave"],"relics":["Burning Blood","Ginger","StoneCalendar","Incense Burner","Du-Vu Doll","Boot"],"potions_floor_usage":[16,16],"damage_taken":[{"damage":7,"enemies":"2 Louse","floor":1,"turns":3},{"damage":9,"enemies":"Jaw Worm","floor":2,"turns":3},{"damage":4,"enemies":"Small Slimes","floor":3,"turns":4},{"damage":40,"enemies":"Lagavulin","floor":6,"turns":9},{"damage":3,"enemies":"Looter","floor":7,"turns":4},{"damage":36,"enemies":"Gremlin Nob","floor":11,"turns":5},{"damage":22,"enemies":"Lagavulin","floor":13,"turns":7},{"damage":6,"enemies":"3 Louse","floor":14,"turns":4},{"damage":48,"enemies":"Slime Boss","floor":16,"turns":6}],"seed_played":"4757292464364540475","potions_obtained":[{"floor":2,"key":"Fire Potion"},{"floor":14,"key":"PowerPotion"}],"is_trial":false,"path_per_floor":["M","M","M","?","?","E","M","R","T","R","E","$","E","M","R","B"],"character_chosen":"IRONCLAD","items_purchased":[],"campfire_rested":2,"item_purchase_floors":[],"current_hp_per_floor":[74,71,73,68,68,34,37,61,61,61,31,31,15,15,39,0],"gold":120,"neow_bonus":"TEN_PERCENT_HP_BONUS","is_prod":false,"is_daily":false,"chose_seed":false,"campfire_upgraded":1,"win_rate":0,"timestamp":1558597239,"path_taken":["M","M","M","?","?","E","M","R","T","R","E","$","E","M","R","BOSS"],"build_version":"2019-01-23","purchased_purges":1,"victory":false,"max_hp_per_floor":[82,82,82,82,82,82,82,82,82,82,82,82,82,82,82,82],"card_choices":[{"not_picked":["Thunderclap","Twin Strike"],"picked":"Iron Wave","floor":1},{"not_picked":["Armaments","Iron Wave"],"picked":"Flame Barrier","floor":2},{"not_picked":["Thunderclap","Warcry"],"picked":"Shockwave","floor":3},{"not_picked":["True Grit","Havoc"],"picked":"Pommel Strike","floor":6},{"not_picked":["Iron Wave","Reckless Charge"],"picked":"Headbutt","floor":7},{"not_picked":["Body Slam","Seeing Red","Anger"],"picked":"SKIP","floor":11},{"not_picked":["Body Slam","Seeing Red","Anger"],"picked":"SKIP","floor":11},{"not_picked":["Body Slam","Seeing Red","Anger"],"picked":"SKIP","floor":11},{"not_picked":["Exhume","Thunderclap"],"picked":"Cleave","floor":13},{"not_picked":["Fire Breathing","Clothesline","Sword Boomerang"],"picked":"SKIP","floor":14}],"player_experience":583854,"relics_obtained":[{"floor":6,"key":"StoneCalendar"},{"floor":9,"key":"Incense Burner"},{"floor":11,"key":"Du-Vu Doll"},{"floor":13,"key":"Boot"}],"event_choices":[{"damage_healed":0,"gold_gain":0,"player_choice":"Success","damage_taken":5,"relics_obtained":["Ginger"],"max_hp_gain":0,"max_hp_loss":0,"event_name":"Scrap Ooze","floor":4,"gold_loss":0},{"cards_removed":["Defend_R"],"damage_healed":0,"gold_gain":0,"player_choice":"Card Removal","damage_taken":0,"max_hp_gain":0,"max_hp_loss":0,"event_name":"The Cleric","floor":5,"gold_loss":75}],"is_beta":false,"boss_relics":[],"items_purged_floors":[12],"is_endless":false,"potions_floor_spawned":[2,14],"killed_by":"Slime Boss","ascension_level":17}