{"gold_per_floor":[113,38,38,38,53,53,77,108,108,108,33,95,124,135,135,135],"floor_reached":16,"playtime":244,"items_purged":["Strike_R"],"score":262,"play_id":"f889dcbd-3b58-4bc1-9e0e-5ac4ea21f088","local_time":"20190122183846","is_ascension_mode":true,"campfire_choices":[{"data":"Bash","floor":6,"key":"SMITH"},{"data":"Dropkick","floor":10,"key":"SMITH"},{"data":"True Grit","floor":15,"key":"SMITH"}],"neow_cost":"NONE","seed_source_timestamp":30117709210441,"circlet_count":0,"master_deck":["AscendersBane","Strike_R","Strike_R","Strike_R","Defend_R","Defend_R","Defend_R","Defend_R","Bash+1","Burning Pact+1","Clash","Dropkick+1","True Grit+1"],"relics":["Burning Blood","NeowsBlessing","Strawberry","Pantograph","Dodecahedron","Bag of Preparation"],"potions_floor_usage":[],"damage_taken":[{"damage":0,"enemies":"Small Slimes","floor":1,"turns":1},{"damage":0,"enemies":"Cultist","floor":5,"turns":1},{"damage":0,"enemies":"Gremlin Nob","floor":8,"turns":1},{"damage":7,"enemies":"Gremlin Nob","floor":12,"turns":3},{"damage":30,"enemies":"Lagavulin","floor":13,"turns":7},{"damage":7,"enemies":"Jaw Worm","floor":14,"turns":2},{"damage":0,"enemies":"Slime Boss","floor":16,"turns":2}],"seed_played":"-2283886096665547197","potions_obtained":[{"floor":5,"key":"Poison Potion"},{"floor":12,"key":"Explosive Potion"}],"is_trial":false,"path_per_floor":["M","?","$","?","M","R","T","E","T","R","$","?","E","M","R","B"],"character_chosen":"IRONCLAD","items_purchased":[],"campfire_rested":0,"item_purchase_floors":[],"current_hp_per_floor":[74,74,74,74,75,75,75,82,82,82,82,81,57,56,56,81],"gold":135,"neow_bonus":"THREE_ENEMY_KILL","is_prod":false,"is_daily":false,"chose_seed":false,"campfire_upgraded":3,"win_rate":0,"timestamp":1548153526,"path_taken":["M","?","$","?","?","R","?","E","T","R","$","?","E","M","R","BOSS"],"build_version":"2019-01-17v2","purchased_purges":1,"victory":false,"max_hp_per_floor":[75,75,75,75,75,75,75,82,82,82,82,82,82,82,82,82],"card_choices":[{"not_picked":["Anger","Armaments"],"picked":"Burning Pact","floor":1},{"not_picked":["Body Slam","Seeing Red"],"picked":"Clash","floor":5},{"not_picked":["Clothesline","True Grit"],"picked":"Dropkick","floor":8},{"not_picked":["Headbutt","Pummel","Heavy Blade"],"picked":"SKIP","floor":13},{"not_picked":["Power Through","Reckless Charge"],"picked":"True Grit","floor":14}],"player_experience":2146320,"relics_obtained":[{"floor":8,"key":"Strawberry"},{"floor":9,"key":"Pantograph"},{"floor":13,"key":"Bag of Preparation"}],"event_choices":[{"cards_removed":["Strike_R"],"damage_healed":0,"gold_gain":0,"player_choice":"Card Removal","damage_taken":0,"max_hp_gain":0,"max_hp_loss":0,"event_name":"The Cleric","floor":2,"gold_loss":75},{"damage_healed":0,"gold_gain":0,"player_choice":"Upgraded","damage_taken":0,"max_hp_gain":0,"max_hp_loss":0,"event_name":"Upgrade Shrine","floor":4,"gold_loss":0,"cards_upgraded":["Burning Pact"]},{"damage_healed":0,"gold_gain":30,"player_choice":"Searched \u00273\u0027 times","damage_taken":0,"relics_obtained":["Dodecahedron"],"max_hp_gain":0,"max_hp_loss":0,"event_name":"Dead Adventurer","floor":12,"gold_loss":0}],"is_beta":false,"boss_relics":[],"items_purged_floors":[11],"is_endless":false,"potions_floor_spawned":[5,12],"killed_by":"Slime Boss","ascension_level":20}