{"gold_per_floor":[118,118,193,266,287,323,323,358,382,402,402],"floor_reached":11,"playtime":174,"items_purged":[],"score":212,"play_id":"4ae2b25c-1fe5-4bff-aacb-7e8153895296","local_time":"20190106214111","is_ascension_mode":true,"campfire_choices":[{"data":"Streamline","floor":7,"key":"SMITH"}],"neow_cost":"NONE","seed_source_timestamp":37220488563818,"circlet_count":0,"master_deck":["AscendersBane","Strike_B","Strike_B","Strike_B","Strike_B","Defend_B","Defend_B","Defend_B","Defend_B","Zap","Dualcast","Undo","Hello World","Streamline+1","Amplify"],"relics":["Cracked Core","NeowsBlessing","Golden Idol","Blood Vial","Pantograph","Dream Catcher"],"potions_floor_usage":[],"damage_taken":[{"damage":0,"enemies":"Jaw Worm","floor":1,"turns":1},{"damage":0,"enemies":"Small Slimes","floor":5,"turns":1},{"damage":0,"enemies":"Lagavulin","floor":6,"turns":1},{"damage":44,"enemies":"Gremlin Nob","floor":8,"turns":4},{"damage":7,"enemies":"2 Louse","floor":10,"turns":2},{"damage":0,"enemies":"Exordium Wildlife","floor":11,"turns":1}],"seed_played":"-4408275730388418060","potions_obtained":[{"floor":6,"key":"SpeedPotion"},{"floor":8,"key":"EssenceOfSteel"}],"is_trial":false,"path_per_floor":["M","?","?","T","M","E","R","E","T","M","M"],"character_chosen":"DEFECT","items_purchased":[],"campfire_rested":0,"item_purchase_floors":[],"current_hp_per_floor":[64,64,53,53,53,53,53,11,11,6,8],"gold":402,"neow_bonus":"THREE_ENEMY_KILL","is_prod":false,"is_daily":false,"chose_seed":false,"campfire_upgraded":1,"win_rate":0,"timestamp":1546782071,"path_taken":["M","?","?","?","M","E","R","E","T","M","?"],"build_version":"2019-01-03v4","purchased_purges":0,"victory":false,"max_hp_per_floor":[71,64,64,64,64,64,64,64,64,64,64],"card_choices":[{"not_picked":["Conserve Battery","Sweeping Beam"],"picked":"Undo","floor":1},{"not_picked":["Lockon","Heatsinks"],"picked":"Hello World","floor":5},{"not_picked":["Turbo","Compile Driver"],"picked":"Streamline","floor":6},{"not_picked":["Conserve Battery","Barrage"],"picked":"Amplify","floor":8},{"not_picked":["Cold Snap","Compile Driver","Skim"],"picked":"SKIP","floor":10}],"player_experience":1797981,"relics_obtained":[{"floor":6,"key":"Blood Vial"},{"floor":8,"key":"Pantograph"},{"floor":9,"key":"Dream Catcher"}],"event_choices":[{"damage_healed":0,"gold_gain":0,"player_choice":"Lose Max HP","damage_taken":0,"relics_obtained":["Golden Idol"],"max_hp_gain":0,"max_hp_loss":7,"event_name":"Golden Idol","floor":2,"gold_loss":0},{"damage_healed":0,"gold_gain":75,"player_choice":"Gather Gold","damage_taken":11,"max_hp_gain":0,"max_hp_loss":0,"event_name":"World of Goop","floor":3,"gold_loss":0}],"is_beta":false,"boss_relics":[],"items_purged_floors":[],"is_endless":false,"potions_floor_spawned":[6,8,10],"killed_by":"Exordium Wildlife","ascension_level":20}