{"gold_per_floor":[118,118,193,193,210,238,238,267,267,267,192,204,216,22,22,125,125,143,62,62,10,28,28,48,48,130,140,150,68,86,101,101,101],"floor_reached":33,"playtime":3587,"items_purged":["Defend_R"],"score":295,"play_id":"da748845-aaf0-43a4-839e-fa5c620c2dbb","local_time":"20190706183949","is_ascension_mode":true,"campfire_choices":[{"floor":10,"key":"REST"},{"floor":15,"key":"REST"},{"data":"Rampage","floor":23,"key":"SMITH"},{"data":"Seeing Red","floor":25,"key":"SMITH"},{"floor":32,"key":"REST"}],"neow_cost":"NONE","seed_source_timestamp":551709893360334,"circlet_count":0,"master_deck":["Strike_R","Strike_R","Strike_R","Strike_R","Strike_R","Defend_R","Defend_R","Defend_R","Bash","Iron Wave","Twin Strike","Anger","Searing Blow","Rampage+1","Headbutt","Uppercut","Master of Strategy","Impervious","Uppercut","Seeing Red+1","Anger","Flex+1","Anger+1","Twin Strike+1","Anger","Bandage Up","Anger","Infernal Blade"],"relics":["Burning Blood","WingedGreaves","Darkstone Periapt","Dodecahedron","Mark of Pain","Nloth\u0027s Gift","Letter Opener"],"potions_floor_usage":[16,16,16,28,31,31,31,33,33,33],"damage_taken":[{"damage":0,"enemies":"Small Slimes","floor":1,"turns":3},{"damage":0,"enemies":"2 Louse","floor":5,"turns":3},{"damage":26,"enemies":"3 Sentries","floor":6,"turns":9},{"damage":49,"enemies":"Lagavulin","floor":8,"turns":8},{"damage":0,"enemies":"Cultist","floor":12,"turns":2},{"damage":6,"enemies":"Red Slaver","floor":13,"turns":3},{"damage":12,"enemies":"Slime Boss","floor":16,"turns":9},{"damage":16,"enemies":"2 Thieves","floor":18,"turns":5},{"damage":22,"enemies":"Shell Parasite","floor":22,"turns":4},{"damage":27,"enemies":"Snake Plant","floor":24,"turns":4},{"damage":15,"enemies":"Snecko","floor":27,"turns":4},{"damage":13,"enemies":"Cultist and Chosen","floor":28,"turns":4},{"damage":17,"enemies":"Centurion and Healer","floor":30,"turns":4},{"damage":5,"enemies":"Snake Plant","floor":31,"turns":2},{"damage":64,"enemies":"Champ","floor":33,"turns":8}],"seed_played":"2916786823400872222","potions_obtained":[{"floor":5,"key":"SkillPotion"},{"floor":6,"key":"Regen Potion"},{"floor":13,"key":"Strength Potion"},{"floor":16,"key":"Explosive Potion"},{"floor":18,"key":"EntropicBrew"},{"floor":22,"key":"Weak Potion"}],"is_trial":false,"path_per_floor":["M","?","?","?","M","E","?","E","T","R","$","M","M","$","R","B",null,"M","$","?","$","M","R","M","R","T","M","M","$","M","M","R","B"],"character_chosen":"IRONCLAD","items_purchased":["Master of Strategy","Seeing Red","Anger","Bandage Up"],"campfire_rested":3,"item_purchase_floors":[14,19,21,29],"current_hp_per_floor":[80,77,66,71,77,57,57,14,14,39,39,45,45,45,70,78,85,75,75,75,75,59,59,38,38,38,29,22,22,15,20,45,0],"gold":101,"neow_bonus":"ONE_RANDOM_RARE_CARD","is_prod":false,"is_daily":false,"chose_seed":false,"campfire_upgraded":2,"win_rate":0,"timestamp":1562456389,"path_taken":["M","?","?","?","M","E","?","E","T","R","$","M","M","$","R","BOSS","M","$","?","$","M","R","M","R","T","?","M","?","?","M","R","BOSS"],"build_version":"2019-07-05","purchased_purges":1,"victory":false,"max_hp_per_floor":[80,80,80,85,85,85,85,85,85,85,85,85,85,85,85,85,85,85,85,85,85,85,85,85,85,85,85,85,85,85,85,85,85],"card_choices":[{"not_picked":["Pommel Strike","Entrench"],"picked":"Iron Wave","floor":1},{"not_picked":["Clothesline","True Grit"],"picked":"Twin Strike","floor":5},{"not_picked":["Flex","Clothesline"],"picked":"Anger","floor":6},{"not_picked":["Sword Boomerang","Headbutt"],"picked":"Rampage","floor":8},{"not_picked":["Warcry","Feel No Pain"],"picked":"Headbutt","floor":12},{"not_picked":["Iron Wave","Heavy Blade"],"picked":"Uppercut","floor":13},{"not_picked":["Limit Break","Barricade"],"picked":"Impervious","floor":16},{"not_picked":["Anger","Clothesline"],"picked":"Uppercut","floor":18},{"not_picked":["Warcry","Perfected Strike"],"picked":"Flex+1","floor":22},{"not_picked":["Disarm+1","Clothesline"],"picked":"Anger+1","floor":24},{"not_picked":["Uppercut","Anger"],"picked":"Twin Strike+1","floor":27},{"not_picked":["True Grit","Feed"],"picked":"Anger","floor":28},{"not_picked":["Reckless Charge","Headbutt"],"picked":"Anger","floor":30},{"not_picked":["Cleave","Body Slam"],"picked":"Infernal Blade","floor":31}],"player_experience":21482,"relics_obtained":[{"floor":6,"key":"Bag of Marbles"},{"floor":8,"key":"Darkstone Periapt"},{"floor":9,"key":"Dodecahedron"},{"floor":26,"key":"Letter Opener"}],"event_choices":[{"damage_healed":0,"gold_gain":0,"player_choice":"Success","damage_taken":3,"relics_obtained":["WingedGreaves"],"max_hp_gain":0,"max_hp_loss":0,"event_name":"Scrap Ooze","floor":2,"gold_loss":0},{"damage_healed":0,"gold_gain":75,"player_choice":"Gather Gold","damage_taken":11,"max_hp_gain":0,"max_hp_loss":0,"event_name":"World of Goop","floor":3,"gold_loss":0},{"damage_healed":0,"gold_gain":0,"player_choice":"Donut","damage_taken":0,"max_hp_gain":5,"max_hp_loss":0,"event_name":"Big Fish","floor":4,"gold_loss":0},{"damage_healed":0,"gold_gain":0,"cards_transformed":["Juggernaut"],"player_choice":"Change","damage_taken":0,"max_hp_gain":0,"max_hp_loss":0,"event_name":"Living Wall","floor":7,"gold_loss":0,"cards_obtained":["Searing Blow"]},{"damage_healed":0,"gold_gain":0,"player_choice":"Traded Relic","damage_taken":0,"relics_obtained":["Nloth\u0027s Gift"],"max_hp_gain":0,"max_hp_loss":0,"event_name":"N\u0027loth","floor":20,"relics_lost":["Bag of Marbles"],"gold_loss":0}],"is_beta":false,"boss_relics":[{"not_picked":["Sozu","Calling Bell"],"picked":"Mark of Pain"}],"items_purged_floors":[11],"is_endless":false,"potions_floor_spawned":[5,6,13,16,18,22],"killed_by":"Champ","ascension_level":1}