{"gold_per_floor":[119,61,76,76,93,93,124,124,124,124,124],"floor_reached":11,"playtime":150,"items_purged":[],"score":142,"play_id":"29134e1e-ea95-4519-afe0-9f380085ba13","local_time":"20190301221845","is_ascension_mode":true,"campfire_choices":[{"data":"Consume","floor":6.0,"key":"SMITH"},{"data":"Zap","floor":8.0,"key":"SMITH"},{"data":"Hologram","floor":10.0,"key":"SMITH"}],"neow_cost":"NONE","seed_source_timestamp":111044419911294,"circlet_count":0,"master_deck":["AscendersBane","Strike_B","Strike_B","Strike_B","Strike_B","Defend_B","Defend_B","Defend_B","Defend_B","Zap+1","Dualcast","Consume+1","Steam","Hologram+1","Steam Power"],"special_seed":0,"relics":["Cracked Core","NeowsBlessing","Dodecahedron","Blue Candle","Smiling Mask"],"potions_floor_usage":[],"damage_taken":[{"damage":0.0,"enemies":"Jaw Worm","floor":1.0,"turns":1.0},{"damage":0.0,"enemies":"Cultist","floor":3.0,"turns":1.0},{"damage":0.0,"enemies":"Small Slimes","floor":5.0,"turns":1.0},{"damage":33.0,"enemies":"Lagavulin","floor":7.0,"turns":7.0},{"damage":28,"enemies":"Gremlin Gang","floor":11,"turns":3}],"seed_played":"1771691761905707595","potions_obtained":[{"floor":5.0,"key":"Strength Potion"}],"is_trial":false,"path_per_floor":["M","$","M","?","M","R","E","R","T","R","M"],"character_chosen":"DEFECT","items_purchased":["Steam"],"campfire_rested":0,"item_purchase_floors":[2],"current_hp_per_floor":[64,64,64,64,64,64,31,31,31,31,3],"gold":124,"neow_bonus":"THREE_ENEMY_KILL","is_prod":false,"is_daily":false,"chose_seed":false,"campfire_upgraded":3,"win_rate":0,"timestamp":1551449925,"path_taken":["M","$","M","?","?","R","E","R","T","R","M"],"build_version":"2019-01-23","purchased_purges":0,"victory":false,"max_hp_per_floor":[71,71,71,71,71,71,71,71,71,71,71],"card_choices":[{"not_picked":["Turbo","Static Discharge"],"picked":"Consume","floor":1.0},{"not_picked":["Leap","Compile Driver"],"picked":"BootSequence","floor":3.0},{"not_picked":["Sweeping Beam","Barrage"],"picked":"Hologram","floor":5.0},{"not_picked":["Sweeping Beam","Stack"],"picked":"Steam Power","floor":7.0}],"player_experience":1061193,"relics_obtained":[{"floor":7.0,"key":"Blue Candle"},{"floor":9.0,"key":"Smiling Mask"}],"event_choices":[{"cards_removed":["BootSequence"],"damage_healed":0.0,"max_hp_gain":0.0,"max_hp_loss":0.0,"gold_gain":0.0,"event_name":"WeMeetAgain","player_choice":"Gave Card","floor":4.0,"gold_loss":0.0,"damage_taken":0.0,"relics_obtained":["Dodecahedron"]}],"is_beta":false,"boss_relics":[],"items_purged_floors":[],"is_endless":false,"potions_floor_spawned":[5],"killed_by":"Gremlin Gang","ascension_level":20}