{"gold_per_floor":[111,10,22,22,0,32,32,32,32,49,49,68,31,44,44,120,120,100,150,75,75,86,86,111,111,111,111,140,65,99,109,109,187,187,201,201,247,257,69,69,98,98,98,98,98,98,110,136,136,136,136,136,136,11,37,37],"floor_reached":57,"playtime":5041,"items_purged":["Strike_G","Strike_G","Defend_G"],"score":3374,"play_id":"ec9bb7bf-97ec-4fda-ae7c-0af424d0c39e","local_time":"20190509025705","is_ascension_mode":true,"campfire_choices":[{"data":"Well Laid Plans","floor":7.0,"key":"SMITH"},{"floor":11.0,"key":"REST"},{"data":"Calculated Gamble","floor":15.0,"key":"SMITH"},{"data":"Expertise","floor":23.0,"key":"SMITH"},{"data":"Reflex","floor":25.0,"key":"SMITH"},{"data":"Reflex","floor":27.0,"key":"SMITH"},{"data":"Acrobatics","floor":32.0,"key":"SMITH"},{"data":"Thinking Ahead","floor":40.0,"key":"SMITH"},{"data":"Purity","floor":42.0,"key":"SMITH"},{"floor":44.0,"key":"RECALL"},{"data":"Expertise","floor":46.0,"key":"SMITH"},{"data":"Acrobatics","floor":49.0,"key":"SMITH"},{"data":"Adrenaline","floor":53.0,"key":"SMITH"}],"neow_cost":"CURSE","seed_source_timestamp":49754940189465,"circlet_count":0,"master_deck":["AscendersBane","Defend_G","Defend_G","Defend_G","Survivor","Neutralize","Expertise+1","Leg Sweep","Dagger Throw","Well Laid Plans+1","Calculated Gamble+1","After Image","Deflect","Cloak And Dagger","Reflex+1","Concentrate","Adrenaline+1","Cloak And Dagger+1","Reflex+1","Backflip","Acrobatics+1","Choke","Grand Finale","Acrobatics+1","Concentrate","Venomology","Acrobatics+1","Purity+1","Finesse","Thinking Ahead+1","Acrobatics+1","Expertise+1","Madness","Madness","Tactician+1","Backflip"],"special_seed":0,"relics":["Ring of the Snake","Kunai","Art of War","WarpedTongs","Paper Crane","Empty Cage","WingedGreaves","Ornamental Fan","Happy Flower","Strawberry","Philosopher\u0027s Stone","Pocketwatch","Ice Cream","Boot","Bottled Lightning"],"potions_floor_usage":[56,56,56],"damage_taken":[{"damage":3.0,"enemies":"2 Louse","floor":1.0,"turns":4.0},{"damage":7.0,"enemies":"Cultist","floor":3.0,"turns":5.0},{"damage":25.0,"enemies":"Lagavulin","floor":6.0,"turns":10.0},{"damage":5.0,"enemies":"Small Slimes","floor":10.0,"turns":4.0},{"damage":4.0,"enemies":"2 Fungi Beasts","floor":12.0,"turns":6.0},{"damage":2.0,"enemies":"Exordium Wildlife","floor":14.0,"turns":4.0},{"damage":17.0,"enemies":"The Guardian","floor":16.0,"turns":17.0},{"damage":0.0,"enemies":"2 Thieves","floor":18.0,"turns":4.0},{"damage":0.0,"enemies":"3 Byrds","floor":22.0,"turns":8.0},{"damage":0.0,"enemies":"Book of Stabbing","floor":24.0,"turns":9.0},{"damage":0.0,"enemies":"Gremlin Leader","floor":28.0,"turns":12.0},{"damage":11.0,"enemies":"Slavers","floor":30.0,"turns":3.0},{"damage":12.0,"enemies":"Snecko","floor":31.0,"turns":8.0},{"damage":0.0,"enemies":"Champ","floor":33.0,"turns":5.0},{"damage":0.0,"enemies":"3 Darklings","floor":35.0,"turns":2.0},{"damage":0.0,"enemies":"2 Orb Walkers","floor":37.0,"turns":3.0},{"damage":0.0,"enemies":"3 Shapes","floor":38.0,"turns":1.0},{"damage":0.0,"enemies":"Nemesis","floor":41.0,"turns":5.0},{"damage":0.0,"enemies":"Spire Growth","floor":47.0,"turns":2.0},{"damage":0.0,"enemies":"Reptomancer","floor":48.0,"turns":1.0},{"damage":0.0,"enemies":"Donu and Deca","floor":50.0,"turns":3.0},{"damage":0.0,"enemies":"Awakened One","floor":51.0,"turns":3.0},{"damage":0.0,"enemies":"Shield and Spear","floor":55.0,"turns":1.0},{"damage":8,"enemies":"The Heart","floor":56,"turns":7}],"seed_played":"6020935972017181557","potions_obtained":[{"floor":10.0,"key":"Dexterity Potion"},{"floor":14.0,"key":"Weak Potion"},{"floor":28.0,"key":"LiquidBronze"},{"floor":35.0,"key":"Fire Potion"},{"floor":48.0,"key":"GhostInAJar"}],"is_trial":false,"path_per_floor":["M","$","M","?","?","E","R","?","T","M","R","M","$","M","R","B",null,"M","?","$","?","M","R","E","R","T","R","E","?","E","M","R","B",null,"M","?","?","M","$","R","E","R","T","R","?","R","M","E","R","B","B",null,"R","$","E","B",null],"character_chosen":"THE_SILENT","items_purchased":["Well Laid Plans","AttackPotion","Reflex","Expertise"],"campfire_rested":1,"item_purchase_floors":[2,2,13,39],"current_hp_per_floor":[56,56,49,44,44,19,19,19,19,14,33,29,29,27,27,10,52,52,52,52,52,52,52,52,52,52,52,52,52,48,36,36,36,64,64,54,54,54,54,54,68,68,68,68,55,55,55,55,55,55,55,69,69,69,69,61],"gold":37,"neow_bonus":"TRANSFORM_TWO_CARDS","is_prod":false,"is_daily":false,"chose_seed":false,"campfire_upgraded":11,"win_rate":0,"timestamp":1557341825,"path_taken":["M","$","M","?","?","E","R","?","T","M","R","M","$","?","R","BOSS","M","?","$","?","M","R","E","R","T","R","E","?","E","?","R","BOSS","M","?","?","M","$","R","E","R","T","R","?","R","M","E","R","BOSS","BOSS","R","$","E","BOSS"],"build_version":"2019-01-23","purchased_purges":3,"victory":true,"max_hp_per_floor":[66,66,66,66,66,66,66,66,66,66,66,66,66,66,66,66,66,66,66,66,66,66,66,66,66,66,66,66,66,73,73,73,73,73,73,73,73,73,73,73,73,73,73,73,73,73,73,73,73,73,73,73,73,73,73,73],"card_choices":[{"not_picked":["Blur","Dodge and Roll"],"picked":"Dagger Throw","floor":1.0},{"not_picked":["Backstab","Blade Dance"],"picked":"Calculated Gamble","floor":3.0},{"not_picked":["Poisoned Stab","Dagger Spray"],"picked":"After Image","floor":6.0},{"not_picked":["Quick Slash","Flying Knee"],"picked":"Deflect","floor":10.0},{"not_picked":["Catalyst","Terror"],"picked":"Cloak And Dagger","floor":12.0},{"not_picked":["Blur","Quick Slash"],"picked":"Concentrate","floor":14.0},{"not_picked":["Unload","Bullet Time"],"picked":"Adrenaline","floor":16.0},{"not_picked":["Escape Plan","Masterful Stab"],"picked":"Cloak And Dagger+1","floor":18.0},{"not_picked":["Outmaneuver","Expertise"],"picked":"Reflex","floor":22.0},{"not_picked":["Dash","Prepared"],"picked":"Backflip","floor":24.0},{"not_picked":["Crippling Poison","Accuracy"],"picked":"Acrobatics","floor":28.0},{"not_picked":["Leg Sweep","Cloak And Dagger"],"picked":"Acrobatics+1","floor":30.0},{"not_picked":["PiercingWail","Setup"],"picked":"Concentrate","floor":31.0},{"not_picked":["Unload","Die Die Die"],"picked":"Venomology","floor":33.0},{"not_picked":["Slice","Bouncing Flask"],"picked":"Acrobatics+1","floor":35.0},{"not_picked":["Swift Strike","Flash of Steel"],"picked":"Purity","floor":36.0},{"not_picked":["Dramatic Entrance","Secret Weapon"],"picked":"Finesse","floor":36.0},{"not_picked":["Secret Weapon","PanicButton"],"picked":"Thinking Ahead","floor":36.0},{"not_picked":["Outmaneuver","Crippling Poison"],"picked":"Acrobatics","floor":37.0},{"not_picked":["All Out Attack+1","Footwork","Quick Slash+1"],"picked":"SKIP","floor":38.0},{"not_picked":["Deflect","Dodge and Roll+1","Flying Knee"],"picked":"SKIP","floor":41.0},{"not_picked":["Bane","Footwork"],"picked":"Tactician+1","floor":47.0},{"not_picked":["Dash","Glass Knife"],"picked":"Backflip","floor":48.0},{"not_picked":["Quick Slash","Envenom","Underhanded Strike"],"picked":"SKIP","floor":55.0}],"player_experience":4655350,"relics_obtained":[{"floor":6.0,"key":"Art of War"},{"floor":9.0,"key":"Paper Crane"},{"floor":24.0,"key":"WingedGreaves"},{"floor":26.0,"key":"Ornamental Fan"},{"floor":28.0,"key":"Happy Flower"},{"floor":30.0,"key":"Strawberry"},{"floor":37.0,"key":"Pocketwatch"},{"floor":41.0,"key":"Ice Cream"},{"floor":48.0,"key":"Boot"},{"floor":55.0,"key":"Bottled Lightning"}],"event_choices":[{"damage_healed":0.0,"max_hp_gain":0.0,"max_hp_loss":0.0,"gold_gain":0.0,"event_name":"Scrap Ooze","player_choice":"Success","floor":4.0,"gold_loss":0.0,"damage_taken":5.0,"relics_obtained":["Kunai"]},{"damage_healed":0.0,"max_hp_gain":0.0,"max_hp_loss":0.0,"gold_gain":0.0,"event_name":"World of Goop","player_choice":"Left Gold","floor":5.0,"gold_loss":22.0,"damage_taken":0.0},{"damage_healed":0.0,"max_hp_gain":0.0,"max_hp_loss":0.0,"gold_gain":0.0,"event_name":"Accursed Blacksmith","player_choice":"Rummage","floor":8.0,"gold_loss":0.0,"damage_taken":0.0,"relics_obtained":["WarpedTongs"],"cards_obtained":["Pain"]},{"damage_healed":0.0,"max_hp_gain":0.0,"max_hp_loss":0.0,"gold_gain":50.0,"event_name":"Nest","player_choice":"Stole From Cult","floor":19.0,"gold_loss":0.0,"damage_taken":0.0},{"damage_healed":0.0,"max_hp_gain":0.0,"max_hp_loss":0.0,"gold_gain":0.0,"event_name":"The Mausoleum","player_choice":"Ignored","floor":21.0,"gold_loss":0.0,"damage_taken":0.0},{"damage_healed":0.0,"max_hp_gain":0.0,"max_hp_loss":0.0,"gold_gain":0.0,"cards_transformed":["Strike_G","Strike_G"],"event_name":"Designer","player_choice":"Transformed Cards","floor":29.0,"gold_loss":75.0,"damage_taken":0.0,"cards_obtained":["Choke","Grand Finale"]},{"damage_healed":0.0,"max_hp_gain":0.0,"max_hp_loss":0.0,"gold_gain":0.0,"event_name":"SensoryStone","player_choice":"Memory 3","floor":36.0,"gold_loss":0.0,"damage_taken":10.0},{"damage_healed":0.0,"max_hp_gain":0.0,"max_hp_loss":0.0,"gold_gain":0.0,"event_name":"Mysterious Sphere","player_choice":"Fight","floor":37.0,"gold_loss":0.0,"damage_taken":0.0},{"damage_healed":0.0,"max_hp_gain":0.0,"max_hp_loss":0.0,"gold_gain":0.0,"event_name":"Winding Halls","player_choice":"Embrace Madness","floor":45.0,"gold_loss":0.0,"damage_taken":13.0,"cards_obtained":["Madness","Madness"]}],"is_beta":false,"boss_relics":[{"not_picked":["WristBlade","Runic Pyramid"],"picked":"Empty Cage"},{"not_picked":["Snecko Eye","White Beast Statue"],"picked":"Philosopher\u0027s Stone"}],"items_purged_floors":[20,39,54],"is_endless":false,"potions_floor_spawned":[10,14,16,22,28,31,33,35,41,48],"ascension_level":20}