{"gold_per_floor":[119,136,150,160,160,160,188,206,259,56,86,86,86,98,98,172,172,185,85,100,370,82,82,182,182,182,182,200,234,24,57,57,136,136,150,0,100,112,112,147,147,64,87,87,121,121,121,156,156,156,156,156,156,46,80,80],"floor_reached":57,"playtime":3120,"items_purged":["Strike_G","Strike_G","Strike_G","Strike_G"],"score":3494,"play_id":"40d6437d-0aad-4ac8-9e89-adec606bab66","local_time":"20190330010308","is_ascension_mode":true,"campfire_choices":[{"data":"Masterful Stab","floor":6.0,"key":"SMITH"},{"data":"Well Laid Plans","floor":12.0,"key":"SMITH"},{"data":"Neutralize","floor":15.0,"key":"SMITH"},{"data":"Calculated Gamble","floor":23.0,"key":"SMITH"},{"data":"Reflex","floor":25.0,"key":"SMITH"},{"data":"Acrobatics","floor":27.0,"key":"SMITH"},{"data":"Expertise","floor":32.0,"key":"SMITH"},{"data":"Recycle","floor":41.0,"key":"SMITH"},{"data":"Skim","floor":44.0,"key":"SMITH"},{"floor":49.0,"key":"RECALL"},{"data":"Burning Pact","floor":53.0,"key":"SMITH"}],"neow_cost":"TEN_PERCENT_HP_LOSS","seed_source_timestamp":0,"circlet_count":0,"master_deck":["AscendersBane","Defend_G","Defend_G","Defend_G","Defend_G","Defend_G","Strike_G+1","Survivor","Neutralize+1","Adrenaline+1","Blur","Masterful Stab+1","Adrenaline","Well Laid Plans+1","Expertise+1","Footwork","Grand Finale","Backflip","Calculated Gamble+1","Reflex+1","Acrobatics+1","Purity+1","Recycle+1","Skim+1","Tactician","Burning Pact+1","Double Tap"],"special_seed":0,"relics":["Ring of the Snake","Matryoshka","Strawberry","Lizard Tail","The Specimen","Letter Opener","Boot","Pantograph","PrismaticShard","Regal Pillow","White Beast Statue","Prayer Wheel","Oddly Smooth Stone","Lantern","Art of War","PreservedInsect","Du-Vu Doll"],"potions_floor_usage":[56,56],"damage_taken":[{"damage":3.0,"enemies":"2 Louse","floor":1.0,"turns":3.0},{"damage":0.0,"enemies":"Small Slimes","floor":2.0,"turns":6.0},{"damage":4.0,"enemies":"Jaw Worm","floor":3.0,"turns":6.0},{"damage":11.0,"enemies":"Exordium Thugs","floor":4.0,"turns":6.0},{"damage":5.0,"enemies":"Lagavulin","floor":7.0,"turns":7.0},{"damage":0.0,"enemies":"2 Fungi Beasts","floor":8.0,"turns":3.0},{"damage":0.0,"enemies":"3 Louse","floor":14.0,"turns":2.0},{"damage":3.0,"enemies":"The Guardian","floor":16.0,"turns":15.0},{"damage":14.0,"enemies":"2 Thieves","floor":18.0,"turns":3.0},{"damage":6.0,"enemies":"Shell Parasite","floor":20.0,"turns":7.0},{"damage":0.0,"enemies":"Colosseum Slavers","floor":24.0,"turns":2.0},{"damage":0.0,"enemies":"Colosseum Nobs","floor":24.0,"turns":3.0},{"damage":0.0,"enemies":"Snecko","floor":28.0,"turns":6.0},{"damage":0.0,"enemies":"Book of Stabbing","floor":29.0,"turns":3.0},{"damage":0.0,"enemies":"Gremlin Leader","floor":31.0,"turns":4.0},{"damage":0.0,"enemies":"Collector","floor":33.0,"turns":6.0},{"damage":0.0,"enemies":"3 Shapes","floor":35.0,"turns":1.0},{"damage":0.0,"enemies":"Mind Bloom Boss Battle","floor":37.0,"turns":3.0},{"damage":0.0,"enemies":"Orb Walker","floor":38.0,"turns":1.0},{"damage":0.0,"enemies":"Giant Head","floor":40.0,"turns":2.0},{"damage":0.0,"enemies":"Reptomancer","floor":45.0,"turns":3.0},{"damage":0.0,"enemies":"Nemesis","floor":48.0,"turns":5.0},{"damage":0.0,"enemies":"Donu and Deca","floor":50.0,"turns":1.0},{"damage":0.0,"enemies":"Awakened One","floor":51.0,"turns":3.0},{"damage":0.0,"enemies":"Shield and Spear","floor":55.0,"turns":1.0},{"damage":62,"enemies":"The Heart","floor":56,"turns":8}],"seed_played":"-6457582841099955330","potions_obtained":[{"floor":1.0,"key":"EntropicBrew"},{"floor":3.0,"key":"Energy Potion"},{"floor":4.0,"key":"EntropicBrew"},{"floor":20.0,"key":"SkillPotion"},{"floor":28.0,"key":"Block Potion"},{"floor":31.0,"key":"Regen Potion"},{"floor":33.0,"key":"Poison Potion"},{"floor":35.0,"key":"Regen Potion"},{"floor":38.0,"key":"GhostInAJar"},{"floor":40.0,"key":"GhostInAJar"},{"floor":48.0,"key":"Dexterity Potion"},{"floor":55.0,"key":"Energy Potion"}],"is_trial":false,"path_per_floor":["M","M","M","M","?","R","E","M","T","$","?","R","$","M","R","B",null,"M","$","M","?","$","R","?","R","T","R","M","E","$","E","R","B",null,"M","$","?","M","T","E","R","$","T","R","E","?","?","E","R","B","B",null,"R","$","E","B",null],"character_chosen":"THE_SILENT","items_purchased":["Well Laid Plans","Expertise","Calculated Gamble","Reflex","PrismaticShard","Tactician","SmokeBomb"],"campfire_rested":0,"item_purchase_floors":[10,10,22,22,30,42,54],"current_hp_per_floor":[56,56,52,41,23,23,18,18,25,25,25,25,25,25,25,22,56,42,42,36,12,12,12,12,12,12,12,12,12,12,12,12,37,60,60,60,67,67,67,67,67,67,67,67,67,67,67,67,67,67,67,67,67,67,67,5],"gold":80,"neow_bonus":"THREE_RARE_CARDS","is_prod":false,"is_daily":false,"chose_seed":false,"campfire_upgraded":10,"win_rate":0,"timestamp":1553878988,"path_taken":["M","M","M","M","?","R","E","M","T","$","?","R","$","M","R","BOSS","M","$","M","?","?","R","?","R","T","R","M","E","$","E","R","BOSS","M","$","?","M","?","E","R","$","T","R","E","?","?","E","R","BOSS","BOSS","R","$","E","BOSS"],"build_version":"2019-01-23","purchased_purges":4,"victory":true,"max_hp_per_floor":[60,60,60,60,60,60,60,60,67,67,67,67,67,67,67,67,67,67,67,67,67,67,67,67,67,67,67,67,67,67,67,67,67,67,67,67,67,67,67,67,67,67,67,67,67,67,67,67,67,67,67,67,67,67,67,67],"card_choices":[{"not_picked":["Night Terror","Burst"],"picked":"Adrenaline","floor":0.0},{"not_picked":["Skewer","Dodge and Roll"],"picked":"Blur","floor":1.0},{"not_picked":["Finisher","Blade Dance","Outmaneuver"],"picked":"SKIP","floor":2.0},{"not_picked":["Dash","Dagger Spray"],"picked":"Masterful Stab","floor":3.0},{"not_picked":["Prepared","Cloak And Dagger"],"picked":"Adrenaline","floor":4.0},{"not_picked":["Blade Dance","Slice","Distraction"],"picked":"SKIP","floor":7.0},{"not_picked":["Acrobatics","Prepared"],"picked":"Dagger Throw","floor":8.0},{"not_picked":["Outmaneuver","Flying Knee"],"picked":"Footwork","floor":14.0},{"not_picked":["Corpse Explosion","After Image"],"picked":"Grand Finale","floor":16.0},{"not_picked":["Blur+1","Flying Knee"],"picked":"Backflip","floor":18.0},{"not_picked":["Deadly Poison+1","Slice","Sucker Punch"],"picked":"SKIP","floor":20.0},{"not_picked":["PiercingWail","Endless Agony"],"picked":"Acrobatics","floor":24.0},{"not_picked":["All Out Attack","Infinite Blades","Sucker Punch"],"picked":"SKIP","floor":28.0},{"not_picked":["Burst","Crippling Poison","Prepared"],"picked":"SKIP","floor":29.0},{"not_picked":["Flex","Rebound"],"picked":"Purity+1","floor":31.0},{"not_picked":["Cloak And Dagger+1","Dodge and Roll","Headbutt"],"picked":"SKIP","floor":35.0},{"not_picked":["Turbo","Dash"],"picked":"Recycle","floor":38.0},{"not_picked":["Body Slam","Whirlwind","Steam"],"picked":"SKIP","floor":38.0},{"not_picked":["Genetic Algorithm+1","Enlightenment+1"],"picked":"Skim","floor":40.0},{"not_picked":["Caltrops","Skewer"],"picked":"Burning Pact","floor":45.0},{"not_picked":["Headbutt+1","White Noise+1","Dash+1"],"picked":"SKIP","floor":48.0},{"not_picked":["Shrug It Off","Acrobatics"],"picked":"Double Tap","floor":55.0}],"player_experience":3957522,"relics_obtained":[{"floor":7.0,"key":"Matryoshka"},{"floor":9.0,"key":"Strawberry"},{"floor":24.0,"key":"The Specimen"},{"floor":24.0,"key":"Letter Opener"},{"floor":26.0,"key":"Boot"},{"floor":26.0,"key":"Pantograph"},{"floor":31.0,"key":"Regal Pillow"},{"floor":37.0,"key":"Prayer Wheel"},{"floor":39.0,"key":"Oddly Smooth Stone"},{"floor":40.0,"key":"Lantern"},{"floor":43.0,"key":"Art of War"},{"floor":48.0,"key":"PreservedInsect"},{"floor":55.0,"key":"Du-Vu Doll"}],"event_choices":[{"damage_healed":0.0,"max_hp_gain":0.0,"max_hp_loss":0.0,"gold_gain":0.0,"event_name":"Shining Light","player_choice":"Entered Light","floor":5.0,"gold_loss":0.0,"damage_taken":18.0,"cards_upgraded":["Strike_G","Adrenaline"]},{"damage_healed":0.0,"max_hp_gain":0.0,"max_hp_loss":0.0,"gold_gain":30.0,"event_name":"Dead Adventurer","player_choice":"Searched \u00271\u0027 times","floor":11.0,"gold_loss":0.0,"damage_taken":0.0},{"damage_healed":0.0,"max_hp_gain":0.0,"max_hp_loss":0.0,"gold_gain":270.0,"event_name":"Knowing Skull","player_choice":"GOLD GOLD GOLD ","floor":21.0,"potions_obtained":[],"gold_loss":0.0,"damage_taken":24.0,"cards_obtained":[]},{"damage_healed":0.0,"max_hp_gain":0.0,"max_hp_loss":0.0,"gold_gain":0.0,"event_name":"Colosseum","player_choice":"Fight","floor":24.0,"gold_loss":0.0,"damage_taken":0.0},{"damage_healed":0.0,"max_hp_gain":0.0,"max_hp_loss":0.0,"gold_gain":0.0,"event_name":"Colosseum","player_choice":"Fought Nobs","floor":24.0,"gold_loss":0.0,"damage_taken":0.0},{"damage_healed":0.0,"max_hp_gain":0.0,"max_hp_loss":0.0,"gold_gain":0.0,"event_name":"MindBloom","player_choice":"Fight","floor":37.0,"gold_loss":0.0,"damage_taken":0.0},{"cards_removed":["Dagger Throw"],"damage_healed":0.0,"max_hp_gain":0.0,"max_hp_loss":0.0,"gold_gain":0.0,"event_name":"Falling","player_choice":"Removed Attack","floor":46.0,"gold_loss":0.0,"damage_taken":0.0},{"damage_healed":0.0,"max_hp_gain":0.0,"max_hp_loss":0.0,"gold_gain":0.0,"event_name":"SensoryStone","player_choice":"Memory 1","floor":47.0,"gold_loss":0.0,"damage_taken":0.0}],"is_beta":false,"boss_relics":[{"not_picked":["Cursed Key","Sozu"],"picked":"Lizard Tail"},{"not_picked":["Ring of the Serpent","Calling Bell"],"picked":"White Beast Statue"}],"items_purged_floors":[10,19,22,36],"is_endless":false,"potions_floor_spawned":[1,3,4,20,24,28,31,33,35,37,38,40,45,48,55],"ascension_level":20}