{"path_per_floor":["M","M","M","?","?","R","M","$","T","M","R","?","R","?","R","B",null,"M","?","?","M","M","R"],"character_chosen":"THE_SILENT","items_purchased":["Sucker Punch"],"gold_per_floor":[16,30,41,41,41,41,56,30,30,48,48,13,13,13,13,108,108,96,96,96,115,133,133,133],"floor_reached":24,"campfire_rested":0,"playtime":771,"current_hp_per_floor":[63,63,63,49,37,37,37,37,37,34,34,51,51,51,51,2,53,41,41,41,27,6,6,0],"items_purged":[],"gold":133,"score":251,"play_id":"4bb1ba81-13db-4ab0-a007-dd9ae2cd5c0e","local_time":"20180421221444","is_prod":false,"is_daily":false,"chose_seed":false,"is_ascension_mode":true,"campfire_upgraded":1,"timestamp":1524320084,"path_taken":["M","M","M","?","?","R","M","$","T","M","R","?","R","?","R","BOSS","M","?","?","M","M","R","E"],"build_version":"2018-04-19","seed_source_timestamp":31510962136682,"purchased_purges":0,"victory":false,"master_deck":["Defend_G+1","Defend_G","Defend_G","Strike_G","Strike_G","Survivor","Neutralize+1","Quick Slash","Deflect","Sucker Punch+1","Endless Agony","Tactician","Acrobatics","Tools of the Trade"],"max_hp_per_floor":[70,70,70,70,70,70,70,70,70,70,70,70,70,70,70,70,70,70,70,70,70,70,70,70],"relics":["Ring of the Snake","Peace Pipe","Question Card","Juzu Bracelet","Sozu","Bag of Preparation"],"card_choices":[{"not_picked":["Malaise","Skewer"],"picked":"Quick Slash","floor":1},{"not_picked":["Footwork","Bane"],"picked":"Deflect","floor":2},{"not_picked":["Poisoned Stab","Dagger Spray","Deflect"],"picked":"Endless Agony","floor":10},{"not_picked":["Phantasmal Killer","Bullet Time","Storm of Steel"],"picked":"Tactician","floor":16},{"not_picked":["Poisoned Stab","Acrobatics","Slice"],"picked":"Tools of the Trade","floor":22}],"player_experience":422859,"potions_floor_usage":[16,16],"damage_taken":[{"damage":0,"enemies":"Small Slimes","floor":1,"turns":3},{"damage":0,"enemies":"2 Louse","floor":2,"turns":3},{"damage":0,"enemies":"Cultist","floor":3,"turns":4},{"damage":0,"enemies":"2 Fungi Beasts","floor":7,"turns":5},{"damage":3,"enemies":"3 Louse","floor":10,"turns":4},{"damage":49,"enemies":"Hexaghost","floor":16,"turns":14},{"damage":12,"enemies":"2 Thieves","floor":18,"turns":4},{"damage":14,"enemies":"Spheric Guardian","floor":21,"turns":4},{"damage":21,"enemies":"Centurion and Healer","floor":22,"turns":14},{"damage":7,"enemies":"Book of Stabbing","floor":24,"turns":4}],"event_choices":[{"event_name":"Shining Light","player_choice":"Entered Light","floor":4,"damage_taken":0},{"event_name":"Scrap Ooze","player_choice":"success","floor":5,"damage_taken":12},{"event_name":"The Cleric","player_choice":"Healed","floor":12,"damage_taken":0},{"event_name":"Big Fish","player_choice":"Box","floor":14,"damage_taken":0},{"event_name":"The Mausoleum","player_choice":"Yes","floor":19,"damage_taken":0},{"event_name":"The Library","player_choice":"Read","floor":20,"damage_taken":0}],"boss_relics":[{"not_picked":["Tiny House","Velvet Choker"],"picked":"Sozu"}],"potions_floor_spawned":[3,7,18,22],"seed_played":"6861926898076953882","killed_by":"Book of Stabbing","ascension_level":7,"is_trial":false}