{"gold_per_floor":[118,135,67,67,67,67,95,95,176,186,216,141,159,177,177,281,281,294,309,64,64],"floor_reached":21,"playtime":647,"items_purged":["Defend_R","Strike_R"],"score":284,"play_id":"7f56c82d-7cd9-4581-901d-2969510ec5b5","local_time":"20180921225413","is_ascension_mode":true,"campfire_choices":[{"data":"Body Slam","floor":6.0,"key":"SMITH"},{"data":"True Grit","floor":8.0,"key":"SMITH"},{"data":"Juggernaut","floor":15.0,"key":"SMITH"}],"neow_cost":"NONE","seed_source_timestamp":37020485030161,"circlet_count":0,"master_deck":["Strike_R","Strike_R","Defend_R","Defend_R","Defend_R","Bash","AscendersBane","Evolve","Body Slam+1","Feel No Pain","True Grit+1","Juggernaut+1","Reckless Charge","Barricade","Shrug It Off","Battle Trance","Reckless Charge"],"special_seed":0,"relics":["Coffee Dripper","Question Card","Bottled Flame","Blue Candle","Mark of Pain"],"potions_floor_usage":[],"damage_taken":[{"damage":1.0,"enemies":"Cultist","floor":1.0,"turns":4.0},{"damage":6.0,"enemies":"2 Louse","floor":2.0,"turns":3.0},{"damage":34.0,"enemies":"Gremlin Nob","floor":7.0,"turns":5.0},{"damage":2.0,"enemies":"Small Slimes","floor":10.0,"turns":3.0},{"damage":25.0,"enemies":"Lagavulin","floor":11.0,"turns":6.0},{"damage":0.0,"enemies":"Blue Slaver","floor":13.0,"turns":3.0},{"damage":3.0,"enemies":"2 Fungi Beasts","floor":14.0,"turns":4.0},{"damage":12.0,"enemies":"The Guardian","floor":16.0,"turns":8.0},{"damage":39,"enemies":"3 Byrds","floor":18,"turns":6},{"damage":10,"enemies":"Spheric Guardian","floor":19,"turns":4},{"damage":15,"enemies":"Shelled Parasite and Fungi","floor":21,"turns":2}],"seed_played":"8127269421918981035","potions_obtained":[{"floor":2.0,"key":"Regen Potion"},{"floor":10.0,"key":"Poison Potion"},{"floor":11.0,"key":"LiquidBronze"},{"floor":14.0,"key":"Poison Potion"},{"floor":19,"key":"Poison Potion"}],"is_trial":false,"path_per_floor":["M","M","$","?","?","R","E","R","T","M","E","$","M","M","R","B",null,"M","M","$"],"character_chosen":"IRONCLAD","items_purchased":["Feel No Pain","Battle Trance","Reckless Charge"],"campfire_rested":0,"item_purchase_floors":[3,20,20],"current_hp_per_floor":[71,65,65,65,65,65,45,45,45,43,18,18,18,15,15,3,61,22,12,12,0],"gold":64,"neow_bonus":"BOSS_RELIC","is_prod":false,"is_daily":false,"chose_seed":false,"campfire_upgraded":3,"win_rate":0,"timestamp":1537541653,"path_taken":["M","?","?","?","?","R","E","R","T","M","E","$","?","?","R","BOSS","M","?","$","M"],"build_version":"2018-09-20","purchased_purges":2,"victory":false,"max_hp_per_floor":[80,80,80,80,80,80,80,80,80,80,80,80,80,80,80,80,80,80,80,80,80],"card_choices":[{"not_picked":["Body Slam","Armaments"],"picked":"Evolve","floor":1.0},{"not_picked":["Iron Wave","Combust"],"picked":"Body Slam","floor":2.0},{"not_picked":["Rampage","Heavy Blade","Armaments"],"picked":"SKIP","floor":7.0},{"not_picked":["Headbutt","Clothesline","Uppercut"],"picked":"Juggernaut","floor":10.0},{"not_picked":["Clothesline","Flex","Dropkick","Warcry"],"picked":"SKIP","floor":11.0},{"not_picked":["Twin Strike","Armaments","Infernal Blade","Cleave"],"picked":"SKIP","floor":13.0},{"not_picked":["Fire Breathing","Headbutt","Perfected Strike"],"picked":"Reckless Charge","floor":14.0},{"not_picked":["Brutality","Juggernaut","Exhume"],"picked":"Barricade","floor":16.0},{"not_picked":["Sword Boomerang","Heavy Blade+1","Searing Blow","Cleave"],"picked":"SKIP","floor":18},{"not_picked":["Clothesline","Sword Boomerang+1","Perfected Strike"],"picked":"Shrug It Off","floor":19}],"player_experience":76344,"relics_obtained":[{"floor":7.0,"key":"Question Card"},{"floor":9.0,"key":"Bottled Flame"},{"floor":11.0,"key":"Blue Candle"}],"event_choices":[{"event_name":"Wheel of Change","player_choice":"Card Removal","floor":4.0,"damage_taken":0.0},{"event_name":"Living Wall","player_choice":"Change","floor":5.0,"damage_taken":0.0}],"is_beta":false,"boss_relics":[{"not_picked":["Runic Dome","Cursed Key"],"picked":"Mark of Pain"}],"items_purged_floors":[12,20],"is_endless":false,"potions_floor_spawned":[2,10,11,14,19],"killed_by":"Shelled Parasite and Fungi","ascension_level":10}