{"gold_per_floor":[112,124,144,155,167,167,198,198,277,202,230,246,246,257,257,356,356,371,390,390,215,235,235,253,56,79,79,97,97,115,41,41,141,141,154,7,0,12,12,43,43,43,43,43,43,43,43,60,60,60],"floor_reached":51,"playtime":2194,"items_purged":["Strike_G","Defend_G","Strike_G"],"score":712,"play_id":"a8c9f1e5-c20a-481b-b7d8-c1a06a9405d6","local_time":"20181022083843","is_ascension_mode":false,"campfire_choices":[{"data":"Deadly Poison","floor":6,"key":"SMITH"},{"data":"Deadly Poison","floor":8,"key":"SMITH"},{"data":"Cloak And Dagger","floor":13,"key":"SMITH"},{"data":"Bouncing Flask","floor":15,"key":"SMITH"},{"data":"Tools of the Trade","floor":23,"key":"SMITH"},{"data":"Tactician","floor":29,"key":"SMITH"},{"data":"Tactician","floor":32,"key":"SMITH"},{"data":"Catalyst","floor":42,"key":"SMITH"},{"data":"Tools of the Trade","floor":44,"key":"SMITH"},{"floor":49,"key":"REST"}],"neow_cost":"NONE","seed_source_timestamp":1512678350174,"circlet_count":0,"master_deck":["Defend_G+1","Defend_G+1","Defend_G+1","Defend_G+1","Strike_G+1","Strike_G+1","Strike_G+1","Survivor+1","Neutralize+1","Deadly Poison+1","Deadly Poison+1","Backflip+1","Bouncing Flask+1","Cloak And Dagger+1","Malaise+1","Blade Dance+1","Tools of the Trade+1","Infinite Blades+1","Tactician+1","Tactician+1","Blade Dance+1","Backflip+1","Tools of the Trade+1","Glass Knife+1","Corpse Explosion+1","Catalyst+1","Footwork+1","Blade Dance+1"],"relics":["Ring of the Snake","Kunai","Pear","Runic Pyramid","Nloth\u0027s Gift","Pen Nib","Cursed Key","Red Mask","Juzu Bracelet","Mark of the Bloom","Ornamental Fan"],"potions_floor_usage":[28,40,40,50,50,50,50,50],"damage_taken":[{"damage":0,"enemies":"Small Slimes","floor":1,"turns":4},{"damage":0,"enemies":"Cultist","floor":2,"turns":4},{"damage":1,"enemies":"Jaw Worm","floor":3,"turns":5},{"damage":1,"enemies":"3 Louse","floor":4,"turns":4},{"damage":2,"enemies":"Large Slime","floor":5,"turns":7},{"damage":20,"enemies":"Lagavulin","floor":7,"turns":6},{"damage":27,"enemies":"3 Sentries","floor":11,"turns":12},{"damage":14,"enemies":"Exordium Wildlife","floor":12,"turns":3},{"damage":0,"enemies":"3 Louse","floor":14,"turns":3},{"damage":15,"enemies":"Hexaghost","floor":16,"turns":8},{"damage":0,"enemies":"Spheric Guardian","floor":18,"turns":3},{"damage":0,"enemies":"3 Byrds","floor":19,"turns":8},{"damage":7,"enemies":"Snake Plant","floor":22,"turns":10},{"damage":9,"enemies":"Cultist and Chosen","floor":24,"turns":9},{"damage":7,"enemies":"3 Cultists","floor":28,"turns":7},{"damage":0,"enemies":"Sentry and Sphere","floor":30,"turns":3},{"damage":9,"enemies":"Champ","floor":33,"turns":11},{"damage":0,"enemies":"Orb Walker","floor":35,"turns":4},{"damage":0,"enemies":"3 Darklings","floor":38,"turns":3},{"damage":14,"enemies":"Reptomancer","floor":40,"turns":9},{"damage":5,"enemies":"4 Shapes","floor":48,"turns":2},{"damage":25,"enemies":"Time Eater","floor":50,"turns":11}],"seed_played":"-8294861587360460857","potions_obtained":[{"floor":2,"key":"GamblersBrew"},{"floor":3,"key":"SmokeBomb"},{"floor":5,"key":"Regen Potion"},{"floor":24,"key":"Explosive Potion"},{"floor":30,"key":"LiquidBronze"},{"floor":38,"key":"EntropicBrew"},{"floor":40,"key":"Swift Potion"},{"floor":48,"key":"SpeedPotion"}],"is_trial":false,"path_per_floor":["M","M","M","M","M","R","E","R","T","$","E","M","R","M","R","B",null,"M","M","?","$","M","R","M","$","T","?","M","R","M","$","R","B",null,"M","$","?","M","?","E","?","R","T","R","?","$","?","M","R","B"],"character_chosen":"THE_SILENT","items_purchased":["Infinite Blades","Tactician","Tools of the Trade","Catalyst","Footwork"],"campfire_rested":1,"item_purchase_floors":[21,25,31,36,36],"current_hp_per_floor":[70,70,69,68,66,66,46,46,56,56,43,29,29,29,29,14,94,94,94,94,94,87,87,78,78,78,78,71,71,71,71,71,62,94,94,94,94,94,94,94,89,89,89,89,89,89,89,84,84,59],"gold":60,"neow_bonus":"RANDOM_COLORLESS","is_prod":false,"is_daily":false,"chose_seed":false,"campfire_upgraded":9,"win_rate":0,"timestamp":1540168723,"path_taken":["M","M","M","M","M","R","E","R","T","$","E","M","R","M","R","BOSS","M","M","?","$","M","R","M","$","T","?","M","R","M","$","R","BOSS","M","$","?","M","?","E","?","R","T","R","?","$","?","M","R","BOSS"],"build_version":"2018-10-18","purchased_purges":3,"victory":true,"max_hp_per_floor":[70,70,70,70,70,70,70,70,80,80,94,94,94,94,94,94,94,94,94,94,94,94,94,94,94,94,94,94,94,94,94,94,94,94,94,94,94,94,94,94,89,89,89,89,89,89,89,89,89,89],"card_choices":[{"not_picked":["Predator","Outmaneuver"],"picked":"Deadly Poison","floor":1},{"not_picked":["Reflex","Dagger Spray","Blur"],"picked":"SKIP","floor":2},{"not_picked":["Poisoned Stab","Blade Dance","Dagger Spray"],"picked":"SKIP","floor":3},{"not_picked":["Poisoned Stab","Calculated Gamble","Expertise"],"picked":"SKIP","floor":4},{"not_picked":["Caltrops","Backflip"],"picked":"Deadly Poison","floor":5},{"not_picked":["Slice","Bouncing Flask"],"picked":"Backflip","floor":7},{"not_picked":["Prepared","Dagger Throw"],"picked":"Bouncing Flask","floor":11},{"not_picked":["Endless Agony","PiercingWail"],"picked":"Cloak And Dagger","floor":12},{"not_picked":["Acrobatics","Bane","Dodge and Roll"],"picked":"SKIP","floor":14},{"not_picked":["Phantasmal Killer","Tools of the Trade"],"picked":"Malaise","floor":16},{"not_picked":["Deflect","Dagger Spray"],"picked":"Blade Dance","floor":18},{"not_picked":["Dagger Spray+1","Flechettes"],"picked":"Tools of the Trade","floor":19},{"not_picked":["Slice","Backflip"],"picked":"Tactician","floor":22},{"not_picked":["Underhanded Strike+1","Blur","PiercingWail"],"picked":"SKIP","floor":24},{"not_picked":["Prepared","All Out Attack"],"picked":"Blade Dance","floor":28},{"not_picked":["Outmaneuver","Dagger Throw+1"],"picked":"Backflip","floor":30},{"not_picked":["Grand Finale","Doppelganger"],"picked":"Glass Knife","floor":33},{"not_picked":["Storm of Steel","Footwork+1"],"picked":"Corpse Explosion","floor":35},{"not_picked":["Sucker Punch+1","Choke+1","Dagger Spray+1"],"picked":"SKIP","floor":38},{"not_picked":["Quick Slash","Deflect+1"],"picked":"Blade Dance+1","floor":40},{"not_picked":["Prepared","Bane+1","Setup"],"picked":"SKIP","floor":48}],"player_experience":488090,"relics_obtained":[{"floor":7,"key":"Kunai"},{"floor":9,"key":"Pear"},{"floor":11,"key":"Mango"},{"floor":26,"key":"Pen Nib"},{"floor":40,"key":"Juzu Bracelet"}],"event_choices":[{"damage_healed":0,"gold_gain":0,"player_choice":"Traded Relic","damage_taken":0,"relics_obtained":["Nloth\u0027s Gift"],"max_hp_gain":0,"max_hp_loss":0,"event_name":"N\u0027loth","floor":20,"relics_lost":["Mango"],"gold_loss":0},{"damage_healed":0,"gold_gain":0,"player_choice":"Ignored","damage_taken":0,"max_hp_gain":0,"max_hp_loss":0,"event_name":"Vampires","floor":27,"gold_loss":0},{"damage_healed":0,"gold_gain":0,"player_choice":"Paid","damage_taken":0,"relics_obtained":["Red Mask"],"max_hp_gain":0,"max_hp_loss":0,"event_name":"Tomb of Lord Red Mask","floor":37,"gold_loss":7},{"damage_healed":0,"gold_gain":0,"player_choice":"Ignored","damage_taken":0,"max_hp_gain":0,"max_hp_loss":0,"event_name":"Mysterious Sphere","floor":39,"gold_loss":0},{"damage_healed":0,"gold_gain":0,"player_choice":"Max HP","damage_taken":0,"max_hp_gain":0,"max_hp_loss":5,"event_name":"Winding Halls","floor":41,"gold_loss":0},{"damage_healed":0,"gold_gain":0,"player_choice":"Upgrade","damage_taken":0,"relics_obtained":["Mark of the Bloom"],"max_hp_gain":0,"max_hp_loss":0,"event_name":"MindBloom","floor":45,"gold_loss":0,"cards_upgraded":["Defend_G","Defend_G","Defend_G","Defend_G","Strike_G","Strike_G","Strike_G","Survivor","Neutralize","Impatience","Backflip","Malaise","Blade Dance","Infinite Blades","Blade Dance","Backflip","Glass Knife","Corpse Explosion","Footwork"]},{"cards_removed":["Impatience"],"damage_healed":0,"gold_gain":0,"player_choice":"Gave Card","damage_taken":0,"relics_obtained":["Ornamental Fan"],"max_hp_gain":0,"max_hp_loss":0,"event_name":"WeMeetAgain","floor":47,"gold_loss":0}],"is_beta":false,"boss_relics":[{"not_picked":["Lizard Tail","Astrolabe"],"picked":"Runic Pyramid"},{"not_picked":["Orrery","Eternal Feather"],"picked":"Cursed Key"}],"items_purged_floors":[10,21,25],"is_endless":false,"potions_floor_spawned":[2,3,5,7,18,24,30,38,40,48],"ascension_level":0}