{"gold_per_floor":[117,42,42,54,72,72,103,103,103,103,116,143,143,43,43,116,116,129,140,157,157,47,47],"floor_reached":23,"playtime":518,"items_purged":["Strike_B","Defend_B"],"score":398,"play_id":"11f16a91-191e-4fb9-856f-27ce70207ee3","local_time":"20190307132410","is_ascension_mode":true,"campfire_choices":[{"data":"Rip and Tear","floor":6.0,"key":"SMITH"},{"data":"Dualcast","floor":8.0,"key":"SMITH"},{"data":"Zap","floor":10.0,"key":"SMITH"},{"data":"Defragment","floor":15.0,"key":"SMITH"}],"neow_cost":"NONE","seed_source_timestamp":7294392810456,"circlet_count":0,"master_deck":["AscendersBane","Strike_B","Defend_B","Defend_B","Defend_B","Zap+1","Dualcast+1","Rip and Tear+1","Glacier","Darkness","Defragment+1","Fission","Redo","Loop+1","Hologram"],"special_seed":0,"relics":["Cracked Core","NeowsBlessing","FaceOfCleric","Nunchaku","Pantograph","Singing Bowl","Busted Crown"],"potions_floor_usage":[],"damage_taken":[{"damage":0.0,"enemies":"Jaw Worm","floor":1.0,"turns":1.0},{"damage":0.0,"enemies":"Cultist","floor":4.0,"turns":1.0},{"damage":0.0,"enemies":"2 Louse","floor":5.0,"turns":1.0},{"damage":26.0,"enemies":"Lagavulin","floor":7.0,"turns":7.0},{"damage":6.0,"enemies":"Lots of Slimes","floor":11.0,"turns":4.0},{"damage":31.0,"enemies":"Gremlin Nob","floor":12.0,"turns":4.0},{"damage":11.0,"enemies":"Hexaghost","floor":16.0,"turns":8.0},{"damage":6.0,"enemies":"Spheric Guardian","floor":18.0,"turns":3.0},{"damage":22.0,"enemies":"Shell Parasite","floor":19.0,"turns":5.0},{"damage":21.0,"enemies":"3 Cultists","floor":20.0,"turns":6.0},{"damage":27,"enemies":"Gremlin Leader","floor":23,"turns":2}],"seed_played":"5458033374033863018","potions_obtained":[{"floor":4.0,"key":"SkillPotion"},{"floor":11.0,"key":"Strength Potion"},{"floor":20.0,"key":"Poison Potion"}],"is_trial":false,"path_per_floor":["M","$","?","M","M","R","E","R","T","R","M","E","?","$","R","B",null,"M","M","M","?","?","E"],"character_chosen":"DEFECT","items_purchased":[],"campfire_rested":0,"item_purchase_floors":[],"current_hp_per_floor":[64,64,64,65,66,66,41,41,41,41,36,6,6,6,6,21,63,58,37,17,17,17,0],"gold":47,"neow_bonus":"THREE_ENEMY_KILL","is_prod":false,"is_daily":false,"chose_seed":false,"campfire_upgraded":4,"win_rate":0,"timestamp":1551936250,"path_taken":["M","$","?","M","?","R","E","R","T","R","M","E","?","$","R","BOSS","M","M","?","?","?","E"],"build_version":"2019-01-23","purchased_purges":2,"victory":false,"max_hp_per_floor":[71,71,71,72,73,73,74,74,74,74,75,76,76,76,76,77,77,78,79,80,80,80,80],"card_choices":[{"not_picked":["Beam Cell","Aggregate","Fusion"],"picked":"SKIP","floor":1.0},{"not_picked":["Hello World","Storm"],"picked":"Rip and Tear","floor":4.0},{"not_picked":["Redo","Cold Snap"],"picked":"Glacier","floor":5.0},{"not_picked":["Steam","Sweeping Beam","Rebound"],"picked":"SKIP","floor":7.0},{"not_picked":["Rip and Tear","Steam"],"picked":"Darkness","floor":11.0},{"not_picked":["Gash","Streamline"],"picked":"Defragment","floor":12.0},{"not_picked":["Multi-Cast","Thunder Strike"],"picked":"Fission","floor":16.0},{"not_picked":[],"picked":"Redo","floor":18.0},{"not_picked":[],"picked":"Loop","floor":19.0},{"not_picked":[],"picked":"Hologram","floor":20.0}],"player_experience":3380755,"relics_obtained":[{"floor":7.0,"key":"Nunchaku"},{"floor":9.0,"key":"Pantograph"},{"floor":12.0,"key":"Singing Bowl"}],"event_choices":[{"damage_healed":0.0,"max_hp_gain":0.0,"max_hp_loss":0.0,"gold_gain":0.0,"event_name":"FaceTrader","player_choice":"Trade","floor":3.0,"gold_loss":0.0,"damage_taken":0.0,"relics_obtained":["FaceOfCleric"]},{"cards_removed":["Strike_B"],"damage_healed":0.0,"max_hp_gain":0.0,"max_hp_loss":0.0,"gold_gain":0.0,"event_name":"Bonfire Elementals","player_choice":"Offered Basic","floor":13.0,"gold_loss":0.0,"damage_taken":0.0},{"damage_healed":0.0,"max_hp_gain":0.0,"max_hp_loss":0.0,"gold_gain":0.0,"event_name":"The Mausoleum","player_choice":"Ignored","floor":21.0,"gold_loss":0.0,"damage_taken":0.0},{"cards_removed":["Strike_B"],"damage_healed":0,"gold_gain":0,"player_choice":"Upgrade and Remove","damage_taken":0,"max_hp_gain":0,"max_hp_loss":0,"event_name":"Designer","floor":22,"gold_loss":110,"cards_upgraded":["Loop"]}],"is_beta":false,"boss_relics":[{"not_picked":["White Beast Statue","Pandora\u0027s Box"],"picked":"Busted Crown"}],"items_purged_floors":[2,14],"is_endless":false,"potions_floor_spawned":[4,11,20],"killed_by":"Gremlin Leader","ascension_level":20}