{"gold_per_floor":[114,39,52,52,52,52,75,75,75,75,75,75,75,75],"floor_reached":14,"playtime":272,"items_purged":["Decay"],"score":252,"play_id":"dbf461b4-90be-43a4-b146-1c371ad1f386","local_time":"20190313234512","is_ascension_mode":true,"campfire_choices":[{"data":"Catalyst","floor":6,"key":"SMITH"},{"data":"Bouncing Flask","floor":8,"key":"SMITH"},{"data":"Catalyst","floor":11,"key":"SMITH"}],"neow_cost":"NONE","seed_source_timestamp":29026893199405,"circlet_count":0,"master_deck":["AscendersBane","Defend_G","Defend_G","Defend_G","Defend_G","Defend_G","Strike_G","Strike_G","Strike_G","Strike_G","Strike_G","Survivor","Neutralize","Clumsy","Decay","Catalyst+1","Catalyst+1","Bouncing Flask+1","Regret","Pain"],"relics":["Calling Bell","Bag of Preparation","Gremlin Horn","Mango","Golden Idol","Mercury Hourglass","Vajra","WarpedTongs"],"potions_floor_usage":[],"damage_taken":[{"damage":1,"enemies":"Small Slimes","floor":1,"turns":5},{"damage":0,"enemies":"2 Louse","floor":3,"turns":3},{"damage":21,"enemies":"Cultist","floor":7,"turns":5},{"damage":21,"enemies":"3 Sentries","floor":14,"turns":3}],"seed_played":"9163888972590198408","potions_obtained":[{"floor":1,"key":"Ancient Potion"}],"is_trial":false,"path_per_floor":["M","$","M","?","?","R","M","R","T","$","R","?","?","E"],"character_chosen":"THE_SILENT","items_purchased":[],"campfire_rested":0,"item_purchase_floors":[],"current_hp_per_floor":[72,72,72,72,44,44,23,23,23,23,23,23,23,2],"gold":75,"neow_bonus":"BOSS_RELIC","is_prod":false,"is_daily":false,"chose_seed":false,"campfire_upgraded":3,"win_rate":0,"timestamp":1552491912,"path_taken":["M","$","M","?","?","R","M","R","T","$","R","?","?","E"],"build_version":"2019-01-23","purchased_purges":1,"victory":false,"max_hp_per_floor":[80,80,80,80,80,80,80,80,80,80,80,80,80,80],"card_choices":[{"not_picked":["Distraction","PiercingWail"],"picked":"Catalyst","floor":1},{"not_picked":["Expertise","Outmaneuver"],"picked":"Catalyst","floor":3},{"not_picked":["Prepared","Dagger Throw"],"picked":"Bouncing Flask","floor":7}],"player_experience":3561720,"relics_obtained":[{"floor":0,"key":"Bag of Preparation"},{"floor":0,"key":"Gremlin Horn"},{"floor":0,"key":"Mango"},{"floor":9,"key":"Mercury Hourglass"}],"event_choices":[{"damage_healed":0,"gold_gain":0,"player_choice":"Leave","damage_taken":0,"max_hp_gain":0,"max_hp_loss":0,"event_name":"The Cleric","floor":4,"gold_loss":0},{"damage_healed":0,"gold_gain":0,"player_choice":"Take Damage","damage_taken":28,"relics_obtained":["Golden Idol"],"max_hp_gain":0,"max_hp_loss":0,"event_name":"Golden Idol","floor":5,"gold_loss":0},{"damage_healed":0,"gold_gain":0,"player_choice":"Box","damage_taken":0,"relics_obtained":["Vajra"],"max_hp_gain":0,"max_hp_loss":0,"event_name":"Big Fish","floor":12,"gold_loss":0,"cards_obtained":["Regret"]},{"damage_healed":0,"gold_gain":0,"player_choice":"Rummage","damage_taken":0,"relics_obtained":["WarpedTongs"],"max_hp_gain":0,"max_hp_loss":0,"event_name":"Accursed Blacksmith","floor":13,"gold_loss":0,"cards_obtained":["Pain"]}],"is_beta":false,"boss_relics":[],"items_purged_floors":[2],"is_endless":false,"potions_floor_spawned":[1],"killed_by":"3 Sentries","ascension_level":20}