{"gold_per_floor":[116,116,136,146,160,160,160,160,160,160,175,26,26,26,26,131,131,151,76,95,111,111,111,36,36,88,88,101,116,135,155,155,260,260,274,103,121,138,155,155,174,199,199,209,209,209,32,32,32,32],"floor_reached":51,"playtime":1543,"items_purged":["Strike_G","Strike_G","Masterful Stab"],"score":721,"play_id":"7c1aaa29-02af-42db-a39e-a6681d304370","local_time":"20181101160926","is_ascension_mode":false,"campfire_choices":[{"data":"Corpse Explosion","floor":6.0,"key":"SMITH"},{"data":"Neutralize","floor":8.0,"key":"SMITH"},{"data":"Accuracy","floor":10.0,"key":"SMITH"},{"data":"Corpse Explosion","floor":15.0,"key":"SMITH"},{"data":"Well Laid Plans","floor":23.0,"key":"SMITH"},{"data":"Cloak And Dagger","floor":27.0,"key":"SMITH"},{"data":"Accuracy","floor":32.0,"key":"SMITH"},{"data":"Catalyst","floor":40,"key":"SMITH"},{"data":"Adrenaline","floor":45,"key":"SMITH"},{"data":"Corpse Explosion","floor":49,"key":"SMITH"}],"neow_cost":"NONE","seed_source_timestamp":21983767803653,"circlet_count":0,"master_deck":["Defend_G","Defend_G","Defend_G","Defend_G","Defend_G","Survivor","Neutralize+1","Accuracy+1","Corpse Explosion+1","Well Laid Plans+1","Corpse Explosion+1","Adrenaline+1","Night Terror+1","Cloak And Dagger+1","PiercingWail+1","Blade Dance+1","Dodge and Roll+1","Accuracy+1","Corpse Explosion+1","Accuracy+1","Footwork","Terror+1","Catalyst+1","Infinite Blades","Infinite Blades+1","Deadly Poison+1","Impatience","Writhe"],"special_seed":0,"relics":["Ring of the Snake","Bronze Scales","Coffee Dripper","Regal Pillow","Empty Cage","Bottled Flame","Question Card"],"potions_floor_usage":[44,50,50,50],"damage_taken":[{"damage":0.0,"enemies":"Jaw Worm","floor":1.0,"turns":4.0},{"damage":0.0,"enemies":"Cultist","floor":3.0,"turns":3.0},{"damage":0.0,"enemies":"2 Louse","floor":4.0,"turns":3.0},{"damage":1.0,"enemies":"Exordium Thugs","floor":5.0,"turns":4.0},{"damage":0.0,"enemies":"3 Louse","floor":11.0,"turns":3.0},{"damage":32.0,"enemies":"Hexaghost","floor":16.0,"turns":8.0},{"damage":6.0,"enemies":"Chosen","floor":18.0,"turns":4.0},{"damage":0.0,"enemies":"Shell Parasite","floor":20.0,"turns":4.0},{"damage":3.0,"enemies":"Shelled Parasite and Fungi","floor":21.0,"turns":3.0},{"damage":7.0,"enemies":"Centurion and Healer","floor":28.0,"turns":3.0},{"damage":14.0,"enemies":"Sentry and Sphere","floor":29.0,"turns":4.0},{"damage":6.0,"enemies":"Snecko","floor":30.0,"turns":5.0},{"damage":0.0,"enemies":"Chosen and Byrds","floor":31.0,"turns":3.0},{"damage":13.0,"enemies":"Champ","floor":33.0,"turns":10.0},{"damage":0.0,"enemies":"3 Darklings","floor":35.0,"turns":2.0},{"damage":0.0,"enemies":"Orb Walker","floor":37.0,"turns":4.0},{"damage":32.0,"enemies":"Transient","floor":38.0,"turns":5.0},{"damage":17,"enemies":"Writhing Mass","floor":39,"turns":4},{"damage":0,"enemies":"Maw","floor":41,"turns":5},{"damage":0,"enemies":"Giant Head","floor":42,"turns":6},{"damage":0,"enemies":"3 Darklings","floor":44,"turns":2},{"damage":42,"enemies":"Donu and Deca","floor":50,"turns":5}],"seed_played":"5503549895213764087","potions_obtained":[{"floor":1.0,"key":"Fire Potion"},{"floor":4.0,"key":"PowerPotion"},{"floor":7.0,"key":"FearPotion"},{"floor":7.0,"key":"FearPotion"},{"floor":7.0,"key":"Strength Potion"},{"floor":18.0,"key":"Fire Potion"},{"floor":20.0,"key":"Strength Potion"},{"floor":29.0,"key":"Strength Potion"},{"floor":30.0,"key":"Weak Potion"},{"floor":38.0,"key":"FearPotion"},{"floor":39,"key":"FearPotion"},{"floor":42,"key":"GamblersBrew"}],"is_trial":false,"path_per_floor":["M","?","M","M","M","R","?","R","T","R","M","$","?","?","R","B",null,"M","$","M","M","?","R","?","?","T","R","M","M","M","M","R","B",null,"M","$","M","M","M","R","M","E","T","M","R","?","$","?","R","B"],"character_chosen":"THE_SILENT","items_purchased":["Well Laid Plans","Corpse Explosion","Footwork","PowerPotion"],"campfire_rested":0,"item_purchase_floors":[12,12,36,47],"current_hp_per_floor":[70,70,70,70,69,69,69,69,69,69,69,69,74,74,74,42,75,69,69,69,66,52,52,52,52,52,52,45,31,25,25,25,12,80,80,80,80,48,31,31,31,31,31,31,31,31,31,51,51,9],"gold":32,"neow_bonus":"THREE_CARDS","is_prod":false,"is_daily":false,"chose_seed":false,"campfire_upgraded":10,"win_rate":0,"timestamp":1541059766,"path_taken":["M","?","M","M","?","R","?","R","T","R","M","$","?","?","R","BOSS","M","$","M","M","?","R","?","?","T","R","M","M","M","M","R","BOSS","M","$","?","M","M","R","M","E","T","?","R","?","$","?","R","BOSS"],"build_version":"2018-10-25v2","purchased_purges":3,"victory":true,"max_hp_per_floor":[70,70,70,70,70,70,70,70,70,70,70,70,75,75,75,75,75,75,75,75,75,80,80,80,80,80,80,80,80,80,80,80,80,80,80,80,80,80,80,80,80,80,80,80,80,80,80,80,80,80],"card_choices":[{"not_picked":["Cloak And Dagger","Calculated Gamble"],"picked":"Masterful Stab","floor":0.0},{"not_picked":["Eviscerate","Bane","Crippling Poison"],"picked":"SKIP","floor":1.0},{"not_picked":["Acrobatics","Prepared"],"picked":"Accuracy","floor":3.0},{"not_picked":["Acrobatics","Reflex","Expertise"],"picked":"SKIP","floor":4.0},{"not_picked":["Bane","Well Laid Plans"],"picked":"Corpse Explosion","floor":5.0},{"not_picked":["Deflect","Reflex","Dagger Throw"],"picked":"SKIP","floor":11.0},{"not_picked":["Bullet Time","Adrenaline"],"picked":"Night Terror","floor":16.0},{"not_picked":["Caltrops","Tactician+1"],"picked":"Cloak And Dagger","floor":18.0},{"not_picked":["Backflip","Poisoned Stab+1"],"picked":"PiercingWail+1","floor":20.0},{"not_picked":["Caltrops+1","Flechettes"],"picked":"Blade Dance+1","floor":21.0},{"not_picked":["Setup","Poisoned Stab"],"picked":"Dodge and Roll+1","floor":28.0},{"not_picked":["Reflex","Dagger Throw","Dodge and Roll"],"picked":"SKIP","floor":29.0},{"not_picked":["Dagger Spray","Choke","Underhanded Strike"],"picked":"SKIP","floor":30.0},{"not_picked":["Bullet Time","Tactician"],"picked":"Accuracy","floor":31.0},{"not_picked":["Venomology","Phantasmal Killer"],"picked":"Corpse Explosion","floor":33.0},{"not_picked":["Blade Dance","Prepared+1"],"picked":"Accuracy+1","floor":35.0},{"not_picked":["Backstab+1","Terror+1","Underhanded Strike"],"picked":"SKIP","floor":37.0},{"not_picked":["Backstab+1","Underhanded Strike"],"picked":"Terror+1","floor":37.0},{"not_picked":["Deflect","Acrobatics"],"picked":"Catalyst","floor":38.0},{"not_picked":["Underhanded Strike","Setup"],"picked":"Infinite Blades","floor":39},{"not_picked":["Flying Knee","PiercingWail"],"picked":"Infinite Blades+1","floor":41},{"not_picked":["Distraction","Underhanded Strike"],"picked":"Deadly Poison+1","floor":42},{"not_picked":["Outmaneuver+1","PiercingWail","Sucker Punch","Riddle With Holes+1"],"picked":"SKIP","floor":44},{"not_picked":["Enlightenment","HandOfGreed","Violence"],"picked":"Impatience","floor":46}],"player_experience":809711,"relics_obtained":[{"floor":9.0,"key":"Bronze Scales"},{"floor":26.0,"key":"Regal Pillow"},{"floor":42,"key":"Bottled Flame"},{"floor":43,"key":"Question Card"}],"event_choices":[{"damage_healed":0.0,"max_hp_gain":0.0,"max_hp_loss":0.0,"gold_gain":0.0,"event_name":"Liars Game","player_choice":"Ignored","floor":2.0,"gold_loss":0.0,"damage_taken":0.0},{"damage_healed":0.0,"max_hp_gain":0.0,"max_hp_loss":0.0,"gold_gain":0.0,"event_name":"The Lab","player_choice":"Got Potions","floor":7.0,"gold_loss":0.0,"damage_taken":0.0},{"damage_healed":0.0,"max_hp_gain":5.0,"max_hp_loss":0.0,"gold_gain":0.0,"event_name":"Big Fish","player_choice":"Donut","floor":13.0,"gold_loss":0.0,"damage_taken":0.0},{"damage_healed":0.0,"max_hp_gain":0.0,"max_hp_loss":0.0,"gold_gain":0.0,"event_name":"Match and Keep!","player_choice":"1 cards matched","floor":14.0,"gold_loss":0.0,"damage_taken":0.0,"cards_obtained":["Adrenaline"]},{"damage_healed":0.0,"max_hp_gain":5.0,"max_hp_loss":0.0,"gold_gain":0.0,"event_name":"Forgotten Altar","player_choice":"Shed Blood","floor":22.0,"gold_loss":0.0,"damage_taken":19.0},{"cards_removed":["Strike_G"],"damage_healed":0.0,"max_hp_gain":0.0,"max_hp_loss":0.0,"gold_gain":0.0,"event_name":"Beggar","player_choice":"Gave Gold","floor":24.0,"gold_loss":75.0,"damage_taken":0.0},{"damage_healed":0.0,"max_hp_gain":0.0,"max_hp_loss":0.0,"gold_gain":0.0,"event_name":"Accursed Blacksmith","player_choice":"Forge","floor":25.0,"gold_loss":0.0,"damage_taken":0.0,"cards_upgraded":["Night Terror"]},{"damage_healed":0,"gold_gain":0,"player_choice":"Memory 1","damage_taken":0,"max_hp_gain":0,"max_hp_loss":0,"event_name":"SensoryStone","floor":46,"gold_loss":0},{"damage_healed":20,"gold_gain":0,"player_choice":"Writhe","damage_taken":0,"max_hp_gain":0,"max_hp_loss":0,"event_name":"Winding Halls","floor":48,"gold_loss":0,"cards_obtained":["Writhe"]}],"is_beta":false,"boss_relics":[{"not_picked":["Snecko Eye","Astrolabe"],"picked":"Coffee Dripper"},{"not_picked":["HoveringKite","Orrery"],"picked":"Empty Cage"}],"items_purged_floors":[19,36,47],"is_endless":false,"potions_floor_spawned":[1,4,18,20,29,30,38,39,42],"ascension_level":0}