{"gold_per_floor":[109,34,44,44,54,54,79,79,79,79,79,79,79,92,92,167,167,187,187,187],"floor_reached":20,"playtime":700,"items_purged":[],"score":340,"play_id":"b3f3cdd9-a790-47ab-95c5-8e1d13992234","local_time":"20190106225125","is_ascension_mode":true,"campfire_choices":[{"data":"Streamline","floor":6.0,"key":"SMITH"},{"data":"Dualcast","floor":8.0,"key":"SMITH"},{"data":"Zap","floor":11.0,"key":"SMITH"},{"data":"Loop","floor":15.0,"key":"SMITH"}],"neow_cost":"NONE","seed_source_timestamp":40816126576790,"circlet_count":0,"master_deck":["AscendersBane","Strike_B","Strike_B","Defend_B","Defend_B","Defend_B","Defend_B","Zap+1","Dualcast+1","Meteor Strike","Streamline+1","Rainbow","Loop+1","Fusion","All For One","Coolheaded"],"special_seed":0,"relics":["Cracked Core","Happy Flower","Gremlin Horn","Cursed Key"],"potions_floor_usage":[16],"damage_taken":[{"damage":2.0,"enemies":"Cultist","floor":1.0,"turns":4.0},{"damage":9.0,"enemies":"Small Slimes","floor":3.0,"turns":6.0},{"damage":1.0,"enemies":"2 Louse","floor":5.0,"turns":4.0},{"damage":25.0,"enemies":"Lagavulin","floor":7.0,"turns":6.0},{"damage":0.0,"enemies":"2 Fungi Beasts","floor":14.0,"turns":2.0},{"damage":15,"enemies":"Hexaghost","floor":16,"turns":7},{"damage":29,"enemies":"Shell Parasite","floor":18,"turns":5},{"damage":0,"enemies":"2 Thieves","floor":20,"turns":1}],"seed_played":"-205038606576274667","potions_obtained":[{"floor":7.0,"key":"PowerPotion"},{"floor":14.0,"key":"FearPotion"},{"floor":16,"key":"FearPotion"}],"is_trial":false,"path_per_floor":["M","?","M","$","M","R","E","R","T","?","R","?","?","M","R","B",null,"M","?","M"],"character_chosen":"DEFECT","items_purchased":[],"campfire_rested":0,"item_purchase_floors":[],"current_hp_per_floor":[62,62,53,53,52,52,27,27,27,32,32,32,32,32,32,17,61,32,10,10],"gold":187,"neow_bonus":"ONE_RANDOM_RARE_CARD","is_prod":false,"is_daily":false,"chose_seed":false,"campfire_upgraded":4,"win_rate":0,"timestamp":1546786285,"path_taken":["M","?","M","$","M","R","E","R","T","?","R","?","?","M","R","BOSS","M","?","M"],"build_version":"2019-01-03v4","purchased_purges":0,"victory":false,"max_hp_per_floor":[71,71,71,71,71,71,71,71,71,76,76,76,76,76,76,76,76,76,81,81],"card_choices":[{"not_picked":["Sweeping Beam","Cold Snap","Stack"],"picked":"SKIP","floor":1.0},{"not_picked":["Rebound","Scrape","Steam"],"picked":"SKIP","floor":3.0},{"not_picked":["Sweeping Beam","Heatsinks"],"picked":"Streamline","floor":5.0},{"not_picked":["Heatsinks","Beam Cell"],"picked":"Rainbow","floor":7.0},{"not_picked":["Chill","Compile Driver"],"picked":"Fusion","floor":14.0},{"not_picked":["Machine Learning","Hyperbeam"],"picked":"All For One","floor":16},{"not_picked":["Auto Shields+1","Go for the Eyes"],"picked":"Coolheaded","floor":18}],"player_experience":1800197,"relics_obtained":[{"floor":7.0,"key":"Happy Flower"},{"floor":9.0,"key":"Gremlin Horn"}],"event_choices":[{"cards_removed":["Strike_B"],"damage_healed":0.0,"max_hp_gain":0.0,"max_hp_loss":0.0,"gold_gain":0.0,"event_name":"The Cleric","player_choice":"Card Removal","floor":2.0,"gold_loss":75.0,"damage_taken":0.0},{"damage_healed":0.0,"max_hp_gain":5.0,"max_hp_loss":0.0,"gold_gain":0.0,"event_name":"Big Fish","player_choice":"Donut","floor":10.0,"gold_loss":0.0,"damage_taken":0.0},{"damage_healed":0.0,"max_hp_gain":0.0,"max_hp_loss":0.0,"gold_gain":0.0,"cards_transformed":["Strike_B"],"event_name":"Living Wall","player_choice":"Change","floor":12.0,"gold_loss":0.0,"damage_taken":0.0,"cards_obtained":["Loop"]},{"damage_healed":0.0,"max_hp_gain":0.0,"max_hp_loss":0.0,"gold_gain":0.0,"event_name":"Dead Adventurer","player_choice":"Searched \u00270\u0027 times","floor":13.0,"gold_loss":0.0,"damage_taken":0.0},{"damage_healed":0,"gold_gain":0,"player_choice":"Shed Blood","damage_taken":27,"max_hp_gain":5,"max_hp_loss":0,"event_name":"Forgotten Altar","floor":19,"gold_loss":0}],"is_beta":false,"boss_relics":[{"not_picked":["White Beast Statue","Black Star"],"picked":"Cursed Key"}],"items_purged_floors":[],"is_endless":false,"potions_floor_spawned":[7,14,16,18],"killed_by":"2 Thieves","ascension_level":20}