{"gold_per_floor":[111,129,204,223,238,238,252,50,50,70,70,89,89,89,89,194,194,194,194,194,94,94,94,94,94,94,94,94,94,94,94,94,94,94,94,94,94,44,44,44,44,44,44,44,44,44,44,44,44,44],"floor_reached":51,"playtime":1227,"items_purged":["Defend_R","Defend_R"],"score":670,"play_id":"6a3edd24-2621-4388-b5b8-64bad2a10770","local_time":"20181008140901","is_ascension_mode":false,"campfire_choices":[{"data":"Perfected Strike","floor":6,"key":"SMITH"},{"data":"Perfected Strike","floor":13,"key":"SMITH"},{"data":"Perfected Strike","floor":15,"key":"SMITH"},{"data":"Dual Wield","floor":23,"key":"SMITH"},{"data":"Double Tap","floor":27,"key":"SMITH"},{"data":"Double Tap","floor":29,"key":"SMITH"},{"data":"Whirlwind","floor":32,"key":"SMITH"},{"data":"Perfected Strike","floor":40,"key":"SMITH"},{"floor":42,"key":"REST"},{"floor":47,"key":"REST"},{"data":"Flex","floor":49,"key":"SMITH"}],"neow_cost":"","seed_source_timestamp":24883168258496,"circlet_count":0,"master_deck":["Strike_R","Strike_R","Strike_R","Strike_R","Strike_R","Bash","Flex+1","Ghostly Armor","Perfected Strike+1","Perfected Strike+1","Perfected Strike+1","Double Tap+1","Dual Wield+1","Thunderclap","Double Tap+1","Whirlwind+1","Fiend Fire","Seeing Red+1","Perfected Strike+1","Uppercut+1","Shockwave+1","Dual Wield+1","Bloodletting+1"],"relics":["Burning Blood","Ice Cream","Pocketwatch","Ectoplasm","Toxic Egg 2","Lizard Tail","Boot"],"potions_floor_usage":[25,25,50,50,50],"damage_taken":[{"damage":10,"enemies":"Cultist","floor":1,"turns":4},{"damage":6,"enemies":"Jaw Worm","floor":2,"turns":3},{"damage":12,"enemies":"Small Slimes","floor":4,"turns":3},{"damage":4,"enemies":"Blue Slaver","floor":5,"turns":4},{"damage":7,"enemies":"Large Slime","floor":7,"turns":6},{"damage":0,"enemies":"Looter","floor":10,"turns":2},{"damage":13,"enemies":"Lots of Slimes","floor":12,"turns":4},{"damage":37,"enemies":"The Guardian","floor":16,"turns":6},{"damage":0,"enemies":"Spheric Guardian","floor":18,"turns":1},{"damage":5,"enemies":"3 Byrds","floor":20,"turns":4},{"damage":11,"enemies":"Snake Plant","floor":22,"turns":2},{"damage":7,"enemies":"3 Cultists","floor":25,"turns":3},{"damage":0,"enemies":"Sentry and Sphere","floor":30,"turns":2},{"damage":22,"enemies":"Champ","floor":33,"turns":6},{"damage":10,"enemies":"Orb Walker","floor":35,"turns":2},{"damage":7,"enemies":"3 Darklings","floor":36,"turns":2},{"damage":17,"enemies":"Sphere and 2 Shapes","floor":37,"turns":4},{"damage":0,"enemies":"Transient","floor":39,"turns":5},{"damage":20,"enemies":"3 Darklings","floor":41,"turns":2},{"damage":25,"enemies":"Maw","floor":45,"turns":6},{"damage":6,"enemies":"Reptomancer","floor":46,"turns":2},{"damage":13,"enemies":"Sphere and 2 Shapes","floor":48,"turns":3},{"damage":131,"enemies":"Awakened One","floor":50,"turns":9}],"seed_played":"2909070197716806954","potions_obtained":[{"floor":4,"key":"AttackPotion"},{"floor":16,"key":"Weak Potion"},{"floor":18,"key":"Fire Potion"},{"floor":25,"key":"Poison Potion"},{"floor":39,"key":"Strength Potion"}],"is_trial":false,"path_per_floor":["M","M","?","M","M","R","M","$","T","M","?","M","R","$","R","B",null,"M","?","M","$","M","R","?","M","T","R","?","R","M","?","R","B",null,"M","M","M","$","M","R","M","R","T","?","M","M","R","M","R","B"],"character_chosen":"IRONCLAD","items_purchased":["Perfected Strike","Double Tap","Perfected Strike"],"campfire_rested":2,"item_purchase_floors":[8,8,38],"current_hp_per_floor":[76,76,65,59,61,61,60,60,60,66,63,56,56,56,56,25,80,80,65,66,66,61,61,61,60,60,60,60,60,66,66,66,50,85,81,80,69,69,75,75,61,85,85,77,58,58,83,76,76,32],"gold":44,"neow_bonus":"","is_prod":false,"is_daily":false,"chose_seed":false,"campfire_upgraded":9,"win_rate":0.0,"timestamp":1538978941,"path_taken":["M","?","?","M","M","R","M","$","T","M","?","M","R","$","R","BOSS","M","?","M","$","M","R","?","?","T","R","?","R","M","?","R","BOSS","M","M","M","$","M","R","M","R","T","?","?","?","R","M","R","BOSS"],"build_version":"2018-10-04v2","purchased_purges":2,"victory":true,"max_hp_per_floor":[80,80,80,80,80,80,80,80,80,80,80,80,80,80,80,80,80,80,85,85,85,85,85,85,85,85,85,85,85,85,85,85,85,85,85,85,85,85,85,85,85,85,85,85,85,85,85,85,85,85],"card_choices":[{"not_picked":["Combust","Iron Wave"],"picked":"Flex","floor":1},{"not_picked":["Intimidate","Iron Wave","Shrug It Off"],"picked":"SKIP","floor":2},{"not_picked":["Intimidate","Carnage"],"picked":"Ghostly Armor","floor":4},{"not_picked":["Dual Wield","Warcry"],"picked":"Perfected Strike","floor":5},{"not_picked":["Clash","Seeing Red"],"picked":"Perfected Strike","floor":7},{"not_picked":["Warcry","Bludgeon"],"picked":"Dual Wield","floor":10},{"not_picked":["Iron Wave","Body Slam"],"picked":"Thunderclap","floor":12},{"not_picked":["Demon Form","Brutality"],"picked":"Double Tap","floor":16},{"not_picked":["True Grit","Flex","Seeing Red"],"picked":"SKIP","floor":18},{"not_picked":["Shrug It Off","True Grit","Warcry"],"picked":"SKIP","floor":20},{"not_picked":["Twin Strike","Inflame","Cleave"],"picked":"SKIP","floor":22},{"not_picked":["Power Through","Thunderclap","Iron Wave+1"],"picked":"SKIP","floor":25},{"not_picked":["Anger","Corruption"],"picked":"Whirlwind","floor":30},{"not_picked":["Demon Form","Reaper"],"picked":"Fiend Fire","floor":33},{"not_picked":["Armaments+1","Iron Wave+1"],"picked":"Seeing Red+1","floor":35},{"not_picked":["True Grit+1","Hemokinesis+1","Headbutt+1"],"picked":"SKIP","floor":36},{"not_picked":["Burning Pact+1","Blood for Blood","Anger+1"],"picked":"SKIP","floor":37},{"not_picked":["Headbutt","Sword Boomerang+1","Cleave"],"picked":"SKIP","floor":39},{"not_picked":["Iron Wave+1","Second Wind+1"],"picked":"Uppercut+1","floor":41},{"not_picked":["Rage+1","Rupture+1"],"picked":"Shockwave+1","floor":45},{"not_picked":["Body Slam","Dropkick"],"picked":"Dual Wield+1","floor":46},{"not_picked":["Inflame","Second Wind+1"],"picked":"Bloodletting+1","floor":48}],"player_experience":0,"relics_obtained":[{"floor":9,"key":"Ice Cream"},{"floor":26,"key":"Toxic Egg 2"},{"floor":43,"key":"Boot"}],"event_choices":[{"event_name":"World of Goop","player_choice":"Gather Gold","floor":3,"damage_taken":0},{"event_name":"Scrap Ooze","player_choice":"success","floor":11,"damage_taken":3},{"event_name":"Forgotten Altar","player_choice":"Shed Blood","floor":19,"damage_taken":0},{"event_name":"Purifier","player_choice":"One Purge","floor":24,"damage_taken":0},{"event_name":"Back to Basics","player_choice":"Elegance","floor":28,"damage_taken":0},{"event_name":"The Mausoleum","player_choice":"No","floor":31,"damage_taken":0},{"event_name":"Wheel of Change","player_choice":"Damage","floor":44,"damage_taken":0}],"is_beta":false,"boss_relics":[{"not_picked":["Runic Cube","Calling Bell"],"picked":"Ectoplasm"},{"not_picked":["Eternal Feather","Empty Cage"],"picked":"Lizard Tail"}],"items_purged_floors":[8,21],"is_endless":false,"potions_floor_spawned":[4,16,18,22,25,39,46],"ascension_level":0}