{"gold_per_floor":[119,119,44,62,73,73,108,108,108,108,108,20,36,65,65,65],"floor_reached":16,"playtime":325,"items_purged":[],"score":216,"play_id":"03d677c8-03f0-42d1-a9ed-58456eacc281","local_time":"20190306182516","is_ascension_mode":true,"campfire_choices":[{"data":"Defragment","floor":6.0,"key":"SMITH"},{"data":"Dualcast","floor":8.0,"key":"SMITH"},{"data":"Zap","floor":10.0,"key":"SMITH"},{"data":"Fission","floor":15,"key":"SMITH"}],"neow_cost":"CURSE","seed_source_timestamp":33860971608909,"circlet_count":0,"master_deck":["AscendersBane","Strike_B","Strike_B","Strike_B","Strike_B","Defend_B","Defend_B","Defend_B","Defend_B","Zap+1","Dualcast+1","Electrodynamics","Defragment+1","Ball Lightning","Cold Snap","Core Surge","Turbo","Fission+1"],"special_seed":0,"relics":["Cracked Core","Orichalcum","Lantern","Sundial","Du-Vu Doll"],"potions_floor_usage":[13],"damage_taken":[{"damage":3.0,"enemies":"Cultist","floor":1.0,"turns":3.0},{"damage":8.0,"enemies":"Small Slimes","floor":4.0,"turns":2.0},{"damage":6.0,"enemies":"2 Louse","floor":5.0,"turns":3.0},{"damage":2.0,"enemies":"Gremlin Nob","floor":7.0,"turns":3.0},{"damage":6,"enemies":"Exordium Thugs","floor":13,"turns":2},{"damage":2,"enemies":"3 Sentries","floor":14,"turns":3},{"damage":34,"enemies":"Hexaghost","floor":16,"turns":9}],"seed_played":"-2754774322731763378","potions_obtained":[{"floor":1.0,"key":"Energy Potion"},{"floor":4.0,"key":"Energy Potion"},{"floor":13,"key":"SmokeBomb"}],"is_trial":false,"path_per_floor":["M","T","?","M","M","R","E","R","T","R","?","$","M","E","R","B"],"character_chosen":"DEFECT","items_purchased":["Core Surge"],"campfire_rested":0,"item_purchase_floors":[12],"current_hp_per_floor":[61,61,61,53,47,47,45,45,45,45,41,41,35,33,33,0],"gold":65,"neow_bonus":"THREE_RARE_CARDS","is_prod":false,"is_daily":false,"chose_seed":false,"campfire_upgraded":4,"win_rate":0,"timestamp":1551867916,"path_taken":["M","?","?","M","M","R","E","R","T","R","?","$","M","E","R","BOSS"],"build_version":"2019-01-23","purchased_purges":0,"victory":false,"max_hp_per_floor":[71,71,71,71,71,71,71,71,71,71,71,71,71,71,71,71],"card_choices":[{"not_picked":["Meteor Strike","Buffer"],"picked":"Electrodynamics","floor":0.0},{"not_picked":["Barrage","Streamline"],"picked":"Defragment","floor":1.0},{"not_picked":["Turbo","Beam Cell"],"picked":"Ball Lightning","floor":4.0},{"not_picked":["Compile Driver","Redo","Blizzard"],"picked":"SKIP","floor":5.0},{"not_picked":["Go for the Eyes","Sweeping Beam"],"picked":"Cold Snap","floor":7.0},{"not_picked":["Steam","Doom and Gloom"],"picked":"Turbo","floor":13},{"not_picked":["BootSequence","Consume"],"picked":"Fission","floor":14}],"player_experience":3362886,"relics_obtained":[{"floor":2.0,"key":"Orichalcum"},{"floor":7.0,"key":"Lantern"},{"floor":9.0,"key":"Sundial"},{"floor":14,"key":"Du-Vu Doll"}],"event_choices":[{"cards_removed":["Regret"],"damage_healed":0.0,"max_hp_gain":0.0,"max_hp_loss":0.0,"gold_gain":0.0,"event_name":"The Cleric","player_choice":"Card Removal","floor":3.0,"gold_loss":75.0,"damage_taken":0.0},{"damage_healed":0.0,"max_hp_gain":0.0,"max_hp_loss":0.0,"gold_gain":0.0,"event_name":"The Woman in Blue","player_choice":"Bought 0 Potions","floor":11.0,"gold_loss":0.0,"damage_taken":0.0}],"is_beta":false,"boss_relics":[],"items_purged_floors":[],"is_endless":false,"potions_floor_spawned":[1,4,13],"killed_by":"Hexaghost","ascension_level":20}