{"gold_per_floor":[211,211,136,156,156,156,185,185,185,185,165,181,197,7,7,7],"floor_reached":16,"playtime":347,"items_purged":["Strike_B","Defend_B"],"score":196,"play_id":"48f44eac-506f-4dba-aaef-da519dade246","local_time":"20190628182215","is_ascension_mode":true,"campfire_choices":[{"data":"Consume","floor":6.0,"key":"SMITH"},{"data":"Dualcast","floor":8.0,"key":"SMITH"},{"data":"Turbo","floor":10.0,"key":"SMITH"},{"data":"Impatience","floor":15.0,"key":"SMITH"}],"neow_cost":"NONE","seed_source_timestamp":26985056257159,"circlet_count":0,"master_deck":["AscendersBane","Strike_B","Strike_B+1","Defend_B","Defend_B","Defend_B","Zap+1","Dualcast+1","Glacier","Consume+1","Turbo+1","White Noise","Reboot","Impatience+1"],"special_seed":0,"relics":["Cracked Core","Dodecahedron"],"potions_floor_usage":[16],"damage_taken":[{"damage":1.0,"enemies":"Cultist","floor":1.0,"turns":3.0},{"damage":3.0,"enemies":"2 Louse","floor":4.0,"turns":3.0},{"damage":20.0,"enemies":"Lagavulin","floor":7.0,"turns":7.0},{"damage":1.0,"enemies":"Small Slimes","floor":12.0,"turns":3.0},{"damage":0.0,"enemies":"2 Fungi Beasts","floor":13.0,"turns":5.0},{"damage":18,"enemies":"Hexaghost","floor":16,"turns":8}],"seed_played":"97046251756367980","potions_obtained":[{"floor":1.0,"key":"Energy Potion"},{"floor":11.0,"key":"Weak Potion"}],"is_trial":false,"path_per_floor":["M","?","$","M","?","R","E","R","T","R","?","M","M","$","R","B"],"character_chosen":"DEFECT","items_purchased":["Impatience"],"campfire_rested":0,"item_purchase_floors":[14],"current_hp_per_floor":[63,63,63,60,39,39,19,19,19,19,19,18,18,18,18,0],"gold":7,"neow_bonus":"HUNDRED_GOLD","is_prod":false,"is_daily":false,"chose_seed":false,"campfire_upgraded":4,"win_rate":0,"timestamp":1561717335,"path_taken":["M","?","$","M","?","R","E","R","T","R","?","M","M","$","R","BOSS"],"build_version":"2019-01-23","purchased_purges":2,"victory":false,"max_hp_per_floor":[71,71,71,71,71,71,71,71,71,71,71,71,71,71,71,71],"card_choices":[{"not_picked":["Sweeping Beam","Rebound"],"picked":"Glacier","floor":1.0},{"not_picked":["Barrage","Compile Driver"],"picked":"Consume","floor":4.0},{"not_picked":["BootSequence","Lockon"],"picked":"Turbo","floor":7.0},{"not_picked":["Leap","Gash"],"picked":"White Noise","floor":12.0},{"not_picked":["Fusion","Streamline"],"picked":"Reboot","floor":13.0}],"player_experience":5552851,"relics_obtained":[{"floor":7.0,"key":"Dodecahedron"}],"event_choices":[{"cards_removed":["Strike_B"],"damage_healed":0.0,"max_hp_gain":0.0,"max_hp_loss":0.0,"gold_gain":0.0,"event_name":"Living Wall","player_choice":"Forget","floor":2.0,"gold_loss":0.0,"damage_taken":0.0},{"damage_healed":0.0,"max_hp_gain":0.0,"max_hp_loss":0.0,"gold_gain":0.0,"event_name":"Shining Light","player_choice":"Entered Light","floor":5.0,"gold_loss":0.0,"damage_taken":21.0,"cards_upgraded":["Strike_B","Zap"]},{"damage_healed":0.0,"max_hp_gain":0.0,"max_hp_loss":0.0,"gold_gain":0.0,"event_name":"The Woman in Blue","player_choice":"Bought 1 Potion","floor":11.0,"gold_loss":0.0,"damage_taken":0.0}],"is_beta":false,"boss_relics":[],"items_purged_floors":[3,14],"is_endless":false,"potions_floor_spawned":[1,12],"killed_by":"Hexaghost","ascension_level":20}