{"gold_per_floor":[113,25,25,41,51,51,78,78,78,78,14,40,55,55],"floor_reached":14,"playtime":520,"items_purged":[],"score":196,"play_id":"b128282c-57cc-4792-a4f2-7680de65f4f5","local_time":"20190214132515","is_ascension_mode":true,"campfire_choices":[{"data":"Blade Dance","floor":6.0,"key":"SMITH"},{"data":"Neutralize","floor":8.0,"key":"SMITH"},{"data":"Well Laid Plans","floor":10.0,"key":"SMITH"}],"neow_cost":"NONE","seed_source_timestamp":16129157344826,"circlet_count":0,"master_deck":["AscendersBane","Defend_G","Defend_G","Defend_G","Defend_G","Defend_G","Strike_G","Strike_G","Strike_G","Strike_G","Strike_G","Survivor","Neutralize+1","Masterful Stab","Well Laid Plans+1","Tools of the Trade","Blade Dance+1","Blade Dance","Infinite Blades","Endless Agony"],"special_seed":0,"relics":["WristBlade","The Courier","FossilizedHelix"],"potions_floor_usage":[],"damage_taken":[{"damage":7.0,"enemies":"Small Slimes","floor":1.0,"turns":4.0},{"damage":0.0,"enemies":"Cultist","floor":4.0,"turns":3.0},{"damage":0.0,"enemies":"Jaw Worm","floor":5.0,"turns":4.0},{"damage":25.0,"enemies":"3 Sentries","floor":7.0,"turns":9.0},{"damage":21,"enemies":"Gremlin Nob","floor":12,"turns":4},{"damage":0,"enemies":"Exordium Wildlife","floor":13,"turns":2},{"damage":0,"enemies":"3 Louse","floor":14,"turns":1}],"seed_played":"-4639296976772387445","potions_obtained":[{"floor":7.0,"key":"Poison Potion"}],"is_trial":false,"path_per_floor":["M","$","?","M","M","R","E","R","T","R","$","E","M","M"],"character_chosen":"THE_SILENT","items_purchased":["Masterful Stab","Infinite Blades"],"campfire_rested":0,"item_purchase_floors":[2,11],"current_hp_per_floor":[52,52,52,52,52,52,27,27,27,27,27,6,6,6],"gold":55,"neow_bonus":"BOSS_RELIC","is_prod":false,"is_daily":false,"chose_seed":false,"campfire_upgraded":3,"win_rate":0,"timestamp":1550121915,"path_taken":["M","$","?","M","M","R","E","R","T","R","$","E","?","M"],"build_version":"2019-01-23","purchased_purges":0,"victory":false,"max_hp_per_floor":[66,66,66,66,66,66,66,66,66,66,66,66,66,66],"card_choices":[{"not_picked":["Quick Slash","Dagger Spray","Slice"],"picked":"SKIP","floor":1.0},{"not_picked":["Prepared","Quick Slash"],"picked":"Blade Dance","floor":4.0},{"not_picked":["Dodge and Roll","Eviscerate","Backflip"],"picked":"SKIP","floor":5.0},{"not_picked":["Bane","Quick Slash"],"picked":"Blade Dance","floor":7.0},{"not_picked":["Bane","Dodge and Roll"],"picked":"Endless Agony","floor":12},{"not_picked":["Dagger Spray","Dodge and Roll","Noxious Fumes"],"picked":"SKIP","floor":13}],"player_experience":2720645,"relics_obtained":[{"floor":7.0,"key":"The Courier"},{"floor":12,"key":"FossilizedHelix"}],"event_choices":[{"damage_healed":0.0,"max_hp_gain":0.0,"max_hp_loss":0.0,"gold_gain":0.0,"event_name":"Match and Keep!","player_choice":"2 cards matched","floor":3.0,"gold_loss":0.0,"damage_taken":0.0,"cards_obtained":["Well Laid Plans","Tools of the Trade"]}],"is_beta":false,"boss_relics":[],"items_purged_floors":[],"is_endless":false,"potions_floor_spawned":[7],"killed_by":"3 Louse","ascension_level":20}