{"gold_per_floor":[116,126,143,218,229,229,329,329,410,410,425,442,442,459,459,533,533,543,458,470,497,558,570,214,214,294,294,294,310,328,344,344,421,421,435,449,449,465,484,484,502,502,580,580,580,580,580,312,312,312],"floor_reached":50,"playtime":948,"items_purged":["Strike_R","Strike_R+1"],"score":738,"play_id":"77d96ccc-484f-4e9c-95c1-70e497a90807","local_time":"20181012211022","is_ascension_mode":true,"campfire_choices":[{"data":"Clash","floor":6,"key":"SMITH"},{"data":"Strike_R","floor":8,"key":"SMITH"},{"data":"Bludgeon","floor":13,"key":"SMITH"},{"data":"Bash","floor":15,"key":"SMITH"},{"floor":23,"key":"REST"},{"data":"Clash","floor":25,"key":"SMITH"},{"data":"Strike_R","floor":27,"key":"SMITH"},{"data":"Dual Wield","floor":32,"key":"SMITH"},{"floor":40,"key":"REST"},{"data":"Enlightenment","floor":45,"key":"SMITH"},{"data":"Evolve","floor":49,"key":"SMITH"}],"neow_cost":"TEN_PERCENT_HP_LOSS","seed_source_timestamp":5236073032093,"circlet_count":0,"master_deck":["Strike_R+1","Strike_R+1","Bash+1","AscendersBane","Clash+1","Clash+1","Bludgeon+1","Dual Wield+1","Reaper+1","Enlightenment+1","Shockwave+1","Evolve+1"],"relics":["Burning Blood","Ornamental Fan","Empty Cage","MawBank","Strawberry","Potion Belt","Orichalcum","Matryoshka","Runic Dome","Mercury Hourglass","Blue Candle","Bag of Marbles","Toxic Egg 2","Mark of the Bloom"],"potions_floor_usage":[16,33,33,50,50,50,50],"damage_taken":[{"damage":12,"enemies":"Small Slimes","floor":1,"turns":3},{"damage":6,"enemies":"Cultist","floor":2,"turns":4},{"damage":7,"enemies":"Jaw Worm","floor":3,"turns":3},{"damage":5,"enemies":"2 Fungi Beasts","floor":5,"turns":3},{"damage":6,"enemies":"Looter","floor":11,"turns":2},{"damage":9,"enemies":"Red Slaver","floor":12,"turns":2},{"damage":11,"enemies":"Exordium Thugs","floor":14,"turns":3},{"damage":39,"enemies":"Hexaghost","floor":16,"turns":6},{"damage":11,"enemies":"Spheric Guardian","floor":18,"turns":3},{"damage":22,"enemies":"2 Thieves","floor":21,"turns":3},{"damage":8,"enemies":"Centurion and Healer","floor":29,"turns":3},{"damage":0,"enemies":"Snecko","floor":30,"turns":2},{"damage":28,"enemies":"Shelled Parasite and Fungi","floor":31,"turns":4},{"damage":48,"enemies":"Automaton","floor":33,"turns":6},{"damage":44,"enemies":"3 Shapes","floor":35,"turns":4},{"damage":12,"enemies":"Orb Walker","floor":36,"turns":2},{"damage":3,"enemies":"Reptomancer","floor":38,"turns":3},{"damage":60,"enemies":"3 Darklings","floor":39,"turns":4},{"damage":7,"enemies":"Spire Growth","floor":41,"turns":2},{"damage":75,"enemies":"Donu and Deca","floor":50,"turns":4}],"seed_played":"7725134440867042756","potions_obtained":[{"floor":2,"key":"Block Potion"},{"floor":5,"key":"Poison Potion"},{"floor":16,"key":"Regen Potion"},{"floor":21,"key":"Regen Potion"},{"floor":33,"key":"LiquidBronze"},{"floor":39,"key":"PowerPotion"},{"floor":41,"key":"EssenceOfSteel"}],"is_trial":false,"path_per_floor":["M","M","M","?","M","R","?","R","T","?","M","M","R","M","R","B",null,"M","?","?","M","T","R","$","R","T","R","?","M","M","M","R","B",null,"M","M","?","M","M","R","M","?","T","?","R","T","?","$","R"],"character_chosen":"IRONCLAD","items_purchased":["Potion Belt","Orichalcum","PowerPotion","AttackPotion","Evolve"],"campfire_rested":2,"item_purchase_floors":[24,24,48,48,48],"current_hp_per_floor":[62,62,61,55,56,56,56,56,56,56,56,53,53,48,48,15,55,50,50,50,34,41,63,63,63,63,63,63,61,67,45,45,22,62,36,34,34,51,14,36,35,66,66,66,66,66,66,66,66,0],"gold":312,"neow_bonus":"REMOVE_TWO","is_prod":false,"is_daily":false,"chose_seed":false,"campfire_upgraded":9,"win_rate":0,"timestamp":1539349822,"path_taken":["M","M","M","?","M","R","?","R","T","?","M","M","R","M","R","BOSS","M","?","?","M","?","R","?","R","T","R","?","?","M","M","R","BOSS","M","M","?","M","M","R","M","?","T","?","R","?","?","$","R","BOSS"],"build_version":"2018-10-11","purchased_purges":2,"victory":false,"max_hp_per_floor":[68,68,68,68,68,68,68,68,68,68,68,68,68,68,68,68,68,68,68,68,68,75,75,75,75,75,75,75,75,75,75,75,75,75,75,75,75,75,75,75,75,66,66,66,66,66,66,66,66,66],"card_choices":[{"not_picked":["Shrug It Off","Headbutt","Thunderclap"],"picked":"SKIP","floor":1},{"not_picked":["Cleave","Havoc"],"picked":"Clash","floor":2},{"not_picked":["Wild Strike","Pommel Strike","Iron Wave"],"picked":"SKIP","floor":3},{"not_picked":["Armaments","Anger","Bloodletting"],"picked":"SKIP","floor":5},{"not_picked":["Feel No Pain","Shrug It Off"],"picked":"Clash","floor":11},{"not_picked":["Infernal Blade","Wild Strike"],"picked":"Bludgeon","floor":12},{"not_picked":["Thunderclap","Hemokinesis","Second Wind"],"picked":"SKIP","floor":14},{"not_picked":["Berserk","Juggernaut"],"picked":"Demon Form","floor":16},{"not_picked":["Rampage","Battle Trance","Pommel Strike"],"picked":"SKIP","floor":18},{"not_picked":["Feel No Pain","Uppercut","Twin Strike"],"picked":"SKIP","floor":21},{"not_picked":["Headbutt","True Grit","Wild Strike"],"picked":"SKIP","floor":29},{"not_picked":["Feel No Pain+1","Thunderclap","Clothesline"],"picked":"SKIP","floor":30},{"not_picked":["Heavy Blade","Perfected Strike","Body Slam"],"picked":"SKIP","floor":31},{"not_picked":["Demon Form","Juggernaut"],"picked":"Reaper","floor":33},{"not_picked":["Metallicize+1","Flex","Flame Barrier"],"picked":"SKIP","floor":35},{"not_picked":["Flex","Twin Strike","Anger"],"picked":"SKIP","floor":36},{"not_picked":["Panache","Chrysalis"],"picked":"Enlightenment","floor":37},{"not_picked":["Heavy Blade+1","Thunderclap+1","Shrug It Off"],"picked":"SKIP","floor":38},{"not_picked":["Body Slam","Havoc"],"picked":"Shockwave","floor":39},{"not_picked":["Perfected Strike","Anger","Headbutt+1"],"picked":"SKIP","floor":41}],"player_experience":130216,"relics_obtained":[{"floor":9,"key":"Ornamental Fan"},{"floor":22,"key":"Strawberry"},{"floor":26,"key":"Matryoshka"},{"floor":43,"key":"Mercury Hourglass"},{"floor":43,"key":"Blue Candle"},{"floor":46,"key":"Bag of Marbles"},{"floor":46,"key":"Toxic Egg 2"}],"event_choices":[{"event_name":"FaceTrader","player_choice":"Touch","floor":4,"damage_taken":0},{"event_name":"Golden Shrine","player_choice":"Pray","floor":7,"damage_taken":0},{"event_name":"Living Wall","player_choice":"Forget","floor":10,"damage_taken":0},{"event_name":"Addict","player_choice":"Obtained Relic","floor":19,"damage_taken":0},{"event_name":"Back to Basics","player_choice":"Elegance","floor":20,"damage_taken":0},{"event_name":"The Library","player_choice":"Read","floor":28,"damage_taken":0},{"event_name":"SensoryStone","player_choice":"Memory 1","floor":37,"damage_taken":0},{"event_name":"The Moai Head","player_choice":"Heal","floor":42,"damage_taken":0},{"event_name":"Mysterious Sphere","player_choice":"Ignore","floor":44,"damage_taken":0},{"event_name":"MindBloom","player_choice":"Upgrade","floor":47,"damage_taken":0}],"is_beta":false,"boss_relics":[{"not_picked":["Calling Bell","Black Star"],"picked":"Empty Cage"},{"not_picked":["Sozu","Coffee Dripper"],"picked":"Runic Dome"}],"items_purged_floors":[24,48],"is_endless":false,"potions_floor_spawned":[2,5,11,16,21,33,39,41],"killed_by":"Donu and Deca","ascension_level":14}