{"gold_per_floor":[112,112,112,112,128,147,179,179,179,179,54,69,89,10,10,105,105,123,123,44,44,61,95,95,127,151,151,167,184,283,294,294,394,444,463,479,493,512,87,121,121,121,148,181,181,208,226,236,236,236],"floor_reached":51,"playtime":3283,"items_purged":["Pain","Strike_G"],"score":1378,"play_id":"3e96b2bb-6cb7-441d-bdad-d97eddc66d1a","local_time":"20180927133307","is_ascension_mode":true,"campfire_choices":[{"data":"Blade Dance","floor":8,"key":"SMITH"},{"data":"Dagger Throw","floor":10,"key":"SMITH"},{"data":"Noxious Fumes","floor":15,"key":"SMITH"},{"floor":24,"key":"REST"},{"data":"Footwork","floor":27,"key":"SMITH"},{"floor":32,"key":"REST"},{"data":"Envenom","floor":41,"key":"SMITH"},{"data":"1","floor":45,"key":"LIFT"},{"data":"2","floor":49,"key":"LIFT"}],"neow_cost":"NONE","seed_source_timestamp":90108466908532,"circlet_count":0,"master_deck":["Defend_G","Defend_G","Defend_G","Defend_G","Defend_G+1","Strike_G+1","Strike_G+1","Strike_G+1","Survivor","Neutralize+1","AscendersBane","Dagger Throw+1","Blade Dance+1","Backflip","Cloak And Dagger","Burst","Cloak And Dagger","Noxious Fumes+1","Footwork+1","Adrenaline","Calculated Gamble","Escape Plan","Footwork","Accuracy+1","Adrenaline","Crippling Poison+1","Blade Dance","All Out Attack+1","Blur","Envenom+1","Sucker Punch+1","Finisher","Outmaneuver+1"],"relics":["Ring of the Snake","Bag of Preparation","WarpedTongs","FossilizedHelix","Matryoshka","Runic Pyramid","Bag of Marbles","Pantograph","Paper Crane","Happy Flower","Tiny House","Ornamental Fan","Lantern","Girya","Ancient Tea Set","Whetstone","The Courier","Juzu Bracelet"],"potions_floor_usage":[7,7,16,23,31,33,38,44,50],"damage_taken":[{"damage":1,"enemies":"Small Slimes","floor":1,"turns":5},{"damage":4,"enemies":"2 Louse","floor":5,"turns":3},{"damage":1,"enemies":"Jaw Worm","floor":6,"turns":3},{"damage":16,"enemies":"3 Sentries","floor":7,"turns":7},{"damage":2,"enemies":"Exordium Wildlife","floor":12,"turns":5},{"damage":0,"enemies":"3 Louse","floor":13,"turns":3},{"damage":22,"enemies":"Slime Boss","floor":16,"turns":8},{"damage":8,"enemies":"3 Byrds","floor":18,"turns":5},{"damage":0,"enemies":"Chosen","floor":22,"turns":6},{"damage":26,"enemies":"Gremlin Leader","floor":23,"turns":10},{"damage":33,"enemies":"Slavers","floor":25,"turns":9},{"damage":0,"enemies":"Snake Plant","floor":28,"turns":5},{"damage":0,"enemies":"3 Cultists","floor":29,"turns":5},{"damage":0,"enemies":"Cultist and Chosen","floor":31,"turns":8},{"damage":0,"enemies":"Collector","floor":33,"turns":13},{"damage":0,"enemies":"3 Shapes","floor":35,"turns":5},{"damage":0,"enemies":"3 Darklings","floor":36,"turns":5},{"damage":0,"enemies":"Maw","floor":37,"turns":7},{"damage":0,"enemies":"4 Shapes","floor":38,"turns":4},{"damage":0,"enemies":"Nemesis","floor":40,"turns":11},{"damage":0,"enemies":"Mind Bloom Boss Battle","floor":42,"turns":7},{"damage":0,"enemies":"Giant Head","floor":44,"turns":7},{"damage":0,"enemies":"Nemesis","floor":46,"turns":5},{"damage":0,"enemies":"Transient","floor":47,"turns":5},{"damage":0,"enemies":"Reptomancer","floor":48,"turns":4},{"damage":0,"enemies":"Awakened One","floor":50,"turns":17}],"seed_played":"1638613155170699103","potions_obtained":[{"floor":5,"key":"Swift Potion"},{"floor":6,"key":"Strength Potion"},{"floor":7,"key":"GamblersBrew"},{"floor":13,"key":"Explosive Potion"},{"floor":23,"key":"FairyPotion"},{"floor":28,"key":"Weak Potion"},{"floor":31,"key":"Dexterity Potion"},{"floor":33,"key":"FearPotion"},{"floor":34,"key":"SpeedPotion"},{"floor":36,"key":"AttackPotion"},{"floor":38,"key":"Explosive Potion"},{"floor":40,"key":"Energy Potion"},{"floor":48,"key":"AttackPotion"}],"is_trial":false,"path_per_floor":["M","?","?","?","M","M","E","R","T","R","$","M","M","$","R","B",null,"M","?","$","$","M","E","R","E","T","R","M","M","?","M","R","B",null,"M","M","M","M","$","E","R","?","T","E","R","E","M","M","R","B"],"character_chosen":"THE_SILENT","items_purchased":["Cloak And Dagger","Noxious Fumes","Footwork","Ornamental Fan","Blur"],"campfire_rested":2,"item_purchase_floors":[11,14,20,39,39],"current_hp_per_floor":[62,67,52,52,48,47,31,31,31,31,31,29,29,29,29,7,58,50,50,50,50,50,24,46,13,13,13,13,13,13,13,35,60,76,76,76,76,76,76,76,76,80,80,80,80,80,80,80,80,80],"gold":236,"neow_bonus":"RANDOM_COMMON_RELIC","is_prod":false,"is_daily":false,"chose_seed":false,"campfire_upgraded":5,"win_rate":0,"timestamp":1538026387,"path_taken":["M","?","?","?","M","?","E","R","T","R","$","M","M","?","R","BOSS","M","?","?","$","M","E","R","E","T","R","M","?","?","M","R","BOSS","M","M","?","M","$","E","R","?","T","E","R","E","M","M","R","BOSS"],"build_version":"2018-09-20","purchased_purges":2,"victory":true,"max_hp_per_floor":[70,75,75,75,75,75,75,75,75,75,75,75,75,75,75,75,75,75,75,75,75,75,75,75,75,75,75,75,75,75,75,75,75,80,80,80,80,80,80,80,80,80,80,80,80,80,80,80,80,80],"card_choices":[{"not_picked":["Deadly Poison","Flying Knee","Caltrops"],"picked":"SKIP","floor":1},{"not_picked":["Endless Agony","Heel Hook"],"picked":"Dagger Throw","floor":5},{"not_picked":["Flying Knee","Deflect"],"picked":"Blade Dance","floor":6},{"not_picked":["Deflect","Dash"],"picked":"Backflip","floor":7},{"not_picked":["Flying Knee","Catalyst"],"picked":"Burst","floor":12},{"not_picked":["Deflect","Sucker Punch"],"picked":"Cloak And Dagger","floor":13},{"not_picked":["Poisoned Stab+1","Choke","Sucker Punch"],"picked":"SKIP","floor":18},{"not_picked":["Dagger Spray","Flying Knee","Setup"],"picked":"SKIP","floor":22},{"not_picked":["All Out Attack+1","Skewer"],"picked":"Adrenaline","floor":23},{"not_picked":["Sucker Punch","Distraction"],"picked":"Calculated Gamble","floor":25},{"not_picked":["Outmaneuver+1","Dagger Throw"],"picked":"Escape Plan","floor":28},{"not_picked":["Slice","Dagger Throw"],"picked":"Footwork","floor":29},{"not_picked":["Acrobatics","Bane"],"picked":"Accuracy+1","floor":31},{"not_picked":["Venomology","Burst"],"picked":"Adrenaline","floor":33},{"not_picked":["Backflip","Concentrate"],"picked":"Crippling Poison+1","floor":34},{"not_picked":["Deadly Poison+1","Poisoned Stab+1","Acrobatics+1"],"picked":"SKIP","floor":35},{"not_picked":["Dagger Throw+1","Catalyst"],"picked":"Blade Dance","floor":36},{"not_picked":["Deadly Poison","PiercingWail","Dagger Throw+1"],"picked":"SKIP","floor":37},{"not_picked":["Slice","Die Die Die"],"picked":"All Out Attack+1","floor":38},{"not_picked":["Accuracy+1","Prepared+1"],"picked":"Envenom","floor":40},{"not_picked":["Eviscerate+1","Underhanded Strike"],"picked":"Sucker Punch+1","floor":42},{"not_picked":["Leg Sweep","Well Laid Plans"],"picked":"Finisher","floor":44},{"not_picked":["Leg Sweep","Blade Dance","Masterful Stab+1"],"picked":"SKIP","floor":46},{"not_picked":["Poisoned Stab+1","Bane","Calculated Gamble"],"picked":"SKIP","floor":47},{"not_picked":["Distraction+1","Choke+1"],"picked":"Outmaneuver+1","floor":48}],"player_experience":155935,"relics_obtained":[{"floor":7,"key":"FossilizedHelix"},{"floor":9,"key":"Matryoshka"},{"floor":23,"key":"Bag of Marbles"},{"floor":25,"key":"Pantograph"},{"floor":26,"key":"Paper Crane"},{"floor":26,"key":"Happy Flower"},{"floor":40,"key":"Lantern"},{"floor":42,"key":"Girya"},{"floor":43,"key":"Ancient Tea Set"},{"floor":43,"key":"Whetstone"},{"floor":44,"key":"The Courier"},{"floor":46,"key":"Juzu Bracelet"}],"event_choices":[{"event_name":"Big Fish","player_choice":"Donut","floor":2,"damage_taken":0},{"event_name":"Shining Light","player_choice":"Entered Light","floor":3,"damage_taken":0},{"event_name":"Accursed Blacksmith","player_choice":"Rummage","floor":4,"damage_taken":0},{"event_name":"Back to Basics","player_choice":"Elegance","floor":19,"damage_taken":0},{"event_name":"Nest","player_choice":"Stole From Cult","floor":30,"damage_taken":0},{"event_name":"MindBloom","player_choice":"Fight","floor":42,"damage_taken":0}],"is_beta":false,"boss_relics":[{"not_picked":["Orrery","Lizard Tail"],"picked":"Runic Pyramid"},{"not_picked":["Eternal Feather","Black Star"],"picked":"Tiny House"}],"items_purged_floors":[11,39],"is_endless":false,"potions_floor_spawned":[5,6,7,13,23,28,31,33,36,38,40,48],"ascension_level":10}