{"gold_per_floor":[214,60,60,60,60,60,74,74,74,402,402,414,170,170,170,245,245,264,164,184,194,69,69,69,119,145,60,60,80,80,90,90,164,164,178,27,27,44,56,90,90,120,145,145,180,180,180,180,180,180,180,180,30,58,58],"floor_reached":56,"playtime":1288,"items_purged":["Strike_G","Underhanded Strike","Dagger Spray","Heel Hook+1"],"score":2410,"play_id":"edc4b80f-8f40-4587-9b16-8b5ae733df90","local_time":"20181219171725","is_ascension_mode":true,"campfire_choices":[{"data":"Catalyst","floor":6.0,"key":"SMITH"},{"data":"Corpse Explosion","floor":8.0,"key":"SMITH"},{"data":"Well Laid Plans","floor":11.0,"key":"SMITH"},{"data":"Catalyst","floor":15.0,"key":"SMITH"},{"data":"Footwork","floor":23.0,"key":"SMITH"},{"data":"Bouncing Flask","floor":28.0,"key":"SMITH"},{"data":"Neutralize","floor":30.0,"key":"SMITH"},{"data":"Malaise","floor":32.0,"key":"SMITH"},{"data":"Burst","floor":41,"key":"SMITH"},{"data":"Adrenaline","floor":44,"key":"SMITH"},{"data":"Wraith Form v2","floor":46,"key":"SMITH"},{"floor":49,"key":"RECALL"},{"floor":52,"key":"REST"}],"neow_cost":"NONE","seed_source_timestamp":27413941655568,"circlet_count":0,"master_deck":["AscendersBane","Survivor+1","Neutralize+1","Catalyst+1","Corpse Explosion+1","Well Laid Plans+1","Backflip+1","Catalyst+1","Bouncing Flask+1","Malaise+1","Malaise+1","Setup+1","Escape Plan+1","Glass Knife+1","Deflect+1","Footwork+1","Blur+1","Burst+1","Footwork+1","Wraith Form v2+1","Adrenaline+1","Expertise+1"],"special_seed":0,"relics":["Ring of the Snake","Letter Opener","Old Coin","Pandora\u0027s Box","Dream Catcher","Vajra","Runic Pyramid","Du-Vu Doll","Meat on the Bone","Blood Vial","Bag of Marbles","Mark of the Bloom","Calipers"],"potions_floor_usage":[54,54,55],"damage_taken":[{"damage":0.0,"enemies":"2 Louse","floor":1.0,"turns":4.0},{"damage":7.0,"enemies":"Jaw Worm","floor":7.0,"turns":5.0},{"damage":17.0,"enemies":"3 Sentries","floor":10.0,"turns":4.0},{"damage":0.0,"enemies":"Cultist","floor":12.0,"turns":2.0},{"damage":0.0,"enemies":"Slime Boss","floor":16.0,"turns":3.0},{"damage":0.0,"enemies":"Chosen","floor":18.0,"turns":5.0},{"damage":0.0,"enemies":"Spheric Guardian","floor":20.0,"turns":2.0},{"damage":0.0,"enemies":"Snake Plant","floor":21.0,"turns":2.0},{"damage":0.0,"enemies":"Centurion and Healer","floor":29.0,"turns":2.0},{"damage":0.0,"enemies":"Snecko","floor":31.0,"turns":3.0},{"damage":9.0,"enemies":"Automaton","floor":33.0,"turns":4.0},{"damage":15.0,"enemies":"3 Shapes","floor":35.0,"turns":2.0},{"damage":0.0,"enemies":"3 Darklings","floor":38.0,"turns":2.0},{"damage":0,"enemies":"Jaw Worm Horde","floor":39,"turns":2},{"damage":0,"enemies":"Nemesis","floor":40,"turns":5},{"damage":0,"enemies":"Giant Head","floor":42,"turns":4},{"damage":0,"enemies":"Nemesis","floor":45,"turns":5},{"damage":2,"enemies":"Donu and Deca","floor":50,"turns":4},{"damage":1,"enemies":"Shield and Spear","floor":54,"turns":3},{"damage":42,"enemies":"The Heart","floor":55,"turns":7}],"seed_played":"-4241906691105994928","potions_obtained":[{"floor":1.0,"key":"SpeedPotion"},{"floor":10.0,"key":"SpeedPotion"},{"floor":16.0,"key":"Energy Potion"},{"floor":33.0,"key":"Weak Potion"},{"floor":38.0,"key":"Block Potion"},{"floor":40,"key":"SpeedPotion"},{"floor":54,"key":"Poison Potion"}],"is_trial":false,"path_per_floor":["M","$","?","T","$","R","M","R","T","E","R","M","$","?","R","B",null,"M","$","M","M","$","R","?","?","T","?","R","M","R","M","R","B",null,"M","$","?","M","M","E","R","E","T","R","E","R","?","?","R","B",null,"R","$","E","B",null],"character_chosen":"THE_SILENT","items_purchased":["Corpse Explosion","Catalyst","Bouncing Flask","Wraith Form v2"],"campfire_rested":1,"item_purchase_floors":[2,13,13,36],"current_hp_per_floor":[59,59,59,59,59,59,52,52,52,35,35,35,35,35,35,35,58,58,58,58,58,58,58,58,58,58,58,58,58,58,58,58,49,62,47,47,47,47,47,47,47,47,47,47,49,49,49,49,49,47,47,47,47,46,4],"gold":58,"neow_bonus":"HUNDRED_GOLD","is_prod":false,"is_daily":false,"chose_seed":false,"campfire_upgraded":11,"win_rate":0,"timestamp":1545211045,"path_taken":["M","$","?","?","?","R","?","R","T","E","R","?","$","?","R","BOSS","M","$","M","M","$","R","?","?","T","?","R","M","R","M","R","BOSS","M","$","?","M","?","E","R","E","T","R","E","R","?","?","R","BOSS","R","$","E","BOSS"],"build_version":"2018-12-13","purchased_purges":4,"victory":true,"max_hp_per_floor":[66,66,66,66,66,66,66,66,66,66,66,66,66,66,66,66,66,66,66,66,66,66,66,66,66,66,66,66,66,66,66,66,66,66,66,66,66,66,66,66,66,66,66,66,66,66,63,63,63,63,63,63,63,63,63],"card_choices":[{"not_picked":["Cloak And Dagger","Quick Slash"],"picked":"Catalyst","floor":1.0},{"not_picked":["Crippling Poison","Dodge and Roll"],"picked":"Well Laid Plans","floor":7.0},{"not_picked":["Heel Hook","Poisoned Stab","Outmaneuver"],"picked":"SKIP","floor":10.0},{"not_picked":["Dash","Skewer"],"picked":"Backflip","floor":12.0},{"not_picked":["A Thousand Cuts","Doppelganger"],"picked":"Malaise","floor":16.0},{"not_picked":["Underhanded Strike+1","Reflex"],"picked":"Deflect","floor":18.0},{"not_picked":["Backflip","Heel Hook"],"picked":"Footwork","floor":20.0},{"not_picked":["Sucker Punch+1","Corpse Explosion"],"picked":"Blur","floor":21.0},{"not_picked":["Poisoned Stab","Tactician","Prepared"],"picked":"SKIP","floor":29.0},{"not_picked":["Tactician","PiercingWail","Acrobatics"],"picked":"SKIP","floor":31.0},{"not_picked":["Bullet Time","Phantasmal Killer"],"picked":"Burst","floor":33.0},{"not_picked":["PiercingWail","Deflect"],"picked":"Footwork","floor":35.0},{"not_picked":["Blur","Slice","Bane"],"picked":"SKIP","floor":38.0},{"not_picked":["Underhanded Strike+1","Caltrops","Heel Hook"],"picked":"SKIP","floor":39},{"not_picked":["Dagger Throw","Sucker Punch+1","Bane"],"picked":"SKIP","floor":40},{"not_picked":["Expertise","Dagger Spray","Choke"],"picked":"SKIP","floor":42},{"not_picked":["Noxious Fumes","Underhanded Strike","Glass Knife"],"picked":"SKIP","floor":45},{"not_picked":["Concentrate","Blade Dance"],"picked":"Expertise+1","floor":52},{"not_picked":["Poisoned Stab","Distraction+1","Flechettes+1"],"picked":"SKIP","floor":54}],"player_experience":1383349,"relics_obtained":[{"floor":9.0,"key":"Letter Opener"},{"floor":10.0,"key":"Old Coin"},{"floor":26.0,"key":"Dream Catcher"},{"floor":40,"key":"Du-Vu Doll"},{"floor":42,"key":"Meat on the Bone"},{"floor":43,"key":"Blood Vial"},{"floor":45,"key":"Bag of Marbles"},{"floor":54,"key":"Calipers"}],"event_choices":[{"damage_healed":0.0,"max_hp_gain":0.0,"max_hp_loss":0.0,"gold_gain":0.0,"event_name":"The Cleric","player_choice":"Leave","floor":3.0,"gold_loss":0.0,"damage_taken":0.0},{"cards_removed":["Strike_G"],"damage_healed":0.0,"max_hp_gain":0.0,"max_hp_loss":0.0,"gold_gain":0.0,"event_name":"Living Wall","player_choice":"Forget","floor":14.0,"gold_loss":0.0,"damage_taken":0.0},{"damage_healed":0.0,"max_hp_gain":0.0,"max_hp_loss":0.0,"gold_gain":0.0,"event_name":"Vampires","player_choice":"Ignored","floor":24.0,"gold_loss":0.0,"damage_taken":0.0},{"damage_healed":0.0,"max_hp_gain":0.0,"max_hp_loss":0.0,"gold_gain":50.0,"event_name":"Nest","player_choice":"Stole From Cult","floor":25.0,"gold_loss":0.0,"damage_taken":0.0},{"damage_healed":0.0,"max_hp_gain":0.0,"max_hp_loss":0.0,"gold_gain":0.0,"event_name":"Addict","player_choice":"Obtained Relic","floor":27.0,"gold_loss":85.0,"damage_taken":0.0,"relics_obtained":["Vajra"]},{"damage_healed":0.0,"max_hp_gain":0.0,"max_hp_loss":0.0,"gold_gain":0.0,"cards_transformed":["Unload"],"event_name":"Transmorgrifier","player_choice":"Transformed","floor":37.0,"gold_loss":0.0,"damage_taken":0.0,"cards_obtained":["Adrenaline"]},{"damage_healed":0,"gold_gain":0,"player_choice":"Max HP","damage_taken":0,"max_hp_gain":0,"max_hp_loss":3,"event_name":"Winding Halls","floor":47,"gold_loss":0},{"damage_healed":0,"gold_gain":0,"player_choice":"Upgrade","damage_taken":0,"relics_obtained":["Mark of the Bloom"],"max_hp_gain":0,"max_hp_loss":0,"event_name":"MindBloom","floor":48,"gold_loss":0,"cards_upgraded":["Survivor","Backflip","Malaise","Setup","Escape Plan","Heel Hook","Glass Knife","Deflect","Blur","Footwork"]}],"is_beta":false,"boss_relics":[{"not_picked":["Black Star","Snecko Eye"],"picked":"Pandora\u0027s Box"},{"not_picked":["Philosopher\u0027s Stone","Sozu"],"picked":"Runic Pyramid"}],"items_purged_floors":[13,19,22,53],"is_endless":false,"potions_floor_spawned":[1,10,16,18,33,38,40,42,54],"ascension_level":19}