{"gold_per_floor":[18,30,47,47,65,65,85,105,178,194,194,194,204,237,237,309,309,325,250,250,250,165,197,209,234,271,310,340,277,289,58,58,134,134,144,144,158,0,100,132,132,165,165,165,177,177,177,206,206,206,206,206,206,99,134,134],"floor_reached":57,"playtime":1797,"items_purged":["Strike_R","Strike_R+1"],"score":2831,"play_id":"b8e9907c-e234-4324-9f66-857f73ff7583","local_time":"20190806125601","is_ascension_mode":true,"campfire_choices":[{"data":"Armaments","floor":6.0,"key":"SMITH"},{"data":"Carnage","floor":11.0,"key":"SMITH"},{"data":"Whirlwind","floor":15.0,"key":"SMITH"},{"data":"Battle Trance","floor":24.0,"key":"SMITH"},{"data":"Seeing Red","floor":30.0,"key":"SMITH"},{"data":"Berserk","floor":32.0,"key":"SMITH"},{"data":"1","floor":41.0,"key":"LIFT"},{"data":"2","floor":44.0,"key":"LIFT"},{"data":"Demon Form","floor":46.0,"key":"SMITH"},{"floor":49.0,"key":"RECALL"},{"data":"3","floor":53.0,"key":"LIFT"}],"neow_cost":"NO_GOLD","seed_source_timestamp":844332396568600,"circlet_count":0,"master_deck":["AscendersBane","Defend_R","Defend_R","Defend_R","Defend_R","Bash","Iron Wave","Whirlwind+1","Armaments+1","Body Slam+1","Battle Trance+1","Double Tap","Feel No Pain","Shrug It Off","Seeing Red+1","Berserk+1","Impervious","Demon Form+1","Power Through","Finesse"],"special_seed":0,"relics":["Burning Blood","Matryoshka","Oddly Smooth Stone","Velvet Choker","MutagenicStrength","Ice Cream","MawBank","Blood Vial","Centennial Puzzle","Gremlin Horn","Sozu","Vajra","Du-Vu Doll","Girya","Pantograph","Ancient Tea Set","Kunai","Dead Branch"],"potions_floor_usage":[56],"damage_taken":[{"damage":4.0,"enemies":"Small Slimes","floor":1.0,"turns":5.0},{"damage":1.0,"enemies":"Cultist","floor":2.0,"turns":3.0},{"damage":16.0,"enemies":"Jaw Worm","floor":3.0,"turns":6.0},{"damage":7.0,"enemies":"Looter","floor":5.0,"turns":3.0},{"damage":6.0,"enemies":"Blue Slaver","floor":7.0,"turns":5.0},{"damage":7.0,"enemies":"3 Louse","floor":8.0,"turns":2.0},{"damage":9.0,"enemies":"Large Slime","floor":10.0,"turns":5.0},{"damage":11.0,"enemies":"Blue Slaver","floor":13.0,"turns":3.0},{"damage":12.0,"enemies":"3 Sentries","floor":14.0,"turns":7.0},{"damage":6.0,"enemies":"Slime Boss","floor":16.0,"turns":10.0},{"damage":0.0,"enemies":"Spheric Guardian","floor":18.0,"turns":3.0},{"damage":18.0,"enemies":"Book of Stabbing","floor":23.0,"turns":4.0},{"damage":0.0,"enemies":"Chosen","floor":25.0,"turns":2.0},{"damage":20.0,"enemies":"Slavers","floor":27.0,"turns":3.0},{"damage":12.0,"enemies":"Snake Plant","floor":28.0,"turns":3.0},{"damage":9.0,"enemies":"Champ","floor":33.0,"turns":13.0},{"damage":0.0,"enemies":"3 Darklings","floor":35.0,"turns":1.0},{"damage":0.0,"enemies":"3 Shapes","floor":37.0,"turns":2.0},{"damage":27.0,"enemies":"Mind Bloom Boss Battle","floor":39.0,"turns":6.0},{"damage":11.0,"enemies":"Giant Head","floor":40.0,"turns":5.0},{"damage":10.0,"enemies":"Reptomancer","floor":42.0,"turns":4.0},{"damage":13.0,"enemies":"Maw","floor":45.0,"turns":3.0},{"damage":30.0,"enemies":"Nemesis","floor":48.0,"turns":5.0},{"damage":26.0,"enemies":"Donu and Deca","floor":50.0,"turns":6.0},{"damage":47.0,"enemies":"Awakened One","floor":51.0,"turns":5.0},{"damage":35.0,"enemies":"Shield and Spear","floor":55.0,"turns":3.0},{"damage":64,"enemies":"The Heart","floor":56,"turns":8}],"seed_played":"5979466517096514467","potions_obtained":[{"floor":3.0,"key":"Explosive Potion"},{"floor":5.0,"key":"Fruit Juice"},{"floor":13.0,"key":"Poison Potion"},{"floor":16.0,"key":"SkillPotion"},{"floor":25.0,"key":"Block Potion"},{"floor":27.0,"key":"LiquidBronze"}],"is_trial":false,"path_per_floor":["M","M","M","?","M","R","M","M","T","M","R","?","M","E","R","B",null,"M","$","?","?","?","E","R","M","T","E","M","?","R","$","R","B",null,"M","$","M","$","?","E","R","E","T","R","M","R","?","E","R","B","B",null,"R","$","E","B",null],"character_chosen":"IRONCLAD","items_purchased":["Berserk","Strength Potion","Vajra","Finesse"],"campfire_rested":0,"item_purchase_floors":[31,31,38,54],"current_hp_per_floor":[70,75,65,85,89,89,89,88,88,85,85,58,53,47,47,47,79,85,85,85,58,58,46,46,52,52,40,36,36,36,36,36,35,80,88,88,95,95,74,71,71,69,69,69,64,64,64,42,42,49,35,80,80,80,53,22],"gold":134,"neow_bonus":"TRANSFORM_TWO_CARDS","is_prod":false,"is_daily":false,"chose_seed":false,"campfire_upgraded":7,"win_rate":0,"timestamp":1565067361,"path_taken":["M","M","M","?","?","R","M","M","T","M","R","?","M","E","R","BOSS","M","$","?","?","?","E","R","M","T","E","M","?","R","$","R","BOSS","M","$","M","$","?","E","R","E","T","R","M","R","?","E","R","BOSS","BOSS","R","$","E","BOSS"],"build_version":"2019-07-17","purchased_purges":2,"victory":true,"max_hp_per_floor":[75,75,75,85,90,90,90,90,90,90,90,90,90,90,90,90,90,90,90,90,95,95,95,95,95,95,95,95,95,95,95,95,95,95,95,95,95,95,95,95,95,95,95,95,95,95,95,95,95,95,95,95,95,95,95,95],"card_choices":[{"not_picked":["Clash","Iron Wave"],"picked":"Whirlwind","floor":1.0},{"not_picked":["Heavy Blade","Twin Strike"],"picked":"Armaments","floor":2.0},{"not_picked":["Metallicize","Infernal Blade"],"picked":"Carnage","floor":3.0},{"not_picked":["Cleave","Wild Strike","Flex"],"picked":"SKIP","floor":5.0},{"not_picked":["Cleave","Wild Strike","Flex"],"picked":"SKIP","floor":5.0},{"not_picked":["True Grit","Bloodletting","Entrench"],"picked":"SKIP","floor":7.0},{"not_picked":["Berserk","Sword Boomerang"],"picked":"Body Slam","floor":8.0},{"not_picked":["Anger","Spot Weakness","Warcry"],"picked":"SKIP","floor":10.0},{"not_picked":["Flex","Twin Strike","Sword Boomerang"],"picked":"SKIP","floor":13.0},{"not_picked":["Iron Wave","Sword Boomerang"],"picked":"Battle Trance","floor":14.0},{"not_picked":["Dark Embrace","Brutality"],"picked":"Double Tap","floor":16.0},{"not_picked":["Anger","Sword Boomerang"],"picked":"Feel No Pain","floor":18.0},{"not_picked":["Disarm","Metallicize"],"picked":"Shrug It Off","floor":23.0},{"not_picked":["Heavy Blade","Perfected Strike","Pommel Strike"],"picked":"SKIP","floor":25.0},{"not_picked":["Perfected Strike","Twin Strike","Body Slam"],"picked":"SKIP","floor":27.0},{"not_picked":["Seeing Red","Twin Strike","Thunderclap"],"picked":"SKIP","floor":28.0},{"not_picked":["Twin Strike","Thunderclap"],"picked":"Seeing Red","floor":28.0},{"not_picked":["Brutality","Reaper"],"picked":"Impervious","floor":33.0},{"not_picked":["Warcry","Battle Trance","Havoc"],"picked":"SKIP","floor":35.0},{"not_picked":["Twin Strike+1","Heavy Blade","Thunderclap"],"picked":"SKIP","floor":37.0},{"not_picked":["Dual Wield","Seeing Red","Dropkick"],"picked":"SKIP","floor":40.0},{"not_picked":["Warcry","Reckless Charge","Battle Trance+1"],"picked":"SKIP","floor":42.0},{"not_picked":["Perfected Strike","Entrench"],"picked":"Demon Form","floor":45.0},{"not_picked":["Flex","Whirlwind","Demon Form"],"picked":"SKIP","floor":48.0},{"not_picked":["Sword Boomerang","Flex","Rage"],"picked":"SKIP","floor":55.0}],"player_experience":734864,"relics_obtained":[{"floor":9.0,"key":"Matryoshka"},{"floor":14.0,"key":"Oddly Smooth Stone"},{"floor":23.0,"key":"MawBank"},{"floor":26.0,"key":"Blood Vial"},{"floor":26.0,"key":"Centennial Puzzle"},{"floor":27.0,"key":"Gremlin Horn"},{"floor":39.0,"key":"Du-Vu Doll"},{"floor":40.0,"key":"Girya"},{"floor":42.0,"key":"Pantograph"},{"floor":43.0,"key":"Ancient Tea Set"},{"floor":48.0,"key":"Kunai"},{"floor":55.0,"key":"Dead Branch"}],"event_choices":[{"cards_removed":["Brutality"],"damage_healed":10.0,"max_hp_gain":10.0,"max_hp_loss":0.0,"gold_gain":0.0,"event_name":"Bonfire Elementals","player_choice":"Offered Rare","floor":4.0,"gold_loss":0.0,"damage_taken":0.0},{"damage_healed":0.0,"max_hp_gain":0.0,"max_hp_loss":0.0,"gold_gain":0.0,"event_name":"Shining Light","player_choice":"Entered Light","floor":12.0,"gold_loss":0.0,"damage_taken":27.0,"cards_upgraded":["Body Slam","Strike_R"]},{"damage_healed":0.0,"max_hp_gain":0.0,"max_hp_loss":0.0,"gold_gain":0.0,"event_name":"Drug Dealer","player_choice":"Inject Mutagens","floor":20.0,"gold_loss":0.0,"damage_taken":0.0,"relics_obtained":["MutagenicStrength"]},{"damage_healed":0.0,"max_hp_gain":5.0,"max_hp_loss":0.0,"gold_gain":0.0,"event_name":"Forgotten Altar","player_choice":"Shed Blood","floor":21.0,"gold_loss":0.0,"damage_taken":32.0},{"damage_healed":0.0,"max_hp_gain":0.0,"max_hp_loss":0.0,"gold_gain":0.0,"event_name":"Addict","player_choice":"Obtained Relic","floor":22.0,"gold_loss":85.0,"damage_taken":0.0,"relics_obtained":["Ice Cream"]},{"cards_removed":["Strike_R"],"damage_healed":0.0,"max_hp_gain":0.0,"max_hp_loss":0.0,"gold_gain":0.0,"event_name":"Beggar","player_choice":"Gave Gold","floor":29.0,"gold_loss":75.0,"damage_taken":0.0},{"damage_healed":0.0,"max_hp_gain":0.0,"max_hp_loss":0.0,"gold_gain":0.0,"event_name":"MindBloom","player_choice":"Fight","floor":39.0,"gold_loss":0.0,"damage_taken":0.0},{"damage_healed":0.0,"max_hp_gain":0.0,"max_hp_loss":0.0,"gold_gain":0.0,"cards_transformed":["Carnage"],"event_name":"Transmorgrifier","player_choice":"Transformed","floor":47.0,"gold_loss":0.0,"damage_taken":0.0,"cards_obtained":["Power Through"]}],"is_beta":false,"boss_relics":[{"not_picked":["Cursed Key","Black Star"],"picked":"Velvet Choker"},{"not_picked":["Runic Dome","Philosopher\u0027s Stone"],"picked":"Sozu"}],"items_purged_floors":[19,31],"is_endless":false,"potions_floor_spawned":[3,5,13,14,16,18,25,27,37,39,48],"ascension_level":20}