{"gold_per_floor":[365,365,153,173,192,192,221,221,221,252,252,252,19,19],"floor_reached":14,"playtime":688,"items_purged":["Decay","Strike_B"],"score":192,"play_id":"34d80465-6d66-4956-bc3d-6f749ec2fd6a","local_time":"20190321192322","is_ascension_mode":true,"campfire_choices":[{"data":"Defragment","floor":6.0,"key":"SMITH"},{"data":"Defragment","floor":8.0,"key":"SMITH"},{"data":"Streamline","floor":11.0,"key":"SMITH"}],"neow_cost":"CURSE","seed_source_timestamp":27416902854905,"circlet_count":0,"master_deck":["AscendersBane","Strike_B","Strike_B","Strike_B","Defend_B","Defend_B","Defend_B","Defend_B","Zap","Dualcast","Creative AI","Defragment+1","Streamline+1","Cold Snap","Defragment+1","Skim","Creative AI"],"special_seed":0,"relics":["Cracked Core","Ice Cream","Prayer Wheel","Vajra","Golden Idol"],"potions_floor_usage":[14],"damage_taken":[{"damage":14.0,"enemies":"Jaw Worm","floor":1.0,"turns":3.0},{"damage":14.0,"enemies":"Small Slimes","floor":4.0,"turns":4.0},{"damage":0.0,"enemies":"Cultist","floor":5.0,"turns":3.0},{"damage":18.0,"enemies":"Lagavulin","floor":7.0,"turns":12.0},{"damage":15.0,"enemies":"3 Sentries","floor":10.0,"turns":7.0},{"damage":3,"enemies":"Exordium Thugs","floor":14,"turns":2}],"seed_played":"2809326031558971276","potions_obtained":[{"floor":5.0,"key":"Fire Potion"},{"floor":10.0,"key":"LiquidBronze"}],"is_trial":false,"path_per_floor":["M","?","$","M","M","R","E","R","T","E","R","?","$","M"],"character_chosen":"DEFECT","items_purchased":["Defragment","Streamline","Creative AI","Block Potion"],"campfire_rested":0,"item_purchase_floors":[3,3,13,13],"current_hp_per_floor":[50,50,50,36,36,36,18,18,18,3,3,3,3,0],"gold":19,"neow_bonus":"TWO_FIFTY_GOLD","is_prod":false,"is_daily":false,"chose_seed":false,"campfire_upgraded":3,"win_rate":0,"timestamp":1553167402,"path_taken":["M","?","$","M","M","R","E","R","T","E","R","?","$","M"],"build_version":"2019-01-23","purchased_purges":2,"victory":false,"max_hp_per_floor":[71,71,71,71,71,71,71,71,71,71,71,64,64,64],"card_choices":[{"not_picked":["Rebound","Coolheaded"],"picked":"Consume","floor":1.0},{"not_picked":["Hologram","Conserve Battery"],"picked":"Cold Snap","floor":4.0},{"not_picked":["Blizzard","Fusion","Aggregate"],"picked":"SKIP","floor":5.0},{"not_picked":["Rip and Tear","Heatsinks"],"picked":"Defragment","floor":7.0},{"not_picked":["Hologram","Reinforced Body"],"picked":"Skim","floor":10.0}],"player_experience":3776138,"relics_obtained":[{"floor":7.0,"key":"Ice Cream"},{"floor":9.0,"key":"Prayer Wheel"},{"floor":10.0,"key":"Vajra"}],"event_choices":[{"damage_healed":0.0,"max_hp_gain":0.0,"max_hp_loss":0.0,"gold_gain":0.0,"cards_transformed":["Consume"],"event_name":"Living Wall","player_choice":"Change","floor":2.0,"gold_loss":0.0,"damage_taken":0.0,"cards_obtained":["Creative AI"]},{"damage_healed":0.0,"max_hp_gain":0.0,"max_hp_loss":7.0,"gold_gain":0.0,"event_name":"Golden Idol","player_choice":"Lose Max HP","floor":12.0,"gold_loss":0.0,"damage_taken":0.0,"relics_obtained":["Golden Idol"]}],"is_beta":false,"boss_relics":[],"items_purged_floors":[3,13],"is_endless":false,"potions_floor_spawned":[5,10],"killed_by":"Exordium Thugs","ascension_level":20}