{"gold_per_floor":[111,27,27,27,37,67,67,99,150,150,209,209,226,151,151,223,223,239,249,284,284,302,302,302,330,409,409,4,20,20,50,50,121,121,132,7,7,18,18,18,43,43,90,107,141,141,171,191,191,191,191,191,191,41,66,66],"floor_reached":57,"playtime":3996,"items_purged":["Strike_G","Strike_G","Defend_G","Survivor+1"],"score":3524,"play_id":"b62c15ff-8ada-45eb-8864-417a06c7b9a3","local_time":"20181231121826","is_ascension_mode":true,"campfire_choices":[{"data":"Crippling Poison","floor":7.0,"key":"SMITH"},{"data":"Catalyst","floor":10.0,"key":"SMITH"},{"data":"Deadly Poison","floor":12.0,"key":"SMITH"},{"data":"Burst","floor":15.0,"key":"SMITH"},{"data":"Wraith Form v2","floor":23.0,"key":"SMITH"},{"data":"Acrobatics","floor":27.0,"key":"SMITH"},{"data":"Well Laid Plans","floor":30.0,"key":"SMITH"},{"data":"Acrobatics","floor":32.0,"key":"SMITH"},{"floor":40.0,"key":"RECALL"},{"data":"Wraith Form v2","floor":49.0,"key":"SMITH"}],"neow_cost":"NONE","seed_source_timestamp":264135357603,"circlet_count":0,"master_deck":["AscendersBane","Defend_G+1","Neutralize+1","Acrobatics+1","Catalyst+1","Footwork+1","Crippling Poison+1","Deadly Poison+1","Burst+1","Adrenaline+1","Deflect+1","Wraith Form v2+1","Tactician+1","Acrobatics+1","Ghostly+1","Ghostly+1","Ghostly+1","Well Laid Plans+1","Corpse Explosion+1","Wraith Form v2+1","Well Laid Plans+1"],"special_seed":0,"relics":["Ring of the Snake","NeowsBlessing","Vajra","PreservedInsect","Happy Flower","Coffee Dripper","Red Mask","Lantern","TwistedFunnel","Mercury Hourglass","Empty Cage","Mark of the Bloom","Centennial Puzzle","Bag of Marbles","Nunchaku","Incense Burner","Orichalcum"],"potions_floor_usage":[56],"damage_taken":[{"damage":0.0,"enemies":"2 Louse","floor":1.0,"turns":1.0},{"damage":0.0,"enemies":"Jaw Worm","floor":5.0,"turns":1.0},{"damage":0.0,"enemies":"3 Sentries","floor":6.0,"turns":1.0},{"damage":28.0,"enemies":"Lagavulin","floor":8.0,"turns":8.0},{"damage":10.0,"enemies":"Gremlin Nob","floor":11.0,"turns":3.0},{"damage":4.0,"enemies":"Cultist","floor":13.0,"turns":3.0},{"damage":10.0,"enemies":"Slime Boss","floor":16.0,"turns":6.0},{"damage":0.0,"enemies":"Shell Parasite","floor":18.0,"turns":3.0},{"damage":0.0,"enemies":"Spheric Guardian","floor":19.0,"turns":2.0},{"damage":0.0,"enemies":"Masked Bandits","floor":20.0,"turns":3.0},{"damage":0.0,"enemies":"Snecko","floor":22.0,"turns":2.0},{"damage":0.0,"enemies":"Book of Stabbing","floor":25.0,"turns":4.0},{"damage":0.0,"enemies":"3 Cultists","floor":29.0,"turns":5.0},{"damage":0.0,"enemies":"Gremlin Leader","floor":31.0,"turns":3.0},{"damage":0.0,"enemies":"Automaton","floor":33.0,"turns":9.0},{"damage":0.0,"enemies":"3 Shapes","floor":35.0,"turns":2.0},{"damage":0.0,"enemies":"Orb Walker","floor":38.0,"turns":3.0},{"damage":0.0,"enemies":"Reptomancer","floor":41.0,"turns":2.0},{"damage":0.0,"enemies":"Transient","floor":44.0,"turns":6.0},{"damage":0.0,"enemies":"Giant Head","floor":45.0,"turns":4.0},{"damage":0.0,"enemies":"Nemesis","floor":47.0,"turns":5.0},{"damage":0.0,"enemies":"Spire Growth","floor":48.0,"turns":4.0},{"damage":0.0,"enemies":"Time Eater","floor":50.0,"turns":4.0},{"damage":0.0,"enemies":"Donu and Deca","floor":51.0,"turns":5.0},{"damage":6.0,"enemies":"Shield and Spear","floor":55.0,"turns":3.0},{"damage":16,"enemies":"The Heart","floor":56,"turns":7}],"seed_played":"-4258466092019028762","potions_obtained":[{"floor":6.0,"key":"Ancient Potion"},{"floor":13.0,"key":"Weak Potion"},{"floor":16.0,"key":"Ancient Potion"},{"floor":20.0,"key":"Weak Potion"}],"is_trial":false,"path_per_floor":["M","$","?","?","M","E","R","E","T","R","?","R","M","$","R","B",null,"M","M","?","?","M","R","?","E","T","R","$","M","R","E","R","B",null,"M","$","?","M","?","R","E","R","T","M","E","$","E","M","R","B","B",null,"R","$","E","B",null],"character_chosen":"THE_SILENT","items_purchased":["Catalyst","Well Laid Plans","TwistedFunnel"],"campfire_rested":0,"item_purchase_floors":[2,28,28],"current_hp_per_floor":[59,59,59,59,59,59,59,31,31,31,21,21,17,17,17,7,51,51,51,51,51,51,51,33,33,33,33,33,33,33,33,33,33,33,33,33,33,33,33,33,33,33,33,33,33,33,33,33,33,33,33,33,33,33,27,11],"gold":66,"neow_bonus":"THREE_ENEMY_KILL","is_prod":false,"is_daily":false,"chose_seed":false,"campfire_upgraded":9,"win_rate":0,"timestamp":1546229906,"path_taken":["M","$","?","?","?","E","R","E","T","R","?","R","M","$","R","BOSS","M","M","?","?","M","R","?","E","T","R","$","M","R","E","R","BOSS","M","$","?","M","?","R","E","R","T","M","E","$","E","?","R","BOSS","BOSS","R","$","E","BOSS"],"build_version":"2018-12-20","purchased_purges":4,"victory":true,"max_hp_per_floor":[66,66,66,66,66,66,66,66,66,66,66,66,66,66,66,66,66,66,66,66,66,66,66,33,33,33,33,33,33,33,33,33,33,33,33,33,33,33,33,33,33,33,33,33,33,33,33,33,33,33,33,33,33,33,33,33],"card_choices":[{"not_picked":["Dagger Spray","Outmaneuver"],"picked":"Acrobatics","floor":1.0},{"not_picked":["Slice","Dash"],"picked":"Footwork","floor":5.0},{"not_picked":["Poisoned Stab","Dagger Spray"],"picked":"Crippling Poison","floor":6.0},{"not_picked":["PiercingWail","Infinite Blades"],"picked":"Deadly Poison","floor":8.0},{"not_picked":["Leg Sweep","Dodge and Roll"],"picked":"Burst","floor":11.0},{"not_picked":["Blade Dance","Underhanded Strike","Backstab"],"picked":"SKIP","floor":13.0},{"not_picked":["Burst","A Thousand Cuts"],"picked":"Adrenaline","floor":16.0},{"not_picked":["Prepared","Dash+1","Slice"],"picked":"SKIP","floor":18.0},{"not_picked":["Dodge and Roll+1","Skewer"],"picked":"Deflect+1","floor":19.0},{"not_picked":["Deflect","Dagger Throw"],"picked":"Acrobatics","floor":22.0},{"not_picked":["Deadly Poison","Acrobatics","Blade Dance+1"],"picked":"SKIP","floor":25.0},{"not_picked":["Flying Knee","All Out Attack","Acrobatics"],"picked":"SKIP","floor":29.0},{"not_picked":["Skewer","Outmaneuver","Deadly Poison"],"picked":"SKIP","floor":31.0},{"not_picked":["A Thousand Cuts","Unload"],"picked":"Corpse Explosion","floor":33.0},{"not_picked":["Dagger Throw","Dagger Spray","Caltrops"],"picked":"SKIP","floor":35.0},{"not_picked":["Flying Knee","Poisoned Stab+1","Quick Slash"],"picked":"SKIP","floor":38.0},{"not_picked":["Cloak And Dagger","Prepared+1","Bouncing Flask"],"picked":"SKIP","floor":41.0},{"not_picked":["Cloak And Dagger","Prepared+1","Bouncing Flask"],"picked":"SKIP","floor":41.0},{"not_picked":["Deflect","Underhanded Strike","Cloak And Dagger"],"picked":"SKIP","floor":44.0},{"not_picked":["PiercingWail+1","Poisoned Stab"],"picked":"Wraith Form v2","floor":45.0},{"not_picked":["Quick Slash+1","Dodge and Roll","Phantasmal Killer"],"picked":"SKIP","floor":47.0},{"not_picked":["Choke","All Out Attack"],"picked":"Well Laid Plans+1","floor":48.0},{"not_picked":["Finisher","Bane","Phantasmal Killer"],"picked":"SKIP","floor":55.0}],"player_experience":1612456,"relics_obtained":[{"floor":6.0,"key":"Vajra"},{"floor":9.0,"key":"PreservedInsect"},{"floor":11.0,"key":"Happy Flower"},{"floor":20.0,"key":"Red Mask"},{"floor":25.0,"key":"Lantern"},{"floor":31.0,"key":"Mercury Hourglass"},{"floor":41.0,"key":"Centennial Puzzle"},{"floor":43.0,"key":"Bag of Marbles"},{"floor":45.0,"key":"Nunchaku"},{"floor":47.0,"key":"Incense Burner"},{"floor":55.0,"key":"Orichalcum"}],"event_choices":[{"cards_removed":["Strike_G"],"damage_healed":0.0,"max_hp_gain":0.0,"max_hp_loss":0.0,"gold_gain":0.0,"event_name":"Living Wall","player_choice":"Forget","floor":3.0,"gold_loss":0.0,"damage_taken":0.0},{"cards_removed":["Defend_G"],"damage_healed":0.0,"max_hp_gain":0.0,"max_hp_loss":0.0,"gold_gain":0.0,"event_name":"Bonfire Elementals","player_choice":"Offered Basic","floor":4.0,"gold_loss":0.0,"damage_taken":0.0},{"damage_healed":0.0,"max_hp_gain":0.0,"max_hp_loss":0.0,"gold_gain":30.0,"event_name":"Dead Adventurer","player_choice":"Searched \u00272\u0027 times","floor":11.0,"gold_loss":0.0,"damage_taken":0.0},{"damage_healed":0.0,"max_hp_gain":0.0,"max_hp_loss":0.0,"gold_gain":0.0,"event_name":"Masked Bandits","player_choice":"Fought Bandits","floor":20.0,"gold_loss":0.0,"damage_taken":0.0},{"damage_healed":0.0,"max_hp_gain":0.0,"max_hp_loss":0.0,"gold_gain":0.0,"cards_transformed":["Strike_G","Strike_G"],"event_name":"Drug Dealer","player_choice":"Became Test Subject","floor":21.0,"gold_loss":0.0,"damage_taken":0.0,"cards_obtained":["Wraith Form v2","Tactician"]},{"damage_healed":0.0,"max_hp_gain":0.0,"max_hp_loss":33.0,"gold_gain":0.0,"event_name":"Ghosts","player_choice":"Became a Ghost","floor":24.0,"gold_loss":0.0,"damage_taken":0.0,"cards_obtained":["Ghostly","Ghostly","Ghostly"]},{"damage_healed":0.0,"max_hp_gain":0.0,"max_hp_loss":0.0,"gold_gain":0.0,"event_name":"MindBloom","player_choice":"Upgrade","floor":37.0,"gold_loss":0.0,"damage_taken":0.0,"cards_upgraded":["Defend_G","Survivor","Neutralize","Footwork","Adrenaline","Tactician","Ghostly","Ghostly","Ghostly","Corpse Explosion"],"relics_obtained":["Mark of the Bloom"]},{"damage_healed":0.0,"max_hp_gain":0.0,"max_hp_loss":0.0,"gold_gain":0.0,"event_name":"Accursed Blacksmith","player_choice":"Ignored","floor":39.0,"gold_loss":0.0,"damage_taken":0.0}],"is_beta":false,"boss_relics":[{"not_picked":["Black Star","Cursed Key"],"picked":"Coffee Dripper"},{"not_picked":["Astrolabe","Tiny House"],"picked":"Empty Cage"}],"items_purged_floors":[14,28,36,54],"is_endless":false,"potions_floor_spawned":[6,13,16,20,25,29,33,38,47,55],"ascension_level":20}