{"gold_per_floor":[113,188,188,188,113,128,138,138,213,37,52,52,77,107,119,231,243,271,382,269,269,16,16,31,31,31,31,31,58,69,84,84,185,185,200,110,122,122,133,133,133,153,204,229,229,246,260,260,260,260],"floor_reached":51,"playtime":1534,"items_purged":["Pain","Strike_B","Defend_B"],"score":670,"play_id":"81a938d0-4204-4613-828c-5ad48b9bbe04","local_time":"20181025150023","is_ascension_mode":false,"campfire_choices":[{"data":"Defragment","floor":8.0,"key":"SMITH"},{"data":"Capacitor","floor":12.0,"key":"SMITH"},{"floor":15.0,"key":"REST"},{"data":"Capacitor","floor":23.0,"key":"SMITH"},{"data":"Sunder","floor":27.0,"key":"SMITH"},{"data":"Zap","floor":32.0,"key":"SMITH"},{"data":"Glacier","floor":40.0,"key":"SMITH"},{"data":"Melter","floor":45.0,"key":"SMITH"},{"data":"Dualcast","floor":49.0,"key":"SMITH"}],"neow_cost":"NONE","seed_source_timestamp":17346985585627,"circlet_count":0,"master_deck":["Strike_B+1","Strike_B+1","Defend_B+1","Defend_B+1","Zap+1","Dualcast+1","Melter+1","Consume+1","Sunder+1","Defragment+1","Capacitor+1","Glacier+1","Core Surge","Capacitor+1","Consume+1","Biased Cognition+1","Parasite","Undo+1"],"special_seed":0,"relics":["Cracked Core","WarpedTongs","Singing Bowl","MawBank","Runic Dome","Cables","Frozen Egg 2","Whetstone","Coffee Dripper","Potion Belt","Lantern"],"potions_floor_usage":[50,50,50,50],"damage_taken":[{"damage":0.0,"enemies":"2 Louse","floor":1.0,"turns":2.0},{"damage":0.0,"enemies":"Jaw Worm","floor":6.0,"turns":3.0},{"damage":0.0,"enemies":"Small Slimes","floor":7.0,"turns":2.0},{"damage":0.0,"enemies":"2 Fungi Beasts","floor":11.0,"turns":2.0},{"damage":11.0,"enemies":"3 Sentries","floor":13.0,"turns":6.0},{"damage":18.0,"enemies":"Exordium Thugs","floor":14.0,"turns":4.0},{"damage":11.0,"enemies":"The Guardian","floor":16.0,"turns":11.0},{"damage":12.0,"enemies":"3 Byrds","floor":18.0,"turns":3.0},{"damage":0.0,"enemies":"Shell Parasite","floor":24.0,"turns":5.0},{"damage":1.0,"enemies":"Snecko","floor":30.0,"turns":4.0},{"damage":0.0,"enemies":"Shelled Parasite and Fungi","floor":31.0,"turns":4.0},{"damage":4.0,"enemies":"Champ","floor":33.0,"turns":10.0},{"damage":2.0,"enemies":"Orb Walker","floor":35.0,"turns":3.0},{"damage":0.0,"enemies":"3 Shapes","floor":37.0,"turns":4.0},{"damage":8.0,"enemies":"Writhing Mass","floor":39.0,"turns":5.0},{"damage":0.0,"enemies":"Transient","floor":42.0,"turns":5.0},{"damage":14.0,"enemies":"3 Darklings","floor":46.0,"turns":4.0},{"damage":8.0,"enemies":"Spire Growth","floor":47.0,"turns":4.0},{"damage":28,"enemies":"Time Eater","floor":50,"turns":13}],"seed_played":"-2157521739334063449","potions_obtained":[{"floor":7.0,"key":"SpeedPotion"},{"floor":13.0,"key":"LiquidBronze"},{"floor":18.0,"key":"Block Potion"},{"floor":30.0,"key":"FocusPotion"},{"floor":33.0,"key":"PowerPotion"},{"floor":37.0,"key":"PowerPotion"},{"floor":47.0,"key":"Strength Potion"},{"floor":48.0,"key":"Swift Potion"}],"is_trial":false,"path_per_floor":["M","?","?","?","$","M","M","R","T","$","M","R","E","M","R","B",null,"M","?","$","?","$","R","M","$","T","R","?","T","M","M","R","B",null,"M","?","M","?","M","R","$","M","T","T","R","M","M","?","R","B"],"character_chosen":"DEFECT","items_purchased":["Capacitor","Cables"],"campfire_rested":1,"item_purchase_floors":[10,22],"current_hp_per_floor":[75,64,64,49,49,49,49,49,49,49,51,51,42,24,47,36,79,69,69,69,69,69,69,71,71,71,71,71,71,72,72,72,68,85,85,85,87,85,79,79,79,81,81,81,81,69,61,61,61,33],"gold":260,"neow_bonus":"TRANSFORM_CARD","is_prod":false,"is_daily":false,"chose_seed":false,"campfire_upgraded":8,"win_rate":0,"timestamp":1540450823,"path_taken":["M","?","?","?","$","M","M","R","T","?","M","R","E","M","R","BOSS","M","?","$","?","$","R","M","?","T","R","?","?","M","M","R","BOSS","M","?","M","?","M","R","$","M","T","?","R","M","M","?","R","BOSS"],"build_version":"2018-10-18","purchased_purges":3,"victory":true,"max_hp_per_floor":[75,75,75,75,75,75,75,75,75,75,77,77,79,79,79,79,79,81,81,81,81,81,81,83,83,83,83,83,83,85,85,85,85,85,87,87,89,85,87,87,87,89,89,89,89,91,91,91,91,91],"card_choices":[{"not_picked":["Redo","Hello World"],"picked":"Consume","floor":1.0},{"not_picked":["Coolheaded","Darkness"],"picked":"Sunder","floor":6.0},{"not_picked":["Barrage","FTL"],"picked":"Defragment","floor":7.0},{"not_picked":["Leap","Ball Lightning","Rebound"],"picked":"Singing Bowl","floor":11.0},{"not_picked":["Rebound","Barrage","Stack"],"picked":"Singing Bowl","floor":13.0},{"not_picked":["Compile Driver","White Noise"],"picked":"Glacier","floor":14.0},{"not_picked":["Fission","Thunder Strike"],"picked":"Core Surge","floor":16.0},{"not_picked":["Coolheaded","Chaos","Streamline"],"picked":"Singing Bowl","floor":18.0},{"not_picked":["Coolheaded","Ball Lightning","Go for the Eyes+1"],"picked":"Singing Bowl","floor":24.0},{"not_picked":["Rebound","BootSequence","Sweeping Beam"],"picked":"Singing Bowl","floor":30.0},{"not_picked":["Sunder","Hologram"],"picked":"Consume+1","floor":31.0},{"not_picked":["Seek","Rainbow"],"picked":"Biased Cognition+1","floor":33.0},{"not_picked":["Steam","Sunder","FTL"],"picked":"Singing Bowl","floor":35.0},{"not_picked":["Cold Snap","Skim","Sunder"],"picked":"Singing Bowl","floor":37.0},{"not_picked":["Chill","Leap","Steam+1"],"picked":"Singing Bowl","floor":39.0},{"not_picked":["Chaos","Ball Lightning+1","Barrage"],"picked":"Singing Bowl","floor":42.0},{"not_picked":["Compile Driver","Lockon+1","Ball Lightning"],"picked":"Singing Bowl","floor":46.0},{"not_picked":["Sweeping Beam","Storm+1"],"picked":"Undo+1","floor":47.0}],"player_experience":633119,"relics_obtained":[{"floor":9.0,"key":"Singing Bowl"},{"floor":13.0,"key":"MawBank"},{"floor":26.0,"key":"Frozen Egg 2"},{"floor":29.0,"key":"Whetstone"},{"floor":43.0,"key":"Potion Belt"},{"floor":44.0,"key":"Lantern"}],"event_choices":[{"damage_healed":0.0,"max_hp_gain":0.0,"max_hp_loss":0.0,"gold_gain":75.0,"event_name":"World of Goop","player_choice":"Gather Gold","floor":2.0,"gold_loss":0.0,"damage_taken":11.0},{"damage_healed":0.0,"max_hp_gain":0.0,"max_hp_loss":0.0,"gold_gain":0.0,"event_name":"Accursed Blacksmith","player_choice":"Rummage","floor":3.0,"gold_loss":0.0,"damage_taken":0.0,"relics_obtained":["WarpedTongs"],"cards_obtained":["Pain"]},{"damage_healed":0.0,"max_hp_gain":0.0,"max_hp_loss":0.0,"gold_gain":0.0,"event_name":"Shining Light","player_choice":"Entered Light","floor":4.0,"gold_loss":0.0,"damage_taken":15.0,"cards_upgraded":["Consume","Defend_B"]},{"damage_healed":0.0,"max_hp_gain":0.0,"max_hp_loss":0.0,"gold_gain":99.0,"event_name":"Nest","player_choice":"Stole From Cult","floor":19.0,"gold_loss":0.0,"damage_taken":0.0},{"damage_healed":0.0,"max_hp_gain":0.0,"max_hp_loss":0.0,"gold_gain":0.0,"event_name":"The Library","player_choice":"Read","floor":21.0,"gold_loss":0.0,"damage_taken":0.0,"cards_obtained":["Capacitor"]},{"damage_healed":0.0,"max_hp_gain":0.0,"max_hp_loss":0.0,"gold_gain":0.0,"event_name":"Beggar","player_choice":"Ignored","floor":28.0,"gold_loss":0.0,"damage_taken":0.0},{"cards_removed":["Defend_B"],"damage_healed":0.0,"max_hp_gain":0.0,"max_hp_loss":0.0,"gold_gain":0.0,"event_name":"Designer","player_choice":"Upgrade and Remove","floor":36.0,"gold_loss":90.0,"damage_taken":0.0,"cards_upgraded":["Defend_B"]},{"damage_healed":0.0,"max_hp_gain":0.0,"max_hp_loss":4.0,"gold_gain":0.0,"event_name":"Winding Halls","player_choice":"Max HP","floor":38.0,"gold_loss":0.0,"damage_taken":0.0},{"damage_healed":0.0,"max_hp_gain":0.0,"max_hp_loss":0.0,"gold_gain":0.0,"event_name":"The Lab","player_choice":"Got Potions","floor":48.0,"gold_loss":0.0,"damage_taken":0.0}],"is_beta":false,"boss_relics":[{"not_picked":["Lizard Tail","Philosopher\u0027s Stone"],"picked":"Runic Dome"},{"not_picked":["Tiny House","Cursed Key"],"picked":"Coffee Dripper"}],"items_purged_floors":[5,10,20],"is_endless":false,"potions_floor_spawned":[7,13,18,30,33,37,39,42,47],"ascension_level":0}