{"gold_per_floor":[114,31,31,31,52,52,90,90,113,113,136,154,173,226,226,325,325,344,344,344,269,269,269,303,303,327,65,65,84,144,174,174,252,252,265,285,296,51,69,100,116,149,174,396,48,62,62,91,91,91,91,91,91,47,47],"floor_reached":55,"playtime":2636,"items_purged":["Pain","Parasite"],"score":2132,"play_id":"47f8da83-ae89-4a8c-964b-1d2f34c7a404","local_time":"20190227232018","is_ascension_mode":true,"campfire_choices":[{"data":"Dualcast","floor":6.0,"key":"SMITH"},{"data":"Zap","floor":8.0,"key":"SMITH"},{"data":"Hologram","floor":10.0,"key":"SMITH"},{"data":"Chaos","floor":15.0,"key":"SMITH"},{"floor":23.0,"key":"REST"},{"floor":25.0,"key":"REST"},{"floor":32.0,"key":"RECALL"},{"floor":49,"key":"REST"},{"floor":53,"key":"REST"}],"neow_cost":"NONE","seed_source_timestamp":42115559363515,"circlet_count":0,"master_deck":["AscendersBane","Strike_B","Strike_B","Strike_B","Defend_B","Defend_B","Defend_B","Defend_B","Zap+1","Dualcast+1","Conserve Battery","Hologram+1","Sweeping Beam","Capacitor","FTL","Double Energy","Glacier","FTL","Undo","Chaos+1","Core Surge","Stack","Electrodynamics","Hologram","Machine Learning","Core Surge","Cold Snap","Biased Cognition","Defragment","Defragment","Loop+1","White Noise+1","Hologram+1","Capacitor","Glacier","Coolheaded+1","Turbo+1","Redo","Cold Snap","Double Energy","Buffer","Redo","FTL","Self Repair","Buffer","Auto Shields"],"special_seed":0,"relics":["Cracked Core","Bloody Idol","Prayer Wheel","Vajra","Juzu Bracelet","Fusion Hammer","Kunai","Centennial Puzzle","PreservedInsect","WarpedTongs","Tiny Chest","Red Mask","Runic Dome","Pen Nib","Dodecahedron","ClockworkSouvenir","DataDisk"],"potions_floor_usage":[],"damage_taken":[{"damage":3.0,"enemies":"2 Louse","floor":1.0,"turns":3.0},{"damage":4.0,"enemies":"Jaw Worm","floor":5.0,"turns":5.0},{"damage":5.0,"enemies":"3 Sentries","floor":7.0,"turns":5.0},{"damage":0.0,"enemies":"Cultist","floor":11.0,"turns":2.0},{"damage":0.0,"enemies":"Large Slime","floor":12.0,"turns":4.0},{"damage":5.0,"enemies":"Gremlin Gang","floor":13.0,"turns":5.0},{"damage":39.0,"enemies":"Hexaghost","floor":16.0,"turns":13.0},{"damage":6.0,"enemies":"Shell Parasite","floor":18.0,"turns":6.0},{"damage":35.0,"enemies":"Slavers","floor":24.0,"turns":8.0},{"damage":1.0,"enemies":"2 Thieves","floor":29.0,"turns":2.0},{"damage":4.0,"enemies":"Gremlin Leader","floor":30.0,"turns":4.0},{"damage":6.0,"enemies":"Masked Bandits","floor":31.0,"turns":3.0},{"damage":27.0,"enemies":"Collector","floor":33.0,"turns":10.0},{"damage":0.0,"enemies":"3 Shapes","floor":35.0,"turns":2.0},{"damage":1,"enemies":"3 Darklings","floor":36,"turns":3},{"damage":8,"enemies":"Writhing Mass","floor":37,"turns":7},{"damage":2,"enemies":"4 Shapes","floor":39,"turns":2},{"damage":4,"enemies":"Giant Head","floor":40,"turns":7},{"damage":5,"enemies":"Transient","floor":41,"turns":6},{"damage":0,"enemies":"Nemesis","floor":42,"turns":9},{"damage":0,"enemies":"Spire Growth","floor":46,"turns":6},{"damage":19,"enemies":"Giant Head","floor":48,"turns":7},{"damage":0,"enemies":"Time Eater","floor":50,"turns":13},{"damage":39,"enemies":"Donu and Deca","floor":51,"turns":12},{"damage":64,"enemies":"Shield and Spear","floor":55,"turns":5}],"seed_played":"-5005161367906844118","potions_obtained":[{"floor":1.0,"key":"GamblersBrew"},{"floor":5.0,"key":"Fire Potion"},{"floor":16.0,"key":"Ancient Potion"},{"floor":18.0,"key":"Fire Potion"},{"floor":30.0,"key":"Swift Potion"},{"floor":40,"key":"FocusPotion"}],"is_trial":false,"path_per_floor":["M","$","?","?","M","R","E","R","T","R","M","M","M","T","R","B",null,"M","?","?","?","?","R","E","R","T","$","?","M","E","?","R","B",null,"M","M","M","$","M","E","M","E","T","?","$","M","?","E","R","B","B",null,"R","$","E"],"character_chosen":"DEFECT","items_purchased":["Hologram","Explosive Potion","Electrodynamics","PreservedInsect","Capacitor","Glacier","ClockworkSouvenir","Redo","Auto Shields"],"campfire_rested":4,"item_purchase_floors":[2,2,27,27,38,38,45,45,54],"current_hp_per_floor":[61,61,61,61,57,57,52,52,52,52,52,52,47,47,47,8,50,44,44,44,44,44,63,33,52,57,57,57,64,64,63,63,41,58,63,64,61,61,64,64,64,64,64,64,61,61,61,54,61,61,32,54,61,61,0],"gold":47,"neow_bonus":"REMOVE_CARD","is_prod":false,"is_daily":false,"chose_seed":false,"campfire_upgraded":4,"win_rate":0,"timestamp":1551280818,"path_taken":["M","$","?","?","M","R","E","R","T","R","M","M","M","?","R","BOSS","M","?","?","?","?","R","E","R","T","$","?","M","E","?","R","BOSS","M","M","M","$","M","E","M","E","T","?","$","M","?","E","R","BOSS","BOSS","R","$","E"],"build_version":"2019-01-23","purchased_purges":2,"victory":false,"max_hp_per_floor":[71,71,64,64,64,64,64,64,64,64,64,64,64,64,64,64,64,64,64,64,64,64,64,64,64,64,64,64,64,64,64,64,64,64,64,64,64,64,64,64,64,64,64,64,61,61,61,61,61,61,61,61,61,61,61],"card_choices":[{"not_picked":["Auto Shields","Sweeping Beam"],"picked":"Conserve Battery","floor":1.0},{"not_picked":["Gash","Leap"],"picked":"Sweeping Beam","floor":5.0},{"not_picked":["Hologram","Barrage"],"picked":"Capacitor","floor":7.0},{"not_picked":["Compile Driver","Force Field"],"picked":"FTL","floor":11.0},{"not_picked":["Melter","Aggregate"],"picked":"Double Energy","floor":11.0},{"not_picked":["Capacitor","Gash"],"picked":"Glacier","floor":12.0},{"not_picked":["Coolheaded","Rebound"],"picked":"FTL","floor":12.0},{"not_picked":["FTL","Coolheaded"],"picked":"Undo","floor":13.0},{"not_picked":["Hologram","Rebound"],"picked":"Chaos","floor":13.0},{"not_picked":["Multi-Cast","Reboot"],"picked":"Core Surge","floor":16.0},{"not_picked":["Go for the Eyes","Rebound"],"picked":"Ball Lightning","floor":18.0},{"not_picked":["Conserve Battery","Sweeping Beam","Streamline"],"picked":"SKIP","floor":18.0},{"not_picked":["Aggregate+1","Sweeping Beam"],"picked":"Stack","floor":24.0},{"not_picked":["Scrape","Ball Lightning"],"picked":"Hologram","floor":29.0},{"not_picked":["Cold Snap+1","Beam Cell"],"picked":"Machine Learning","floor":29.0},{"not_picked":["Sunder","Amplify"],"picked":"Core Surge","floor":30.0},{"not_picked":["Doom and Gloom","Go for the Eyes"],"picked":"Cold Snap","floor":31.0},{"not_picked":["Amplify","Fission"],"picked":"Biased Cognition","floor":33.0},{"not_picked":["Barrage","Redo"],"picked":"Defragment","floor":35.0},{"not_picked":["Streamline+1","Go for the Eyes"],"picked":"Defragment","floor":35.0},{"not_picked":["Redo+1","Ball Lightning"],"picked":"Loop+1","floor":36},{"not_picked":["Rip and Tear","Scrape","Storm"],"picked":"SKIP","floor":36},{"not_picked":["Beam Cell","Hologram+1"],"picked":"White Noise+1","floor":37},{"not_picked":["Gash","Compile Driver"],"picked":"Hologram+1","floor":37},{"not_picked":["Fusion+1","Rebound"],"picked":"Coolheaded+1","floor":39},{"not_picked":["Buffer","Leap+1"],"picked":"Turbo+1","floor":39},{"not_picked":["Doom and Gloom","Barrage+1"],"picked":"Redo","floor":40},{"not_picked":["Doom and Gloom","Go for the Eyes"],"picked":"Cold Snap","floor":41},{"not_picked":["Self Repair","Tempest"],"picked":"Double Energy","floor":41},{"not_picked":["Leap","Steam Power"],"picked":"Buffer","floor":42},{"not_picked":["Gash","Steam"],"picked":"FTL","floor":46},{"not_picked":["Steam+1","Sweeping Beam+1"],"picked":"Self Repair","floor":46},{"not_picked":["Stack","Compile Driver"],"picked":"Buffer","floor":48}],"player_experience":3213621,"relics_obtained":[{"floor":7.0,"key":"Prayer Wheel"},{"floor":9.0,"key":"Vajra"},{"floor":14.0,"key":"Juzu Bracelet"},{"floor":24.0,"key":"Kunai"},{"floor":26.0,"key":"Centennial Puzzle"},{"floor":30.0,"key":"Tiny Chest"},{"floor":31.0,"key":"Red Mask"},{"floor":40,"key":"Pen Nib"},{"floor":42,"key":"Dodecahedron"},{"floor":48,"key":"DataDisk"}],"event_choices":[{"damage_healed":0.0,"max_hp_gain":0.0,"max_hp_loss":7.0,"gold_gain":0.0,"event_name":"Golden Idol","player_choice":"Lose Max HP","floor":3.0,"gold_loss":0.0,"damage_taken":0.0,"relics_obtained":["Golden Idol"]},{"damage_healed":0.0,"max_hp_gain":0.0,"max_hp_loss":0.0,"gold_gain":0.0,"event_name":"Liars Game","player_choice":"Ignored","floor":4.0,"gold_loss":0.0,"damage_taken":0.0},{"damage_healed":0.0,"max_hp_gain":0.0,"max_hp_loss":0.0,"gold_gain":0.0,"event_name":"The Mausoleum","player_choice":"Ignored","floor":19.0,"gold_loss":0.0,"damage_taken":0.0},{"damage_healed":0.0,"max_hp_gain":0.0,"max_hp_loss":0.0,"gold_gain":0.0,"event_name":"Wheel of Change","player_choice":"Cursed","floor":20.0,"gold_loss":0.0,"damage_taken":0.0,"cards_obtained":["Decay"]},{"cards_removed":["Decay"],"damage_healed":0.0,"max_hp_gain":0.0,"max_hp_loss":0.0,"gold_gain":0.0,"event_name":"Beggar","player_choice":"Gave Gold","floor":21.0,"gold_loss":75.0,"damage_taken":0.0},{"damage_healed":0.0,"max_hp_gain":0.0,"max_hp_loss":0.0,"gold_gain":0.0,"event_name":"Forgotten Altar","player_choice":"Gave Idol","floor":22.0,"relics_lost":["Golden Idol"],"gold_loss":0.0,"damage_taken":0.0,"relics_obtained":["Bloody Idol"]},{"damage_healed":0.0,"max_hp_gain":0.0,"max_hp_loss":0.0,"gold_gain":0.0,"event_name":"Accursed Blacksmith","player_choice":"Rummage","floor":28.0,"gold_loss":0.0,"damage_taken":0.0,"relics_obtained":["WarpedTongs"],"cards_obtained":["Pain"]},{"damage_healed":0.0,"max_hp_gain":0.0,"max_hp_loss":0.0,"gold_gain":0.0,"event_name":"Masked Bandits","player_choice":"Fought Bandits","floor":31.0,"gold_loss":0.0,"damage_taken":0.0},{"damage_healed":0,"gold_gain":222,"player_choice":"Wore Mask","damage_taken":0,"max_hp_gain":0,"max_hp_loss":0,"event_name":"Tomb of Lord Red Mask","floor":44,"gold_loss":0},{"cards_removed":["Ball Lightning"],"damage_healed":0,"gold_gain":0,"player_choice":"Removed Attack","damage_taken":0,"max_hp_gain":0,"max_hp_loss":0,"event_name":"Falling","floor":47,"gold_loss":0}],"is_beta":false,"boss_relics":[{"not_picked":["Philosopher\u0027s Stone","Velvet Choker"],"picked":"Fusion Hammer"},{"not_picked":["Snecko Eye","Empty Cage"],"picked":"Runic Dome"}],"items_purged_floors":[38,45],"is_endless":false,"potions_floor_spawned":[1,5,16,18,30,35,40,42,46],"killed_by":"Shield and Spear","ascension_level":20}