{"gold_per_floor":[116,41,41,41,58,83,103,103,126,138,166,203,215,240,252,341,353,384,411,323,323],"floor_reached":21,"playtime":515,"items_purged":["Strike_R","Normality"],"score":428,"play_id":"84e62d0f-138b-4320-bfe3-73f0e77ebc62","local_time":"20190121130448","is_ascension_mode":true,"campfire_choices":[{"data":"Bludgeon","floor":8,"key":"SMITH"},{"data":"Bash","floor":10,"key":"SMITH"},{"data":"Uppercut","floor":13,"key":"SMITH"},{"data":"Sword Boomerang","floor":15,"key":"SMITH"}],"neow_cost":"NONE","seed_source_timestamp":7811805279365,"circlet_count":0,"master_deck":["AscendersBane","Strike_R","Strike_R","Strike_R","Defend_R","Defend_R","Defend_R","Defend_R","Bash+1","Corruption","Flex","Spot Weakness","Bludgeon+1","Pummel","Uppercut+1","Offering","Sword Boomerang+1","Feed","Shame","Regret","Second Wind","Shrug It Off"],"relics":["Burning Blood","NeowsBlessing","Art of War","Pantograph","MawBank","Lantern","Calling Bell","Strawberry","Gremlin Horn","Du-Vu Doll"],"potions_floor_usage":[21,21],"damage_taken":[{"damage":0,"enemies":"2 Louse","floor":1,"turns":1},{"damage":0,"enemies":"Cultist","floor":5,"turns":1},{"damage":0,"enemies":"3 Sentries","floor":6,"turns":2},{"damage":0,"enemies":"Small Slimes","floor":7,"turns":2},{"damage":25,"enemies":"Gremlin Gang","floor":11,"turns":5},{"damage":30,"enemies":"Lagavulin","floor":12,"turns":5},{"damage":6,"enemies":"Blue Slaver","floor":14,"turns":1},{"damage":56,"enemies":"The Guardian","floor":16,"turns":5},{"damage":0,"enemies":"Chosen","floor":18,"turns":2},{"damage":31,"enemies":"3 Byrds","floor":19,"turns":5},{"damage":19,"enemies":"Shelled Parasite and Fungi","floor":21,"turns":3}],"seed_played":"7554756945548482757","potions_obtained":[{"floor":1,"key":"PowerPotion"},{"floor":11,"key":"SteroidPotion"},{"floor":12,"key":"Block Potion"}],"is_trial":false,"path_per_floor":["M","$","?","?","M","E","M","R","T","R","M","E","R","M","R","B",null,"M","M","$","M"],"character_chosen":"IRONCLAD","items_purchased":[],"campfire_rested":0,"item_purchase_floors":[],"current_hp_per_floor":[74,74,74,74,75,75,75,75,75,75,56,32,32,32,32,7,65,71,49,49,33],"gold":323,"neow_bonus":"THREE_ENEMY_KILL","is_prod":false,"is_daily":false,"chose_seed":false,"campfire_upgraded":4,"win_rate":0,"timestamp":1548047088,"path_taken":["M","$","?","?","M","E","?","R","T","R","M","E","R","M","R","BOSS","M","M","$","?"],"build_version":"2019-01-17v2","purchased_purges":2,"victory":false,"max_hp_per_floor":[75,75,75,75,75,75,75,75,75,75,75,75,75,75,75,75,82,82,85,85,88],"card_choices":[{"not_picked":["Cleave","Pommel Strike"],"picked":"Corruption","floor":1},{"not_picked":["Blood for Blood","Armaments"],"picked":"Spot Weakness","floor":5},{"not_picked":["Ghostly Armor","Barricade"],"picked":"Bludgeon","floor":6},{"not_picked":["Whirlwind","True Grit","Pummel"],"picked":"SKIP","floor":7},{"not_picked":["Whirlwind","True Grit"],"picked":"Pummel","floor":7},{"not_picked":["Headbutt","Clothesline"],"picked":"Uppercut","floor":11},{"not_picked":["Dual Wield","Inflame"],"picked":"Offering","floor":12},{"not_picked":["Feel No Pain","Perfected Strike"],"picked":"Sword Boomerang","floor":14},{"not_picked":["Juggernaut","Barricade"],"picked":"Feed","floor":16},{"not_picked":["Searing Blow","Fire Breathing"],"picked":"Second Wind","floor":18},{"not_picked":["Clash","Rupture"],"picked":"Shrug It Off","floor":19}],"player_experience":2101222,"relics_obtained":[{"floor":6,"key":"Pantograph"},{"floor":9,"key":"MawBank"},{"floor":12,"key":"Lantern"},{"floor":17,"key":"Strawberry"},{"floor":17,"key":"Gremlin Horn"},{"floor":17,"key":"Du-Vu Doll"}],"event_choices":[{"damage_healed":0,"gold_gain":0,"cards_transformed":["Strike_R"],"player_choice":"Change","damage_taken":0,"max_hp_gain":0,"max_hp_loss":0,"event_name":"Living Wall","floor":3,"gold_loss":0,"cards_obtained":["Flex"]},{"damage_healed":0,"gold_gain":0,"player_choice":"Gave Potion","damage_taken":0,"relics_obtained":["Art of War"],"max_hp_gain":0,"max_hp_loss":0,"event_name":"WeMeetAgain","floor":4,"gold_loss":0}],"is_beta":false,"boss_relics":[{"not_picked":["White Beast Statue","Empty Cage"],"picked":"Calling Bell"}],"items_purged_floors":[2,20],"is_endless":false,"potions_floor_spawned":[1,11,12,14,18],"killed_by":"Shelled Parasite and Fungi","ascension_level":20}