{"gold_per_floor":[111,68,218,230,67,67,92,17,17,28,86,86,101,119,119,198,198,198,98,98,78,0,0,0,0],"floor_reached":25,"playtime":418,"items_purged":["Doubt","Strike_G"],"score":538,"play_id":"782826c6-8db0-4e0d-a750-666b8f980cce","local_time":"20190726091557","is_ascension_mode":true,"campfire_choices":[{"data":"Tactician","floor":6.0,"key":"SMITH"},{"data":"Acrobatics","floor":15.0,"key":"SMITH"},{"data":"Reflex","floor":24.0,"key":"SMITH"}],"neow_cost":"NONE","seed_source_timestamp":35669248949855,"circlet_count":0,"master_deck":["AscendersBane","Strike_G+1","Strike_G","Strike_G","Strike_G","Defend_G","Defend_G","Defend_G","Defend_G","Defend_G","Survivor","Neutralize+1","Tactician+1","Corpse Explosion","Acrobatics+1","Die Die Die","Infinite Blades","Flechettes","After Image","Reflex+1"],"special_seed":0,"relics":["Ring of the Snake","NeowsBlessing","Bronze Scales","Matryoshka","Bag of Marbles","Ectoplasm","Whetstone"],"potions_floor_usage":[25],"damage_taken":[{"damage":0.0,"enemies":"Jaw Worm","floor":1.0,"turns":1.0},{"damage":0.0,"enemies":"2 Louse","floor":4.0,"turns":1.0},{"damage":0.0,"enemies":"Lagavulin","floor":7.0,"turns":1.0},{"damage":0.0,"enemies":"Small Slimes","floor":10.0,"turns":4.0},{"damage":43.0,"enemies":"Lagavulin Event","floor":11.0,"turns":8.0},{"damage":0.0,"enemies":"Gremlin Gang","floor":13.0,"turns":1.0},{"damage":0.0,"enemies":"Looter","floor":14.0,"turns":1.0},{"damage":2.0,"enemies":"Slime Boss","floor":16.0,"turns":5.0},{"damage":5.0,"enemies":"3 Byrds","floor":18.0,"turns":3.0},{"damage":20.0,"enemies":"2 Thieves","floor":22.0,"turns":3.0},{"damage":0.0,"enemies":"Slavers","floor":23.0,"turns":1.0},{"damage":23,"enemies":"Book of Stabbing","floor":25,"turns":4}],"seed_played":"-8837694940785587548","potions_obtained":[{"floor":4.0,"key":"EssenceOfSteel"},{"floor":7.0,"key":"PowerPotion"},{"floor":11.0,"key":"EntropicBrew"},{"floor":13.0,"key":"SteroidPotion"},{"floor":21.0,"key":"Block Potion"},{"floor":23.0,"key":"EssenceOfSteel"}],"is_trial":false,"path_per_floor":["M","$","?","M","$","R","E","$","T","M","?","?","M","M","R","B",null,"M","$","?","?","M","E","R","E"],"character_chosen":"THE_SILENT","items_purchased":["Tactician","Corpse Explosion"],"campfire_rested":0,"item_purchase_floors":[2,5],"current_hp_per_floor":[59,59,59,59,59,59,59,59,59,59,16,16,16,16,16,14,53,48,48,48,48,28,28,28,5],"gold":0,"neow_bonus":"THREE_ENEMY_KILL","is_prod":false,"is_daily":false,"chose_seed":false,"campfire_upgraded":3,"win_rate":0,"timestamp":1564100157,"path_taken":["M","$","?","M","$","R","E","$","T","M","?","?","M","M","R","BOSS","M","$","?","?","M","E","R","E"],"build_version":"2019-07-17","purchased_purges":2,"victory":false,"max_hp_per_floor":[66,66,66,66,66,66,66,66,66,66,66,66,66,66,66,66,66,66,66,66,66,66,66,66,66],"card_choices":[{"not_picked":["Underhanded Strike","Slice","Bane"],"picked":"SKIP","floor":1.0},{"not_picked":["Blade Dance","Sucker Punch","Quick Slash"],"picked":"SKIP","floor":4.0},{"not_picked":["Backflip","Riddle With Holes"],"picked":"Acrobatics","floor":7.0},{"not_picked":["Slice","Bane"],"picked":"Die Die Die","floor":10.0},{"not_picked":["Eviscerate","Slice"],"picked":"Infinite Blades","floor":11.0},{"not_picked":["Blade Dance","Prepared"],"picked":"Flechettes","floor":13.0},{"not_picked":["Crippling Poison","Underhanded Strike","Footwork"],"picked":"SKIP","floor":14.0},{"not_picked":["Venomology","Envenom"],"picked":"After Image","floor":16.0},{"not_picked":["Deflect+1","Dagger Throw","Endless Agony"],"picked":"SKIP","floor":18.0},{"not_picked":["Backstab","Cloak And Dagger"],"picked":"Reflex","floor":22.0},{"not_picked":["Setup","Caltrops","Slice"],"picked":"SKIP","floor":23.0}],"player_experience":665342,"relics_obtained":[{"floor":7.0,"key":"Bronze Scales"},{"floor":9.0,"key":"Matryoshka"},{"floor":11.0,"key":"Bag of Marbles"},{"floor":23.0,"key":"Whetstone"}],"event_choices":[{"damage_healed":0.0,"max_hp_gain":0.0,"max_hp_loss":0.0,"gold_gain":150.0,"event_name":"Liars Game","player_choice":"AGREE","floor":3.0,"gold_loss":0.0,"damage_taken":0.0,"cards_obtained":["Doubt"]},{"damage_healed":0.0,"max_hp_gain":0.0,"max_hp_loss":0.0,"gold_gain":0.0,"event_name":"Dead Adventurer","player_choice":"Searched \u00272\u0027 times","floor":11.0,"gold_loss":0.0,"damage_taken":0.0},{"damage_healed":0.0,"max_hp_gain":0.0,"max_hp_loss":0.0,"gold_gain":0.0,"event_name":"Shining Light","player_choice":"Ignored","floor":12.0,"gold_loss":0.0,"damage_taken":0.0},{"damage_healed":0.0,"max_hp_gain":0.0,"max_hp_loss":0.0,"gold_gain":50.0,"event_name":"Nest","player_choice":"Stole From Cult","floor":20.0,"gold_loss":0.0,"damage_taken":0.0},{"damage_healed":0.0,"max_hp_gain":0.0,"max_hp_loss":0.0,"gold_gain":0.0,"event_name":"The Woman in Blue","player_choice":"Bought 1 Potion","floor":21.0,"gold_loss":0.0,"damage_taken":0.0}],"is_beta":false,"boss_relics":[{"not_picked":["Cursed Key","WristBlade"],"picked":"Ectoplasm"}],"items_purged_floors":[8,19],"is_endless":false,"potions_floor_spawned":[4,7,11,13,23],"killed_by":"Book of Stabbing","ascension_level":20}