{"gold_per_floor":[110,124,41,58,14,14,39,39,113,125,145,165,165,90,90,163,163,179,94,113,13,13,13,28,28,28,28,128,148,178,228,228,305,305,319,319,194,211,221,252,252,287,287,303,317,317,342,360,360,360,360,360,360,47,75,75],"floor_reached":57,"playtime":2637,"items_purged":["Strike_G","Strike_G","Strike_G","Strike_G"],"score":2999,"play_id":"c8f7b1d6-8b8b-421a-92d9-ba1789759b38","local_time":"20190105202158","is_ascension_mode":true,"campfire_choices":[{"data":"Well Laid Plans","floor":6.0,"key":"SMITH"},{"data":"Acrobatics","floor":8.0,"key":"SMITH"},{"data":"Catalyst","floor":15.0,"key":"SMITH"},{"data":"Acrobatics","floor":23.0,"key":"SMITH"},{"data":"Grand Finale","floor":25.0,"key":"SMITH"},{"data":"Acrobatics","floor":27.0,"key":"SMITH"},{"data":"Acrobatics","floor":32.0,"key":"SMITH"},{"data":"Grand Finale","floor":41.0,"key":"SMITH"},{"floor":46.0,"key":"RECALL"},{"data":"Burst","floor":49.0,"key":"SMITH"},{"data":"Bouncing Flask","floor":53,"key":"SMITH"}],"neow_cost":"NONE","seed_source_timestamp":33001182317534,"circlet_count":0,"master_deck":["AscendersBane","Defend_G","Defend_G","Defend_G","Defend_G","Defend_G","Strike_G","Survivor","Neutralize","Acrobatics+1","Acrobatics+1","Well Laid Plans+1","Dash","Concentrate","Bouncing Flask+1","Catalyst+1","Grand Finale+1","Acrobatics+1","Acrobatics+1","Grand Finale+1","Burst+1","Concentrate"],"special_seed":0,"relics":["Ring of the Snake","NeowsBlessing","Bronze Scales","Pantograph","Coffee Dripper","Happy Flower","Art of War","Calipers","Singing Bowl","The Specimen","Runic Pyramid","Tough Bandages","Frozen Egg 2","Darkstone Periapt","Pear"],"potions_floor_usage":[56],"damage_taken":[{"damage":0.0,"enemies":"Cultist","floor":1.0,"turns":1.0},{"damage":0.0,"enemies":"Small Slimes","floor":2.0,"turns":1.0},{"damage":0.0,"enemies":"2 Louse","floor":4.0,"turns":1.0},{"damage":24.0,"enemies":"3 Sentries","floor":7.0,"turns":13.0},{"damage":0.0,"enemies":"Blue Slaver","floor":10.0,"turns":5.0},{"damage":1.0,"enemies":"Looter","floor":11.0,"turns":4.0},{"damage":14.0,"enemies":"Gremlin Gang","floor":12.0,"turns":3.0},{"damage":2.0,"enemies":"The Guardian","floor":16.0,"turns":8.0},{"damage":0.0,"enemies":"3 Byrds","floor":18.0,"turns":2.0},{"damage":1.0,"enemies":"Chosen","floor":20.0,"turns":4.0},{"damage":0.0,"enemies":"3 Cultists","floor":24.0,"turns":2.0},{"damage":30.0,"enemies":"Colosseum Slavers","floor":28.0,"turns":5.0},{"damage":4.0,"enemies":"Colosseum Nobs","floor":28.0,"turns":3.0},{"damage":0.0,"enemies":"Snecko","floor":29.0,"turns":2.0},{"damage":8.0,"enemies":"Book of Stabbing","floor":30.0,"turns":4.0},{"damage":0.0,"enemies":"Collector","floor":33.0,"turns":4.0},{"damage":0.0,"enemies":"3 Shapes","floor":35.0,"turns":1.0},{"damage":0.0,"enemies":"Orb Walker","floor":38.0,"turns":2.0},{"damage":0.0,"enemies":"3 Darklings","floor":39.0,"turns":2.0},{"damage":19.0,"enemies":"Nemesis","floor":40.0,"turns":3.0},{"damage":0.0,"enemies":"Reptomancer","floor":42.0,"turns":2.0},{"damage":0.0,"enemies":"Jaw Worm Horde","floor":44.0,"turns":2.0},{"damage":25.0,"enemies":"4 Shapes","floor":45.0,"turns":3.0},{"damage":0.0,"enemies":"Giant Head","floor":47.0,"turns":5.0},{"damage":1.0,"enemies":"Maw","floor":48.0,"turns":4.0},{"damage":23,"enemies":"Donu and Deca","floor":50,"turns":5},{"damage":31,"enemies":"Time Eater","floor":51,"turns":5},{"damage":9,"enemies":"Shield and Spear","floor":55,"turns":3},{"damage":41,"enemies":"The Heart","floor":56,"turns":6}],"seed_played":"-2549248845735540136","potions_obtained":[{"floor":2.0,"key":"SteroidPotion"},{"floor":7.0,"key":"FearPotion"},{"floor":12.0,"key":"Swift Potion"},{"floor":20.0,"key":"EssenceOfSteel"},{"floor":33.0,"key":"GamblersBrew"},{"floor":40.0,"key":"PowerPotion"},{"floor":42.0,"key":"SneckoOil"},{"floor":45.0,"key":"SkillPotion"}],"is_trial":false,"path_per_floor":["M","M","$","M","$","R","E","R","T","M","M","M","?","$","R","B",null,"M","?","M","$","?","R","M","R","T","R","?","M","E","?","R","B",null,"M","?","$","M","M","E","R","E","T","M","M","R","E","M","R","B","B",null,"R","$","E","B",null],"character_chosen":"THE_SILENT","items_purchased":["Well Laid Plans","Concentrate","GamblersBrew","GhostInAJar"],"campfire_rested":0,"item_purchase_floors":[3,5,54,54],"current_hp_per_floor":[59,59,59,59,59,59,35,35,35,35,34,20,25,25,25,48,65,65,65,64,64,64,64,64,64,64,64,32,34,26,26,26,51,69,71,71,71,73,75,58,58,58,58,60,37,37,39,38,38,40,34,75,75,75,78,60],"gold":75,"neow_bonus":"THREE_ENEMY_KILL","is_prod":false,"is_daily":false,"chose_seed":false,"campfire_upgraded":10,"win_rate":0,"timestamp":1546690918,"path_taken":["M","M","$","?","$","R","E","R","T","M","M","M","?","$","R","BOSS","M","?","M","$","?","R","M","R","T","R","?","?","E","?","R","BOSS","M","?","$","M","M","E","R","E","T","M","?","R","E","M","R","BOSS","BOSS","R","$","E","BOSS"],"build_version":"2019-01-03v4","purchased_purges":4,"victory":true,"max_hp_per_floor":[66,66,66,66,66,66,66,66,66,66,66,66,71,71,71,71,71,71,71,71,71,71,71,71,71,71,71,73,75,75,75,75,75,75,77,77,77,79,81,83,83,83,83,85,87,87,89,89,89,89,89,89,89,89,101,101],"card_choices":[{"not_picked":["Outmaneuver","Sucker Punch"],"picked":"Acrobatics","floor":1.0},{"not_picked":["PiercingWail","Flying Knee"],"picked":"Acrobatics","floor":2.0},{"not_picked":["PiercingWail","Cloak And Dagger"],"picked":"Dash","floor":4.0},{"not_picked":["Choke","Endless Agony","Distraction"],"picked":"SKIP","floor":7.0},{"not_picked":["PiercingWail","Poisoned Stab","Sucker Punch"],"picked":"SKIP","floor":10.0},{"not_picked":["Blade Dance","Quick Slash"],"picked":"Bouncing Flask","floor":11.0},{"not_picked":["Infinite Blades","Leg Sweep"],"picked":"Catalyst","floor":12.0},{"not_picked":["Die Die Die","Adrenaline"],"picked":"Grand Finale","floor":16.0},{"not_picked":["Blade Dance","Crippling Poison","Deadly Poison"],"picked":"SKIP","floor":18.0},{"not_picked":["Masterful Stab","Poisoned Stab","Choke+1"],"picked":"SKIP","floor":20.0},{"not_picked":["Sucker Punch","Dodge and Roll"],"picked":"Acrobatics","floor":24.0},{"not_picked":["Sucker Punch","Outmaneuver","Poisoned Stab"],"picked":"Singing Bowl","floor":28.0},{"not_picked":["Underhanded Strike","Prepared","Choke"],"picked":"Singing Bowl","floor":29.0},{"not_picked":["Dagger Throw","Choke+1"],"picked":"Acrobatics","floor":30.0},{"not_picked":["Corpse Explosion","Unload"],"picked":"Grand Finale","floor":33.0},{"not_picked":["Predator","Dodge and Roll+1","Infinite Blades"],"picked":"Singing Bowl","floor":35.0},{"not_picked":["Cloak And Dagger","Blade Dance","Backflip"],"picked":"Singing Bowl","floor":38.0},{"not_picked":["Prepared","Caltrops","Predator"],"picked":"Singing Bowl","floor":39.0},{"not_picked":["Deflect","Quick Slash","All Out Attack"],"picked":"Singing Bowl","floor":40.0},{"not_picked":["Slice","Quick Slash"],"picked":"Burst","floor":42.0},{"not_picked":["Outmaneuver","Slice","Backflip"],"picked":"Singing Bowl","floor":44.0},{"not_picked":["Flying Knee","Skewer","Choke"],"picked":"Singing Bowl","floor":45.0},{"not_picked":["Caltrops+1","Backflip+1","Prepared"],"picked":"Singing Bowl","floor":47.0},{"not_picked":["Prepared","Distraction"],"picked":"Concentrate","floor":48.0},{"not_picked":["Flechettes","Backflip","Deflect"],"picked":"Singing Bowl","floor":55}],"player_experience":1757514,"relics_obtained":[{"floor":7.0,"key":"Bronze Scales"},{"floor":9.0,"key":"Pantograph"},{"floor":26.0,"key":"Art of War"},{"floor":28.0,"key":"Calipers"},{"floor":28.0,"key":"Singing Bowl"},{"floor":30.0,"key":"The Specimen"},{"floor":40.0,"key":"Tough Bandages"},{"floor":42.0,"key":"Frozen Egg 2"},{"floor":47.0,"key":"Darkstone Periapt"},{"floor":55,"key":"Pear"}],"event_choices":[{"damage_healed":0.0,"max_hp_gain":5.0,"max_hp_loss":0.0,"gold_gain":0.0,"event_name":"Big Fish","player_choice":"Donut","floor":13.0,"gold_loss":0.0,"damage_taken":0.0},{"damage_healed":0.0,"max_hp_gain":0.0,"max_hp_loss":0.0,"gold_gain":0.0,"event_name":"Addict","player_choice":"Obtained Relic","floor":19.0,"gold_loss":85.0,"damage_taken":0.0,"relics_obtained":["Happy Flower"]},{"damage_healed":0.0,"max_hp_gain":0.0,"max_hp_loss":0.0,"gold_gain":0.0,"event_name":"The Mausoleum","player_choice":"Ignored","floor":22.0,"gold_loss":0.0,"damage_taken":0.0},{"damage_healed":0.0,"max_hp_gain":0.0,"max_hp_loss":0.0,"gold_gain":0.0,"event_name":"Colosseum","player_choice":"Fight","floor":28.0,"gold_loss":0.0,"damage_taken":0.0},{"damage_healed":0.0,"max_hp_gain":0.0,"max_hp_loss":0.0,"gold_gain":0.0,"event_name":"Colosseum","player_choice":"Fought Nobs","floor":28.0,"gold_loss":0.0,"damage_taken":0.0},{"damage_healed":0.0,"max_hp_gain":0.0,"max_hp_loss":0.0,"gold_gain":50.0,"event_name":"Nest","player_choice":"Stole From Cult","floor":31.0,"gold_loss":0.0,"damage_taken":0.0},{"damage_healed":0.0,"max_hp_gain":0.0,"max_hp_loss":0.0,"gold_gain":0.0,"event_name":"SecretPortal","player_choice":"Ignored","floor":36.0,"gold_loss":0.0,"damage_taken":0.0}],"is_beta":false,"boss_relics":[{"not_picked":["White Beast Statue","Busted Crown"],"picked":"Coffee Dripper"},{"not_picked":["HoveringKite","Eternal Feather"],"picked":"Runic Pyramid"}],"items_purged_floors":[14,21,37,54],"is_endless":false,"potions_floor_spawned":[2,7,12,16,20,24,28,33,40,42,45,48,55],"ascension_level":20}