{"gold_per_floor":[116,116,130,141,152,77,77,77,149,149,149,127,137,149,149,226,226,243,221,46,64,64,64,75,75,75,75,75,105,105,105],"floor_reached":31,"playtime":1090,"items_purged":["Strike_G","Defend_G"],"score":494,"play_id":"d32321d7-a13a-4169-ab58-78a723d5ae8a","local_time":"20190218212358","is_ascension_mode":true,"campfire_choices":[{"data":"Well Laid Plans","floor":7.0,"key":"SMITH"},{"data":"Neutralize","floor":10.0,"key":"SMITH"},{"data":"Deadly Poison","floor":15.0,"key":"SMITH"},{"data":"Footwork","floor":23.0,"key":"SMITH"},{"data":"Tactician","floor":30,"key":"SMITH"}],"neow_cost":"NONE","seed_source_timestamp":46877295503042,"circlet_count":0,"master_deck":["AscendersBane","Defend_G+1","Defend_G","Defend_G+1","Strike_G","Survivor","Neutralize+1","Well Laid Plans+1","After Image","Infinite Blades","Heel Hook","Infinite Blades","Deadly Poison+1","After Image","Footwork+1","Tactician+1","Blur"],"special_seed":0,"relics":["Ring of the Snake","NeowsBlessing","Mummified Hand","Empty Cage","MutagenicStrength","Nunchaku","War Paint"],"potions_floor_usage":[],"damage_taken":[{"damage":0.0,"enemies":"Small Slimes","floor":1.0,"turns":1.0},{"damage":0.0,"enemies":"Cultist","floor":3.0,"turns":1.0},{"damage":0.0,"enemies":"2 Louse","floor":4.0,"turns":1.0},{"damage":2.0,"enemies":"Blue Slaver","floor":5.0,"turns":7.0},{"damage":1.0,"enemies":"Exordium Thugs","floor":12.0,"turns":5.0},{"damage":8.0,"enemies":"Exordium Wildlife","floor":13.0,"turns":7.0},{"damage":2.0,"enemies":"2 Fungi Beasts","floor":14.0,"turns":5.0},{"damage":32.0,"enemies":"Hexaghost","floor":16.0,"turns":10.0},{"damage":0.0,"enemies":"Shell Parasite","floor":18.0,"turns":6.0},{"damage":5.0,"enemies":"2 Thieves","floor":19.0,"turns":4.0},{"damage":7.0,"enemies":"Snake Plant","floor":21.0,"turns":6.0},{"damage":0.0,"enemies":"Snecko","floor":24.0,"turns":6.0},{"damage":14,"enemies":"Colosseum Slavers","floor":27,"turns":7},{"damage":17,"enemies":"Book of Stabbing","floor":29,"turns":7}],"seed_played":"-4502060697443350957","potions_obtained":[{"floor":1.0,"key":"AttackPotion"},{"floor":5.0,"key":"GhostInAJar"},{"floor":13.0,"key":"Poison Potion"},{"floor":24.0,"key":"Energy Potion"}],"is_trial":false,"path_per_floor":["M","?","M","M","M","$","R","?","T","R","?","M","M","M","R","B",null,"M","M","$","M","?","R","M","?","T","?","?","E","R","$"],"character_chosen":"THE_SILENT","items_purchased":["Footwork"],"campfire_rested":0,"item_purchase_floors":[20],"current_hp_per_floor":[59,59,59,59,57,57,57,62,62,62,62,61,53,51,51,19,58,58,53,53,46,46,46,46,46,46,32,32,15,15,15],"gold":105,"neow_bonus":"THREE_ENEMY_KILL","is_prod":false,"is_daily":false,"chose_seed":false,"campfire_upgraded":5,"win_rate":0,"timestamp":1550496238,"path_taken":["M","?","M","M","?","$","R","?","T","R","?","?","M","M","R","BOSS","M","M","$","M","?","R","M","?","T","?","?","E","R","$"],"build_version":"2019-01-23","purchased_purges":2,"victory":false,"max_hp_per_floor":[66,66,66,66,66,66,66,71,71,71,71,71,71,71,71,71,71,71,71,71,71,71,71,71,71,71,71,71,71,71,71],"card_choices":[{"not_picked":["Blade Dance","Flying Knee"],"picked":"Well Laid Plans","floor":1.0},{"not_picked":["Dagger Throw","Setup","Backflip"],"picked":"SKIP","floor":3.0},{"not_picked":["Eviscerate","Heel Hook","Bane"],"picked":"SKIP","floor":4.0},{"not_picked":["Heel Hook","Masterful Stab"],"picked":"Infinite Blades","floor":5.0},{"not_picked":["Underhanded Strike","Blur"],"picked":"Heel Hook","floor":12.0},{"not_picked":["Sucker Punch","Flechettes"],"picked":"Infinite Blades","floor":13.0},{"not_picked":["Poisoned Stab","Bane"],"picked":"Deadly Poison","floor":14.0},{"not_picked":["Doppelganger","Phantasmal Killer"],"picked":"After Image","floor":16.0},{"not_picked":["Prepared","Poisoned Stab","Dagger Throw"],"picked":"SKIP","floor":18.0},{"not_picked":["Reflex","Sucker Punch+1","Slice+1"],"picked":"SKIP","floor":19.0},{"not_picked":["Dagger Spray","Acrobatics"],"picked":"Tactician","floor":21.0},{"not_picked":["PiercingWail","Blur","Eviscerate"],"picked":"SKIP","floor":24.0},{"not_picked":["PiercingWail","Eviscerate"],"picked":"Blur","floor":24.0},{"not_picked":["Poisoned Stab","Underhanded Strike","Slice"],"picked":"SKIP","floor":29}],"player_experience":2921793,"relics_obtained":[{"floor":9.0,"key":"Mummified Hand"},{"floor":26,"key":"Nunchaku"},{"floor":29,"key":"War Paint"}],"event_choices":[{"damage_healed":0.0,"max_hp_gain":0.0,"max_hp_loss":0.0,"gold_gain":0.0,"cards_transformed":["Strike_G"],"event_name":"Transmorgrifier","player_choice":"Transformed","floor":2.0,"gold_loss":0.0,"damage_taken":0.0,"cards_obtained":["After Image"]},{"damage_healed":0.0,"max_hp_gain":5.0,"max_hp_loss":0.0,"gold_gain":0.0,"event_name":"Big Fish","player_choice":"Donut","floor":8.0,"gold_loss":0.0,"damage_taken":0.0},{"cards_removed":["Strike_G"],"damage_healed":0.0,"max_hp_gain":0.0,"max_hp_loss":0.0,"gold_gain":0.0,"event_name":"Bonfire Elementals","player_choice":"Offered Basic","floor":11.0,"gold_loss":0.0,"damage_taken":0.0},{"damage_healed":0.0,"max_hp_gain":0.0,"max_hp_loss":0.0,"gold_gain":0.0,"event_name":"Beggar","player_choice":"Ignored","floor":22.0,"gold_loss":0.0,"damage_taken":0.0},{"damage_healed":0,"gold_gain":0,"player_choice":"Inject Mutagens","damage_taken":0,"relics_obtained":["MutagenicStrength"],"max_hp_gain":0,"max_hp_loss":0,"event_name":"Drug Dealer","floor":25,"gold_loss":0},{"damage_healed":0,"gold_gain":0,"player_choice":"Fight","damage_taken":0,"max_hp_gain":0,"max_hp_loss":0,"event_name":"Colosseum","floor":27,"gold_loss":0},{"damage_healed":0,"gold_gain":0,"player_choice":"Fled From Nobs","damage_taken":0,"max_hp_gain":0,"max_hp_loss":0,"event_name":"Colosseum","floor":27,"gold_loss":0},{"damage_healed":0,"gold_gain":0,"player_choice":"Ignored","damage_taken":0,"max_hp_gain":0,"max_hp_loss":0,"event_name":"The Mausoleum","floor":28,"gold_loss":0}],"is_beta":false,"boss_relics":[{"not_picked":["Black Star","Ring of the Serpent"],"picked":"Empty Cage"}],"items_purged_floors":[6,20],"is_endless":false,"potions_floor_spawned":[1,5,13,16,24,29],"ascension_level":20}