{"gold_per_floor":[214,89,101,113,129,163,163,195,219,244,259,259,272,222,222,327,327,340,340,340,127,108,108,119,147,174,174,192,192,192,204,204,308,308,318,50,64,79,1,1,1,1,26,40,60,60,71,71,71,71],"floor_reached":51,"playtime":2324,"items_purged":["Defend_G","Strike_G","Strike_G","Outmaneuver+1"],"score":669,"play_id":"331a1d4a-ac8b-4258-ae48-b972815dd985","local_time":"20181022091823","is_ascension_mode":false,"campfire_choices":[{"data":"Footwork","floor":7.0,"key":"SMITH"},{"data":"Deadly Poison","floor":12.0,"key":"SMITH"},{"data":"Deadly Poison","floor":15.0,"key":"SMITH"},{"data":"Apotheosis","floor":23.0,"key":"SMITH"},{"data":"Night Terror","floor":27,"key":"SMITH"},{"data":"Leg Sweep","floor":29,"key":"SMITH"},{"data":"Noxious Fumes","floor":32,"key":"SMITH"},{"data":"Well Laid Plans","floor":40,"key":"SMITH"},{"data":"Footwork","floor":42,"key":"SMITH"},{"floor":46,"key":"REST"},{"data":"Well Laid Plans","floor":49,"key":"SMITH"}],"neow_cost":"NONE","seed_source_timestamp":3730531637593,"circlet_count":0,"master_deck":["Defend_G","Defend_G","Strike_G+1","Strike_G+1","Survivor","Neutralize","Crippling Poison","Deadly Poison+1","Escape Plan","Footwork+1","Deadly Poison+1","Night Terror+1","Apotheosis+1","Leg Sweep+1","Deadly Poison+1","Glass Knife+1","Noxious Fumes+1","Malaise","Eviscerate+1","Footwork+1","Parasite","Well Laid Plans+1","Backflip+1","Die Die Die+1","Well Laid Plans+1"],"special_seed":0,"relics":["Ring of the Snake","Whetstone","Vajra","Smiling Mask","Velvet Choker","Nloth\u0027s Gift","Molten Egg 2","Pen Nib","Art of War","Astrolabe","Bag of Preparation","Tough Bandages","PreservedInsect"],"potions_floor_usage":[25,38,47,50],"damage_taken":[{"damage":0.0,"enemies":"Jaw Worm","floor":1.0,"turns":6.0},{"damage":0.0,"enemies":"2 Louse","floor":3.0,"turns":2.0},{"damage":0.0,"enemies":"Cultist","floor":4.0,"turns":4.0},{"damage":0.0,"enemies":"2 Fungi Beasts","floor":5.0,"turns":4.0},{"damage":22.0,"enemies":"Gremlin Nob","floor":6.0,"turns":4.0},{"damage":13.0,"enemies":"Lagavulin Event","floor":8.0,"turns":9.0},{"damage":0.0,"enemies":"Blue Slaver","floor":11.0,"turns":4.0},{"damage":0.0,"enemies":"Exordium Wildlife","floor":13.0,"turns":3.0},{"damage":30.0,"enemies":"Slime Boss","floor":16.0,"turns":10.0},{"damage":0.0,"enemies":"Spheric Guardian","floor":18.0,"turns":4.0},{"damage":6.0,"enemies":"2 Thieves","floor":22.0,"turns":4.0},{"damage":1.0,"enemies":"Cultist and Chosen","floor":24.0,"turns":6.0},{"damage":4,"enemies":"Gremlin Leader","floor":25,"turns":7},{"damage":13,"enemies":"Snake Plant","floor":28,"turns":4},{"damage":0,"enemies":"Snecko","floor":31,"turns":7},{"damage":40,"enemies":"Collector","floor":33,"turns":7},{"damage":10,"enemies":"Orb Walker","floor":35,"turns":4},{"damage":9,"enemies":"3 Darklings","floor":37,"turns":4},{"damage":5,"enemies":"Writhing Mass","floor":38,"turns":8},{"damage":0,"enemies":"Mind Bloom Boss Battle","floor":41,"turns":6},{"damage":0,"enemies":"Transient","floor":44,"turns":5},{"damage":2,"enemies":"4 Shapes","floor":45,"turns":3},{"damage":0,"enemies":"Spire Growth","floor":47,"turns":5},{"damage":42,"enemies":"Awakened One","floor":50,"turns":15}],"seed_played":"6446155788424417411","potions_obtained":[{"floor":1.0,"key":"Swift Potion"},{"floor":4.0,"key":"PowerPotion"},{"floor":5.0,"key":"Fire Potion"},{"floor":11.0,"key":"Fruit Juice"},{"floor":18.0,"key":"Swift Potion"},{"floor":22.0,"key":"SteroidPotion"},{"floor":28,"key":"Weak Potion"},{"floor":35,"key":"EssenceOfSteel"},{"floor":38,"key":"Fruit Juice"},{"floor":41,"key":"Swift Potion"}],"is_trial":false,"path_per_floor":["M","$","M","M","M","E","R","?","T","T","M","R","M","$","R","B",null,"M","?","?","$","M","R","M","E","T","R","M","R","?","M","R","B",null,"M","$","M","M","$","R","?","R","T","M","M","R","M","?","R","B"],"character_chosen":"THE_SILENT","items_purchased":["SteroidPotion","Apotheosis","Footwork","Bag of Preparation","Well Laid Plans"],"campfire_rested":1,"item_purchase_floors":[2,21,36,36,39],"current_hp_per_floor":[70,70,70,70,70,48,48,35,35,35,35,35,40,40,40,10,75,75,75,75,75,69,69,68,64,64,64,51,51,51,51,51,11,75,65,65,56,56,56,56,56,56,56,56,54,78,78,78,78,36],"gold":71,"neow_bonus":"HUNDRED_GOLD","is_prod":false,"is_daily":false,"chose_seed":false,"campfire_upgraded":10,"win_rate":0,"timestamp":1540171103,"path_taken":["M","$","M","M","M","E","R","?","T","?","M","R","M","$","R","BOSS","M","?","?","$","M","R","M","E","T","R","M","R","?","M","R","BOSS","M","$","M","M","$","R","?","R","T","?","M","R","M","?","R","BOSS"],"build_version":"2018-10-18","purchased_purges":4,"victory":true,"max_hp_per_floor":[70,70,70,70,70,70,70,70,70,70,70,70,75,75,75,75,75,75,75,75,75,75,75,75,75,75,75,75,75,75,75,75,75,75,75,75,75,80,80,80,80,80,80,80,80,80,80,80,80,80],"card_choices":[{"not_picked":["Cloak And Dagger","Blade Dance","Quick Slash"],"picked":"SKIP","floor":1.0},{"not_picked":["Blade Dance","Eviscerate"],"picked":"Crippling Poison","floor":3.0},{"not_picked":["Quick Slash","Flechettes"],"picked":"Deadly Poison","floor":4.0},{"not_picked":["Blur","Dagger Spray"],"picked":"Escape Plan","floor":5.0},{"not_picked":["Reflex","PiercingWail"],"picked":"Footwork","floor":6.0},{"not_picked":["Eviscerate","Blade Dance"],"picked":"Deadly Poison","floor":11.0},{"not_picked":["Blade Dance","Eviscerate","Deflect"],"picked":"SKIP","floor":13.0},{"not_picked":["Tools of the Trade","Glass Knife"],"picked":"Night Terror","floor":16.0},{"not_picked":["Acrobatics","Dagger Throw+1","PiercingWail"],"picked":"SKIP","floor":18.0},{"not_picked":["Blade Dance+1","Eviscerate+1","Dagger Spray+1"],"picked":"SKIP","floor":22.0},{"not_picked":["Backflip+1","Cloak And Dagger+1"],"picked":"Leg Sweep","floor":24.0},{"not_picked":["Outmaneuver","Dagger Throw+1"],"picked":"Deadly Poison+1","floor":25},{"not_picked":["Tactician","A Thousand Cuts","Escape Plan"],"picked":"SKIP","floor":28},{"not_picked":["Outmaneuver","Backflip+1"],"picked":"Noxious Fumes","floor":31},{"not_picked":["Tools of the Trade","After Image"],"picked":"Malaise","floor":33},{"not_picked":["Reflex","Bane+1","All Out Attack+1"],"picked":"SKIP","floor":35},{"not_picked":["Caltrops+1","Underhanded Strike+1","Quick Slash+1"],"picked":"SKIP","floor":37},{"not_picked":["Calculated Gamble+1","Prepared","Tactician"],"picked":"SKIP","floor":38},{"not_picked":["Acrobatics+1","Deflect+1"],"picked":"Backflip+1","floor":41},{"not_picked":["Escape Plan+1","Dagger Spray+1"],"picked":"Die Die Die+1","floor":44},{"not_picked":["Predator+1","Sucker Punch+1","Caltrops+1"],"picked":"SKIP","floor":45},{"not_picked":["Skewer+1","Calculated Gamble+1"],"picked":"Well Laid Plans","floor":47}],"player_experience":490284,"relics_obtained":[{"floor":6.0,"key":"Dream Catcher"},{"floor":8.0,"key":"Whetstone"},{"floor":9.0,"key":"Vajra"},{"floor":10.0,"key":"Smiling Mask"},{"floor":25,"key":"Pen Nib"},{"floor":26,"key":"Art of War"},{"floor":41,"key":"Tough Bandages"},{"floor":43,"key":"PreservedInsect"}],"event_choices":[{"damage_healed":0.0,"max_hp_gain":0.0,"max_hp_loss":0.0,"gold_gain":30.0,"event_name":"Dead Adventurer","player_choice":"Searched \u00272\u0027 times","floor":8.0,"gold_loss":0.0,"damage_taken":0.0},{"damage_healed":0.0,"max_hp_gain":0.0,"max_hp_loss":0.0,"gold_gain":0.0,"event_name":"N\u0027loth","player_choice":"Traded Relic","floor":19.0,"relics_lost":["Dream Catcher"],"gold_loss":0.0,"damage_taken":0.0,"relics_obtained":["Nloth\u0027s Gift"]},{"damage_healed":0.0,"max_hp_gain":0.0,"max_hp_loss":0.0,"gold_gain":0.0,"event_name":"WeMeetAgain","player_choice":"Gave Potion","floor":20.0,"gold_loss":0.0,"damage_taken":0.0,"relics_obtained":["Molten Egg 2"]},{"damage_healed":0,"gold_gain":0,"player_choice":"Read","damage_taken":0,"max_hp_gain":0,"max_hp_loss":0,"event_name":"The Library","floor":30,"gold_loss":0,"cards_obtained":["Glass Knife"]},{"damage_healed":0,"gold_gain":0,"player_choice":"Fight","damage_taken":0,"max_hp_gain":0,"max_hp_loss":0,"event_name":"MindBloom","floor":41,"gold_loss":0},{"cards_removed":["Backstab"],"damage_healed":0,"gold_gain":0,"player_choice":"Removed Attack","damage_taken":0,"max_hp_gain":0,"max_hp_loss":0,"event_name":"Falling","floor":48,"gold_loss":0}],"is_beta":false,"boss_relics":[{"not_picked":["Calling Bell","Lizard Tail"],"picked":"Velvet Choker"},{"not_picked":["Black Star","Snecko Eye"],"picked":"Astrolabe"}],"items_purged_floors":[2,14,21,36],"is_endless":false,"potions_floor_spawned":[1,4,5,11,18,22,28,35,38,41,44],"ascension_level":0}