{"gold_per_floor":[112,37,37,47,47,77,77,90,115,134,134,144,144,144,144,233,233,251,68,89,89,89,89,105,105],"floor_reached":25,"playtime":844,"items_purged":["Strike_G","Strike_G"],"score":452,"play_id":"e08dac71-63d0-429e-ba8b-8eac27d8d2f2","local_time":"20190225224312","is_ascension_mode":true,"campfire_choices":[{"data":"Neutralize","floor":7.0,"key":"SMITH"},{"data":"Concentrate","floor":11.0,"key":"SMITH"},{"data":"Choke","floor":13.0,"key":"SMITH"},{"data":"Cloak And Dagger","floor":15.0,"key":"SMITH"},{"data":"Prepared","floor":23.0,"key":"SMITH"}],"neow_cost":"NONE","seed_source_timestamp":36656321327990,"circlet_count":0,"master_deck":["AscendersBane","Defend_G","Defend_G","Defend_G","Defend_G","Defend_G","Strike_G","Strike_G","Survivor","Neutralize+1","Tactician","Concentrate+1","Choke+1","Cloak And Dagger+1","After Image","Dagger Throw","Corpse Explosion","Reflex","Prepared+1","Deflect+1"],"special_seed":0,"relics":["Ring of the Snake","NeowsBlessing","Ancient Tea Set","Sundial","Omamori","Golden Idol","Orrery"],"potions_floor_usage":[24,24],"damage_taken":[{"damage":0.0,"enemies":"Jaw Worm","floor":1.0,"turns":1.0},{"damage":0.0,"enemies":"2 Louse","floor":4.0,"turns":1.0},{"damage":0.0,"enemies":"Lagavulin","floor":6.0,"turns":1.0},{"damage":0.0,"enemies":"Small Slimes","floor":8.0,"turns":3.0},{"damage":3.0,"enemies":"Blue Slaver","floor":10.0,"turns":4.0},{"damage":0.0,"enemies":"Lots of Slimes","floor":12.0,"turns":7.0},{"damage":48.0,"enemies":"The Guardian","floor":16.0,"turns":11.0},{"damage":22.0,"enemies":"3 Byrds","floor":18.0,"turns":3.0},{"damage":8.0,"enemies":"Shell Parasite","floor":20.0,"turns":12.0},{"damage":18,"enemies":"Sentry and Sphere","floor":24,"turns":10},{"damage":3,"enemies":"Snake Plant","floor":25,"turns":2}],"seed_played":"-5570828627665115961","potions_obtained":[{"floor":1.0,"key":"Block Potion"},{"floor":10.0,"key":"SpeedPotion"},{"floor":12.0,"key":"LiquidBronze"},{"floor":16.0,"key":"SteroidPotion"},{"floor":18.0,"key":"PowerPotion"}],"is_trial":false,"path_per_floor":["M","$","?","M","?","E","R","M","T","M","R","M","R","?","R","B",null,"M","$","M","$","?","R","M","M"],"character_chosen":"THE_SILENT","items_purchased":["GamblersBrew"],"campfire_rested":0,"item_purchase_floors":[19],"current_hp_per_floor":[59,59,54,54,59,59,59,59,59,56,56,56,56,56,56,8,50,28,28,20,20,20,20,2,0],"gold":105,"neow_bonus":"THREE_ENEMY_KILL","is_prod":false,"is_daily":false,"chose_seed":false,"campfire_upgraded":5,"win_rate":0,"timestamp":1551105792,"path_taken":["M","$","?","M","?","E","R","M","T","M","R","M","R","?","R","BOSS","M","$","M","$","?","R","M","M"],"build_version":"2019-01-23","purchased_purges":2,"victory":false,"max_hp_per_floor":[66,66,66,66,71,71,71,71,71,71,71,71,71,64,64,64,64,64,64,64,64,64,64,64,64],"card_choices":[{"not_picked":["Skewer","Slice"],"picked":"Tactician","floor":1.0},{"not_picked":["Terror","Quick Slash"],"picked":"Concentrate","floor":4.0},{"not_picked":["PiercingWail","Backstab"],"picked":"Choke","floor":6.0},{"not_picked":["Eviscerate","Dagger Spray"],"picked":"Cloak And Dagger","floor":8.0},{"not_picked":["Outmaneuver","Quick Slash","Slice"],"picked":"SKIP","floor":10.0},{"not_picked":["Dodge and Roll","Outmaneuver","Sucker Punch"],"picked":"SKIP","floor":12.0},{"not_picked":["Burst","Doppelganger"],"picked":"After Image","floor":16.0},{"not_picked":["Dodge and Roll","Deflect"],"picked":"Dagger Throw","floor":17.0},{"not_picked":["Distraction","Footwork"],"picked":"Corpse Explosion","floor":17.0},{"not_picked":["Terror","Accuracy"],"picked":"Reflex","floor":17.0},{"not_picked":["Leg Sweep","Dodge and Roll","Dagger Spray"],"picked":"SKIP","floor":18.0},{"not_picked":["Cloak And Dagger","Accuracy"],"picked":"Prepared","floor":20.0},{"not_picked":["Deadly Poison","Quick Slash"],"picked":"Deflect+1","floor":24}],"player_experience":3142553,"relics_obtained":[{"floor":6.0,"key":"Sundial"},{"floor":9.0,"key":"Omamori"}],"event_choices":[{"damage_healed":0.0,"max_hp_gain":0.0,"max_hp_loss":0.0,"gold_gain":0.0,"event_name":"Scrap Ooze","player_choice":"Success","floor":3.0,"gold_loss":0.0,"damage_taken":5.0,"relics_obtained":["Ancient Tea Set"]},{"damage_healed":0.0,"max_hp_gain":5.0,"max_hp_loss":0.0,"gold_gain":0.0,"event_name":"Big Fish","player_choice":"Donut","floor":5.0,"gold_loss":0.0,"damage_taken":0.0},{"damage_healed":0.0,"max_hp_gain":0.0,"max_hp_loss":7.0,"gold_gain":0.0,"event_name":"Golden Idol","player_choice":"Lose Max HP","floor":14.0,"gold_loss":0.0,"damage_taken":0.0,"relics_obtained":["Golden Idol"]},{"cards_removed":["Strike_G"],"damage_healed":0.0,"max_hp_gain":0.0,"max_hp_loss":0.0,"gold_gain":0.0,"event_name":"Back to Basics","player_choice":"Elegance","floor":22.0,"gold_loss":0.0,"damage_taken":0.0}],"is_beta":false,"boss_relics":[{"not_picked":["Runic Dome","Lizard Tail"],"picked":"Orrery"}],"items_purged_floors":[2,19],"is_endless":false,"potions_floor_spawned":[1,10,12,16,18,20],"killed_by":"Snake Plant","ascension_level":20}