{"gold_per_floor":[110,110,110,54,69,69,97,97,97,97,112,122,122,132,132,209,209,219,119,136,36,66,66,80,80,149,149,176,192,202,220,220,294,294,311,311,90,90,108,108,128,39,63,81,81,98,98,109,109,109,109,109,109,109],"floor_reached":54,"playtime":1415,"items_purged":["Strike_R","Strike_R","Defend_R"],"score":1321,"play_id":"45d5d384-3f26-443f-bf10-169c171b54d0","local_time":"20190130200705","is_ascension_mode":true,"campfire_choices":[{"data":"Uppercut","floor":6,"key":"SMITH"},{"data":"Body Slam","floor":8,"key":"SMITH"},{"data":"Pommel Strike","floor":13,"key":"SMITH"},{"data":"Second Wind","floor":15,"key":"SMITH"},{"data":"True Grit","floor":23,"key":"SMITH"},{"data":"Fiend Fire","floor":25,"key":"SMITH"},{"data":"Battle Trance","floor":27,"key":"SMITH"},{"data":"Corruption","floor":32,"key":"SMITH"},{"data":"Burning Pact","floor":40,"key":"SMITH"},{"data":"Pommel Strike","floor":45,"key":"SMITH"},{"floor":47,"key":"RECALL"},{"data":"Barricade","floor":49,"key":"SMITH"},{"data":"Shrug It Off","floor":52,"key":"SMITH"}],"neow_cost":"NONE","seed_source_timestamp":29452393864645,"circlet_count":0,"master_deck":["AscendersBane","Defend_R","Defend_R+1","Defend_R","Bash+1","Second Wind+1","Body Slam+1","Uppercut+1","Battle Trance+1","Corruption+1","Pommel Strike+1","Shrug It Off+1","Fiend Fire+1","True Grit+1","Shockwave","Warcry+1","Barricade+1","Flash of Steel","Burning Pact+1","Finesse","Pommel Strike+1","Entrench+1"],"relics":["Burning Blood","Omamori","Strawberry","Sundial","Runic Pyramid","Tiny Chest","Question Card","Blue Candle","Sozu"],"potions_floor_usage":[16,16,54],"damage_taken":[{"damage":8,"enemies":"Jaw Worm","floor":1,"turns":5},{"damage":5,"enemies":"2 Louse","floor":5,"turns":4},{"damage":15,"enemies":"Gremlin Nob","floor":7,"turns":4},{"damage":1,"enemies":"Cultist","floor":11,"turns":3},{"damage":7,"enemies":"Large Slime","floor":12,"turns":5},{"damage":1,"enemies":"Looter","floor":14,"turns":3},{"damage":38,"enemies":"The Guardian","floor":16,"turns":9},{"damage":1,"enemies":"Shell Parasite","floor":18,"turns":3},{"damage":0,"enemies":"Chosen","floor":20,"turns":3},{"damage":0,"enemies":"Snecko","floor":24,"turns":3},{"damage":0,"enemies":"Gremlin Leader","floor":28,"turns":4},{"damage":0,"enemies":"Sentry and Sphere","floor":29,"turns":4},{"damage":14,"enemies":"Cultist and Chosen","floor":30,"turns":5},{"damage":13,"enemies":"Centurion and Healer","floor":31,"turns":5},{"damage":8,"enemies":"Automaton","floor":33,"turns":3},{"damage":3,"enemies":"Orb Walker","floor":35,"turns":2},{"damage":20,"enemies":"3 Darklings","floor":39,"turns":3},{"damage":0,"enemies":"Maw","floor":41,"turns":3},{"damage":18,"enemies":"Writhing Mass","floor":44,"turns":4},{"damage":0,"enemies":"3 Darklings","floor":46,"turns":3},{"damage":0,"enemies":"Spire Growth","floor":48,"turns":3},{"damage":0,"enemies":"Donu and Deca","floor":50,"turns":3},{"damage":88,"enemies":"Shield and Spear","floor":54,"turns":6}],"seed_played":"8526624513033383229","potions_obtained":[{"floor":5,"key":"SkillPotion"},{"floor":12,"key":"PowerPotion"},{"floor":16,"key":"GamblersBrew"},{"floor":20,"key":"Block Potion"}],"is_trial":false,"path_per_floor":["M","?","?","$","M","R","E","R","T","?","M","M","R","M","R","B",null,"M","$","M","$","?","R","M","R","T","R","E","M","M","M","R","B",null,"M","?","$","?","M","R","M","$","T","M","R","M","R","M","R","B",null,"R","$","E"],"character_chosen":"IRONCLAD","items_purchased":["Body Slam","True Grit","Flash of Steel","Finesse"],"campfire_rested":0,"item_purchase_floors":[4,19,37,42],"current_hp_per_floor":[66,59,36,36,37,37,35,35,35,35,40,39,39,44,44,12,65,70,70,76,76,76,76,82,82,82,82,82,82,74,67,67,65,78,81,81,81,81,67,67,73,73,73,61,61,67,67,73,73,79,81,81,81,0],"gold":109,"neow_bonus":"RANDOM_COMMON_RELIC","is_prod":false,"is_daily":false,"chose_seed":false,"campfire_upgraded":12,"win_rate":0,"timestamp":1548850025,"path_taken":["M","?","?","$","M","R","E","R","T","?","?","M","R","M","R","BOSS","M","$","M","$","?","R","M","R","T","R","E","M","M","M","R","BOSS","M","?","$","?","M","R","M","$","T","M","R","M","R","M","R","BOSS","R","$","E"],"build_version":"2019-01-23","purchased_purges":3,"victory":false,"max_hp_per_floor":[75,75,75,75,75,75,82,82,82,82,82,82,82,82,82,82,82,82,82,82,82,82,82,82,82,82,82,82,82,82,82,82,82,82,82,82,82,82,82,82,82,82,82,82,82,82,82,82,82,82,82,82,82,82],"card_choices":[{"not_picked":["Twin Strike","Shrug It Off"],"picked":"Second Wind","floor":1},{"not_picked":["Disarm","Havoc"],"picked":"Uppercut","floor":5},{"not_picked":["Cleave","Corruption"],"picked":"Battle Trance","floor":7},{"not_picked":["Clothesline","Pummel","Infernal Blade"],"picked":"SKIP","floor":11},{"not_picked":["Cleave","Headbutt"],"picked":"Pommel Strike","floor":12},{"not_picked":["Burning Pact","Juggernaut"],"picked":"Shrug It Off","floor":14},{"not_picked":["Immolate","Juggernaut"],"picked":"Fiend Fire","floor":16},{"not_picked":["Wild Strike+1","Pummel+1","Cleave"],"picked":"SKIP","floor":18},{"not_picked":["Metallicize","Uppercut","Battle Trance"],"picked":"SKIP","floor":20},{"not_picked":["Wild Strike","Flex","Body Slam"],"picked":"SKIP","floor":24},{"not_picked":["Clash","Bloodletting","Dark Embrace"],"picked":"Shockwave","floor":28},{"not_picked":["Body Slam","Anger","Havoc","Wild Strike"],"picked":"SKIP","floor":29},{"not_picked":["Metallicize","Cleave","Perfected Strike","Evolve"],"picked":"SKIP","floor":30},{"not_picked":["Inflame","Wild Strike+1","Cleave"],"picked":"Warcry+1","floor":31},{"not_picked":["Juggernaut","Feed","Berserk"],"picked":"Barricade","floor":33},{"not_picked":["Iron Wave","Thunderclap","Twin Strike","Searing Blow"],"picked":"SKIP","floor":35},{"not_picked":["Headbutt+1","Cleave","Perfected Strike"],"picked":"Burning Pact","floor":39},{"not_picked":["Blood for Blood","Double Tap","Wild Strike","Cleave"],"picked":"SKIP","floor":41},{"not_picked":["Disarm+1","Sword Boomerang","Shrug It Off"],"picked":"Pommel Strike","floor":44},{"not_picked":["Reckless Charge+1","True Grit","Ghostly Armor","Anger+1"],"picked":"SKIP","floor":46},{"not_picked":["Metallicize","Battle Trance","Dual Wield"],"picked":"Entrench+1","floor":48}],"player_experience":2416004,"relics_obtained":[{"floor":7,"key":"Strawberry"},{"floor":9,"key":"Sundial"},{"floor":26,"key":"Question Card"},{"floor":28,"key":"Blue Candle"}],"event_choices":[{"cards_removed":["Strike_R"],"damage_healed":0,"gold_gain":0,"player_choice":"Card Removal","damage_taken":7,"max_hp_gain":0,"max_hp_loss":0,"event_name":"Golden Wing","floor":2,"gold_loss":0},{"damage_healed":0,"gold_gain":0,"player_choice":"Entered Light","damage_taken":23,"max_hp_gain":0,"max_hp_loss":0,"event_name":"Shining Light","floor":3,"gold_loss":0,"cards_upgraded":["Defend_R","Bash"]},{"damage_healed":0,"gold_gain":0,"cards_transformed":["Strike_R"],"player_choice":"Transformed","damage_taken":0,"max_hp_gain":0,"max_hp_loss":0,"event_name":"Transmorgrifier","floor":10,"gold_loss":0,"cards_obtained":["Corruption"]},{"damage_healed":0,"gold_gain":0,"player_choice":"Stole Relic","damage_taken":0,"relics_obtained":["Tiny Chest"],"max_hp_gain":0,"max_hp_loss":0,"event_name":"Addict","floor":22,"gold_loss":0,"cards_obtained":["Shame"]},{"cards_removed":["Strike_R"],"damage_healed":0,"gold_gain":0,"player_choice":"Removed Attack","damage_taken":0,"max_hp_gain":0,"max_hp_loss":0,"event_name":"Falling","floor":36,"gold_loss":0},{"damage_healed":0,"gold_gain":0,"player_choice":"Ignored","damage_taken":0,"max_hp_gain":0,"max_hp_loss":0,"event_name":"Mysterious Sphere","floor":38,"gold_loss":0}],"is_beta":false,"boss_relics":[{"not_picked":["Lizard Tail","Black Star"],"picked":"Runic Pyramid"},{"not_picked":["Black Blood","Tiny House"],"picked":"Sozu"}],"items_purged_floors":[19,21,37],"is_endless":false,"potions_floor_spawned":[5,12,16,20,24,29,30,44,46,48],"killed_by":"Shield and Spear","ascension_level":16}