{"gold_per_floor":[118,133,208,133,58,58,72,72,95,95,107,140,63,82,82,158,158,176,76,90,0,0,0,14,26,74,74,74,74,74,91,91,162,162,181,181,198,213,213,245,135,135,135,135,135,135,135,135,10,36,36],"floor_reached":52,"playtime":3150,"items_purged":["Strike_G","Strike_G","Survivor+1"],"score":2977,"play_id":"59150bd8-bf8a-443f-a6d9-27817f5d9ecb","local_time":"20190218202607","is_ascension_mode":true,"campfire_choices":[{"data":"Noxious Fumes","floor":6.0,"key":"SMITH"},{"data":"Bouncing Flask","floor":8.0,"key":"SMITH"},{"data":"Neutralize","floor":10.0,"key":"SMITH"},{"floor":15.0,"key":"REST"},{"data":"Deadly Poison","floor":23.0,"key":"SMITH"},{"data":"Tactician","floor":28,"key":"SMITH"},{"data":"Backflip","floor":30,"key":"SMITH"},{"data":"Survivor","floor":32,"key":"SMITH"},{"floor":42,"key":"RECALL"},{"floor":48,"key":"REST"}],"neow_cost":"NONE","seed_source_timestamp":41611385306894,"circlet_count":0,"master_deck":["AscendersBane","Neutralize+1","Noxious Fumes+1","Deadly Poison+1","Noxious Fumes+1","Well Laid Plans+1","Adrenaline+1","Backflip+1","Backstab+1","PiercingWail+1","Tactician+1","Acrobatics+1","Terror+1","Distraction+1","Adrenaline+1","Crippling Poison+1","Acrobatics+1"],"special_seed":0,"relics":["Ring of the Snake","Juzu Bracelet","Runic Pyramid","Oddly Smooth Stone","Pandora\u0027s Box","Mark of the Bloom","Dream Catcher","Torii","Pen Nib"],"potions_floor_usage":[],"damage_taken":[{"damage":8.0,"enemies":"Cultist","floor":1.0,"turns":5.0},{"damage":4.0,"enemies":"Small Slimes","floor":2.0,"turns":4.0},{"damage":0.0,"enemies":"2 Louse","floor":7.0,"turns":3.0},{"damage":1.0,"enemies":"Blue Slaver","floor":11.0,"turns":3.0},{"damage":21.0,"enemies":"3 Sentries","floor":12.0,"turns":6.0},{"damage":4.0,"enemies":"Lots of Slimes","floor":14.0,"turns":4.0},{"damage":17.0,"enemies":"The Guardian","floor":16.0,"turns":9.0},{"damage":0.0,"enemies":"Shell Parasite","floor":18.0,"turns":6.0},{"damage":0.0,"enemies":"Spheric Guardian","floor":20.0,"turns":3.0},{"damage":6.0,"enemies":"Centurion and Healer","floor":24.0,"turns":7.0},{"damage":24.0,"enemies":"3 Cultists","floor":25.0,"turns":6.0},{"damage":0,"enemies":"Snecko","floor":31,"turns":5},{"damage":0,"enemies":"Champ","floor":33,"turns":10},{"damage":0,"enemies":"3 Darklings","floor":35,"turns":3},{"damage":0,"enemies":"3 Shapes","floor":37,"turns":3},{"damage":0,"enemies":"Writhing Mass","floor":38,"turns":2},{"damage":28,"enemies":"Nemesis","floor":40,"turns":7},{"damage":0,"enemies":"Donu and Deca","floor":45,"turns":3},{"damage":0,"enemies":"Awakened One","floor":46,"turns":3},{"damage":0,"enemies":"Shield and Spear","floor":50,"turns":2},{"damage":11,"enemies":"The Heart","floor":51,"turns":3}],"seed_played":"-6151496836888956318","potions_obtained":[{"floor":7.0,"key":"GhostInAJar"},{"floor":14.0,"key":"Dexterity Potion"},{"floor":16.0,"key":"Ancient Potion"},{"floor":24.0,"key":"Weak Potion"},{"floor":40,"key":"GhostInAJar"}],"is_trial":false,"path_per_floor":["M","M","?","?","$","R","M","R","T","R","M","E","$","M","R","B",null,"M","$","M","?","?","R","M","M","T","?","R","?","R","M","R","B",null,"M","?","M","M","?","E","?","R","T","?","B","B",null,"R","$","E","B",null],"character_chosen":"THE_SILENT","items_purchased":["Well Laid Plans"],"campfire_rested":2,"item_purchase_floors":[13],"current_hp_per_floor":[51,47,36,36,36,36,36,36,36,36,35,14,14,10,29,12,53,53,53,53,53,53,53,47,23,23,23,23,23,23,23,23,23,55,55,55,55,55,55,27,27,27,27,27,27,27,27,27,27,27,16],"gold":36,"neow_bonus":"REMOVE_CARD","is_prod":false,"is_daily":false,"chose_seed":false,"campfire_upgraded":7,"win_rate":0,"timestamp":1550492767,"path_taken":["M","?","?","?","$","R","M","R","T","R","M","E","$","M","R","BOSS","M","$","M","?","?","R","M","M","T","?","R","?","R","M","R","BOSS","M","?","M","M","?","E","?","R","T","?","BOSS","BOSS","R","$","E","BOSS"],"build_version":"2019-01-23","purchased_purges":3,"victory":true,"max_hp_per_floor":[66,66,66,66,66,66,66,66,66,66,66,66,66,66,66,66,66,66,66,66,66,66,66,66,66,66,66,66,66,66,66,66,66,66,66,66,66,66,66,66,66,66,66,66,66,66,66,66,66,66,66],"card_choices":[{"not_picked":["Dodge and Roll","Acrobatics"],"picked":"Noxious Fumes","floor":1.0},{"not_picked":["Acrobatics","Cloak And Dagger"],"picked":"Bouncing Flask","floor":2.0},{"not_picked":["Dodge and Roll","Heel Hook","Cloak And Dagger"],"picked":"SKIP","floor":7.0},{"not_picked":["Bane","Cloak And Dagger"],"picked":"Deadly Poison","floor":11.0},{"not_picked":["Concentrate","Slice"],"picked":"Noxious Fumes","floor":12.0},{"not_picked":["Bullet Time","Setup","Poisoned Stab"],"picked":"SKIP","floor":14.0},{"not_picked":["Venomology","Die Die Die"],"picked":"Adrenaline","floor":16.0},{"not_picked":["Deadly Poison","Backstab","Dagger Spray"],"picked":"SKIP","floor":18.0},{"not_picked":["PiercingWail","Prepared"],"picked":"Backflip","floor":20.0},{"not_picked":["All Out Attack","Noxious Fumes"],"picked":"PiercingWail","floor":24.0},{"not_picked":["Prepared","Unload"],"picked":"Tactician","floor":25.0},{"not_picked":["Accuracy","Tactician"],"picked":"Heel Hook","floor":31},{"not_picked":["Flechettes","Infinite Blades","Reflex"],"picked":"SKIP","floor":35},{"not_picked":["Poisoned Stab","Dodge and Roll+1"],"picked":"Acrobatics","floor":37},{"not_picked":["Riddle With Holes+1","Sucker Punch","Poisoned Stab+1"],"picked":"SKIP","floor":38},{"not_picked":["Acrobatics+1","Leg Sweep","Prepared"],"picked":"SKIP","floor":40},{"not_picked":["Sucker Punch","Riddle With Holes","Bouncing Flask"],"picked":"SKIP","floor":50}],"player_experience":2917288,"relics_obtained":[{"floor":12.0,"key":"Juzu Bracelet"},{"floor":26.0,"key":"Oddly Smooth Stone"},{"floor":40,"key":"Dream Catcher"},{"floor":43,"key":"Torii"},{"floor":50,"key":"Pen Nib"}],"event_choices":[{"damage_healed":0.0,"max_hp_gain":0.0,"max_hp_loss":0.0,"gold_gain":75.0,"event_name":"World of Goop","player_choice":"Gather Gold","floor":3.0,"gold_loss":0.0,"damage_taken":11.0},{"cards_removed":["Strike_G"],"damage_healed":0.0,"max_hp_gain":0.0,"max_hp_loss":0.0,"gold_gain":0.0,"event_name":"The Cleric","player_choice":"Card Removal","floor":4.0,"gold_loss":75.0,"damage_taken":0.0},{"damage_healed":0.0,"max_hp_gain":0.0,"max_hp_loss":0.0,"gold_gain":0.0,"event_name":"Masked Bandits","player_choice":"Paid Fearfully","floor":21.0,"gold_loss":90.0,"damage_taken":0.0},{"damage_healed":0.0,"max_hp_gain":0.0,"max_hp_loss":0.0,"gold_gain":0.0,"cards_transformed":["Strike_G"],"event_name":"Transmorgrifier","player_choice":"Transformed","floor":22.0,"gold_loss":0.0,"damage_taken":0.0,"cards_obtained":["Backstab"]},{"damage_healed":0,"gold_gain":0,"player_choice":"Ignored","damage_taken":0,"max_hp_gain":0,"max_hp_loss":0,"event_name":"The Mausoleum","floor":27,"gold_loss":0},{"damage_healed":0,"gold_gain":0,"player_choice":"Upgraded","damage_taken":0,"max_hp_gain":0,"max_hp_loss":0,"event_name":"Upgrade Shrine","floor":29,"gold_loss":0,"cards_upgraded":["Noxious Fumes"]},{"damage_healed":0,"gold_gain":0,"player_choice":"Upgrade","damage_taken":0,"relics_obtained":["Mark of the Bloom"],"max_hp_gain":0,"max_hp_loss":0,"event_name":"MindBloom","floor":36,"gold_loss":0,"cards_upgraded":["Well Laid Plans","Adrenaline","Backstab","PiercingWail","Heel Hook","Acrobatics","Terror","Distraction","Adrenaline","Crippling Poison"]},{"cards_removed":["Heel Hook"],"damage_healed":0,"gold_gain":0,"player_choice":"Removed Attack","damage_taken":0,"max_hp_gain":0,"max_hp_loss":0,"event_name":"Falling","floor":39,"gold_loss":0},{"cards_removed":["Bouncing Flask"],"damage_healed":0,"gold_gain":0,"player_choice":"Upgrade and Remove","damage_taken":0,"max_hp_gain":0,"max_hp_loss":0,"event_name":"Designer","floor":41,"gold_loss":110,"cards_upgraded":["Acrobatics"]},{"damage_healed":0,"gold_gain":0,"player_choice":"Took Portal","damage_taken":0,"max_hp_gain":0,"max_hp_loss":0,"event_name":"SecretPortal","floor":44,"gold_loss":0}],"is_beta":false,"boss_relics":[{"not_picked":["Lizard Tail","Sozu"],"picked":"Runic Pyramid"},{"not_picked":["WristBlade","Coffee Dripper"],"picked":"Pandora\u0027s Box"}],"items_purged_floors":[5,19,49],"is_endless":false,"potions_floor_spawned":[7,14,16,24,25,35,37,40],"ascension_level":20}