{"gold_per_floor":[117,192,192,467,480,511,534,546],"floor_reached":8,"playtime":108,"items_purged":[],"score":142,"play_id":"dcf55838-9885-4c94-aa03-a774b92887ea","local_time":"20190214210528","is_ascension_mode":true,"campfire_choices":[],"neow_cost":"NONE","seed_source_timestamp":180195201809266,"circlet_count":0,"master_deck":["AscendersBane","Defend_G","Defend_G","Defend_G","Defend_G","Defend_G","Strike_G","Strike_G","Strike_G","Strike_G","Survivor","Neutralize","Deadly Poison","Regret","Backflip","Noxious Fumes"],"relics":["Ring of the Snake","NeowsBlessing","MawBank"],"potions_floor_usage":[7],"damage_taken":[{"damage":0,"enemies":"Jaw Worm","floor":1,"turns":1},{"damage":0,"enemies":"2 Louse","floor":5,"turns":1},{"damage":0,"enemies":"Gremlin Nob","floor":6,"turns":1},{"damage":6,"enemies":"Small Slimes","floor":7,"turns":4},{"damage":33,"enemies":"Gremlin Gang","floor":8,"turns":3}],"seed_played":"-1099806402217854699","potions_obtained":[{"floor":7,"key":"Fruit Juice"}],"is_trial":false,"path_per_floor":["M","?","?","?","M","E","M","M"],"character_chosen":"THE_SILENT","items_purchased":[],"campfire_rested":0,"item_purchase_floors":[],"current_hp_per_floor":[59,48,41,41,41,41,40,7],"gold":546,"neow_bonus":"THREE_ENEMY_KILL","is_prod":false,"is_daily":false,"chose_seed":false,"campfire_upgraded":0,"win_rate":0,"timestamp":1550149528,"path_taken":["M","?","?","?","M","E","M","M"],"build_version":"2019-01-23","purchased_purges":0,"victory":false,"max_hp_per_floor":[66,66,66,66,66,66,71,71],"card_choices":[{"not_picked":["Outmaneuver","Quick Slash"],"picked":"Deadly Poison","floor":1},{"not_picked":["Blade Dance","Backstab"],"picked":"Backflip","floor":5},{"not_picked":["Well Laid Plans","Caltrops"],"picked":"Noxious Fumes","floor":6},{"not_picked":["Poisoned Stab","Choke","Endless Agony"],"picked":"SKIP","floor":7}],"player_experience":748308,"relics_obtained":[{"floor":6,"key":"MawBank"}],"event_choices":[{"damage_healed":0,"gold_gain":75,"player_choice":"Gather Gold","damage_taken":11,"max_hp_gain":0,"max_hp_loss":0,"event_name":"World of Goop","floor":2,"gold_loss":0},{"cards_removed":["Strike_G"],"damage_healed":0,"gold_gain":0,"player_choice":"Card Removal","damage_taken":7,"max_hp_gain":0,"max_hp_loss":0,"event_name":"Golden Wing","floor":3,"gold_loss":0},{"damage_healed":0,"gold_gain":275,"player_choice":"Desecrate","damage_taken":0,"max_hp_gain":0,"max_hp_loss":0,"event_name":"Golden Shrine","floor":4,"gold_loss":0,"cards_obtained":["Regret"]}],"is_beta":false,"boss_relics":[],"items_purged_floors":[],"is_endless":false,"potions_floor_spawned":[7],"killed_by":"Gremlin Gang","ascension_level":15}