{"gold_per_floor":[112,130,150,150,75,75,75,75,75,110,126,126,144,176,176,252,252,271,283,283,294,305,305,324,324,324,249,249,249,305,324,324,402,402,417,431,431,232,232,232,266,281,581,581,581,398,408,420,420,420],"floor_reached":50,"playtime":1914,"items_purged":["Strike_R","Decay","Bash"],"score":1004,"play_id":"a2776326-b467-448f-b05b-17c372ac7c91","local_time":"20190418133045","is_ascension_mode":true,"campfire_choices":[{"data":"Carnage","floor":6.0,"key":"SMITH"},{"data":"Armaments","floor":8.0,"key":"SMITH"},{"data":"True Grit","floor":15.0,"key":"SMITH"},{"data":"Uppercut","floor":23.0,"key":"SMITH"},{"floor":25.0,"key":"RECALL"},{"data":"Immolate","floor":29.0,"key":"SMITH"},{"data":"Evolve","floor":32.0,"key":"SMITH"},{"floor":40.0,"key":"DIG"},{"data":"Deep Breath","floor":49,"key":"SMITH"}],"neow_cost":"PERCENT_DAMAGE","seed_source_timestamp":2926372668962,"circlet_count":0,"master_deck":["AscendersBane","Strike_R","Strike_R","Defend_R","Defend_R","Defend_R","Defend_R","Armaments+1","Carnage+1","Rampage","Evolve+1","True Grit+1","Fiend Fire","Power Through+1","Uppercut+1","Dropkick+1","Reaper","Offering","Shockwave","Deep Breath+1","Rage","Entrench","Shrug It Off","Bloodletting"],"special_seed":0,"relics":["Burning Blood","Nunchaku","Kunai","Ancient Tea Set","Magic Flower","Cursed Key","Enchiridion","Thread and Needle","Tiny Chest","Philosopher\u0027s Stone","Shovel","Anchor","Boot","Old Coin"],"potions_floor_usage":[],"damage_taken":[{"damage":6.0,"enemies":"Cultist","floor":1.0,"turns":3.0},{"damage":8.0,"enemies":"Small Slimes","floor":2.0,"turns":6.0},{"damage":7.0,"enemies":"Jaw Worm","floor":3.0,"turns":4.0},{"damage":12.0,"enemies":"Lagavulin","floor":10.0,"turns":6.0},{"damage":0.0,"enemies":"Large Slime","floor":11.0,"turns":4.0},{"damage":8.0,"enemies":"Blue Slaver","floor":13.0,"turns":4.0},{"damage":32.0,"enemies":"Gremlin Nob","floor":14.0,"turns":4.0},{"damage":7.0,"enemies":"Hexaghost","floor":16.0,"turns":8.0},{"damage":17.0,"enemies":"Shell Parasite","floor":18.0,"turns":7.0},{"damage":0.0,"enemies":"Chosen","floor":19.0,"turns":3.0},{"damage":2.0,"enemies":"Snake Plant","floor":21.0,"turns":5.0},{"damage":0.0,"enemies":"Centurion and Healer","floor":22.0,"turns":5.0},{"damage":13.0,"enemies":"3 Cultists","floor":24.0,"turns":5.0},{"damage":6.0,"enemies":"Gremlin Leader","floor":30.0,"turns":4.0},{"damage":4.0,"enemies":"Sentry and Sphere","floor":31.0,"turns":5.0},{"damage":31.0,"enemies":"Champ","floor":33.0,"turns":12.0},{"damage":22.0,"enemies":"3 Shapes","floor":35.0,"turns":3.0},{"damage":32.0,"enemies":"3 Darklings","floor":36.0,"turns":4.0},{"damage":13.0,"enemies":"Giant Head","floor":41.0,"turns":8.0},{"damage":47.0,"enemies":"4 Shapes","floor":42.0,"turns":8.0},{"damage":13,"enemies":"Writhing Mass","floor":47,"turns":7},{"damage":45,"enemies":"Sphere and 2 Shapes","floor":48,"turns":9},{"damage":0,"enemies":"Awakened One","floor":50,"turns":1}],"seed_played":"8454909495365193950","potions_obtained":[{"floor":3.0,"key":"Swift Potion"},{"floor":10.0,"key":"SpeedPotion"},{"floor":19.0,"key":"Dexterity Potion"},{"floor":21.0,"key":"Block Potion"},{"floor":30.0,"key":"Explosive Potion"},{"floor":36.0,"key":"SteroidPotion"},{"floor":47,"key":"GamblersBrew"}],"is_trial":false,"path_per_floor":["M","M","M","?","$","R","?","R","T","E","M","?","M","E","R","B",null,"M","M","?","M","M","R","M","R","T","?","?","R","E","M","R","B",null,"M","M","T","$","?","R","E","M","T","?","?","$","M","M","R","B"],"character_chosen":"IRONCLAD","items_purchased":["Deep Breath","Shrug It Off"],"campfire_rested":0,"item_purchase_floors":[38,46],"current_hp_per_floor":[50,48,47,47,47,47,52,52,52,46,52,45,43,17,17,19,65,57,66,45,52,61,61,57,57,57,57,57,57,60,65,65,52,73,69,57,57,57,57,57,73,53,53,53,53,53,49,22,22,22],"gold":420,"neow_bonus":"ONE_RARE_RELIC","is_prod":false,"is_daily":false,"chose_seed":false,"campfire_upgraded":7,"win_rate":0,"timestamp":1555565445,"path_taken":["M","M","?","?","$","R","?","R","T","E","M","?","M","E","R","BOSS","M","M","?","M","M","R","M","R","T","?","?","R","E","M","R","BOSS","M","M","?","$","?","R","E","M","T","?","?","$","?","M","R","BOSS"],"build_version":"2019-01-23","purchased_purges":3,"victory":false,"max_hp_per_floor":[75,75,75,75,75,75,80,80,80,80,80,80,80,80,80,80,80,80,80,80,80,80,80,80,80,80,80,80,80,80,80,80,80,80,80,80,80,80,80,80,80,80,80,76,76,76,76,76,76,76],"card_choices":[{"not_picked":["Hemokinesis","Cleave"],"picked":"Armaments","floor":1.0},{"not_picked":["Thunderclap","Clash"],"picked":"Carnage","floor":2.0},{"not_picked":["Thunderclap","Body Slam","Pummel"],"picked":"SKIP","floor":3.0},{"not_picked":["Heavy Blade","Warcry"],"picked":"Rampage","floor":10.0},{"not_picked":["Anger","Warcry"],"picked":"Evolve","floor":11.0},{"not_picked":["Iron Wave","Rupture"],"picked":"True Grit","floor":13.0},{"not_picked":["Metallicize","Headbutt","True Grit"],"picked":"SKIP","floor":14.0},{"not_picked":["Juggernaut","Demon Form"],"picked":"Fiend Fire","floor":16.0},{"not_picked":["Disarm","Clothesline+1"],"picked":"Power Through+1","floor":18.0},{"not_picked":["Uppercut","Pommel Strike","Perfected Strike"],"picked":"SKIP","floor":19.0},{"not_picked":["Pommel Strike","Perfected Strike"],"picked":"Uppercut","floor":19.0},{"not_picked":["Twin Strike","Warcry"],"picked":"Dropkick+1","floor":21.0},{"not_picked":["Rampage","Flex","Shrug It Off"],"picked":"SKIP","floor":22.0},{"not_picked":["Warcry","Whirlwind"],"picked":"Immolate","floor":24.0},{"not_picked":["Flame Barrier","Warcry","Flex"],"picked":"SKIP","floor":30.0},{"not_picked":["Perfected Strike","Anger"],"picked":"Reaper","floor":31.0},{"not_picked":["Juggernaut","Exhume"],"picked":"Offering","floor":33.0},{"not_picked":["Warcry","Pommel Strike"],"picked":"Shockwave","floor":35.0},{"not_picked":["Wild Strike","Combust","Havoc"],"picked":"SKIP","floor":36.0},{"not_picked":["Ghostly Armor","Hemokinesis"],"picked":"Rage","floor":41.0},{"not_picked":["Havoc","Headbutt"],"picked":"Entrench","floor":42.0},{"not_picked":["Sword Boomerang","Perfected Strike","Ghostly Armor"],"picked":"SKIP","floor":47},{"not_picked":["Clothesline","Body Slam","Bloodletting"],"picked":"SKIP","floor":48},{"not_picked":["Clothesline","Body Slam"],"picked":"Bloodletting","floor":48}],"player_experience":4375494,"relics_obtained":[{"floor":9.0,"key":"Kunai"},{"floor":10.0,"key":"Ancient Tea Set"},{"floor":14.0,"key":"Magic Flower"},{"floor":20.0,"key":"Enchiridion"},{"floor":30.0,"key":"Tiny Chest"},{"floor":37.0,"key":"Shovel"},{"floor":40.0,"key":"Anchor"},{"floor":41.0,"key":"Boot"},{"floor":43.0,"key":"Old Coin"}],"event_choices":[{"cards_removed":["Strike_R"],"damage_healed":0.0,"max_hp_gain":0.0,"max_hp_loss":0.0,"gold_gain":0.0,"event_name":"Living Wall","player_choice":"Forget","floor":4.0,"gold_loss":0.0,"damage_taken":0.0},{"damage_healed":0.0,"max_hp_gain":5.0,"max_hp_loss":0.0,"gold_gain":0.0,"event_name":"Big Fish","player_choice":"Donut","floor":7.0,"gold_loss":0.0,"damage_taken":0.0},{"cards_removed":["Strike_R"],"damage_healed":0.0,"max_hp_gain":0.0,"max_hp_loss":0.0,"gold_gain":0.0,"event_name":"Golden Wing","player_choice":"Card Removal","floor":12.0,"gold_loss":0.0,"damage_taken":7.0},{"damage_healed":0.0,"max_hp_gain":0.0,"max_hp_loss":0.0,"gold_gain":0.0,"event_name":"Cursed Tome","player_choice":"Obtained Book","floor":20.0,"gold_loss":0.0,"damage_taken":21.0},{"cards_removed":["Shame"],"damage_healed":0.0,"max_hp_gain":0.0,"max_hp_loss":0.0,"gold_gain":0.0,"event_name":"Beggar","player_choice":"Gave Gold","floor":27.0,"gold_loss":75.0,"damage_taken":0.0},{"damage_healed":0.0,"max_hp_gain":0.0,"max_hp_loss":0.0,"gold_gain":0.0,"event_name":"WeMeetAgain","player_choice":"Gave Potion","floor":28.0,"gold_loss":0.0,"damage_taken":0.0,"relics_obtained":["Thread and Needle"]},{"cards_removed":["Immolate"],"damage_healed":0.0,"max_hp_gain":0.0,"max_hp_loss":0.0,"gold_gain":0.0,"event_name":"Falling","player_choice":"Removed Attack","floor":39.0,"gold_loss":0.0,"damage_taken":0.0},{"damage_healed":0.0,"max_hp_gain":0.0,"max_hp_loss":4.0,"gold_gain":0.0,"event_name":"Winding Halls","player_choice":"Max HP","floor":44.0,"gold_loss":0.0,"damage_taken":0.0},{"cards_removed":["Normality"],"damage_healed":0.0,"max_hp_gain":0.0,"max_hp_loss":0.0,"gold_gain":0.0,"event_name":"Purifier","player_choice":"Purged","floor":45.0,"gold_loss":0.0,"damage_taken":0.0}],"is_beta":false,"boss_relics":[{"not_picked":["Fusion Hammer","Snecko Eye"],"picked":"Cursed Key"},{"not_picked":["Black Star","Lizard Tail"],"picked":"Philosopher\u0027s Stone"}],"items_purged_floors":[5,38,46],"is_endless":false,"potions_floor_spawned":[3,10,14,19,21,30,33,36,42,47],"killed_by":"Awakened One","ascension_level":20}