{"gold_per_floor":[115,40,54,54,64,64,91,110,110,210,224,234,234,265,265,361,361,377,377,122,137,164,164,181,181,251,251,279,5,5,17,17,116,116,136,136,154,4,16,16,30,30,104,104,104,104,104,115,115,115],"floor_reached":51,"playtime":2555,"items_purged":["Defend_G","Strike_G","Defend_G","Defend_G"],"score":995,"play_id":"6f9b33fe-d226-4986-a54a-a36106d339d4","local_time":"20181009182803","is_ascension_mode":true,"campfire_choices":[{"data":"Deadly Poison","floor":6,"key":"SMITH"},{"data":"Poisoned Stab","floor":13,"key":"SMITH"},{"data":"Neutralize","floor":15,"key":"SMITH"},{"data":"Catalyst","floor":23,"key":"SMITH"},{"data":"Bouncing Flask","floor":25,"key":"SMITH"},{"data":"Corpse Explosion","floor":27,"key":"SMITH"},{"data":"Wraith Form v2","floor":30,"key":"SMITH"},{"data":"Well Laid Plans","floor":32,"key":"SMITH"},{"data":"After Image","floor":40,"key":"SMITH"},{"data":"Adrenaline","floor":42,"key":"SMITH"},{"data":"Concentrate","floor":44,"key":"SMITH"},{"data":"Impatience","floor":47,"key":"SMITH"},{"data":"Impatience","floor":49,"key":"SMITH"}],"neow_cost":"TEN_PERCENT_HP_LOSS","seed_source_timestamp":26003361441039,"circlet_count":0,"master_deck":["Defend_G+1","Strike_G+1","Strike_G+1","Survivor+1","Neutralize+1","Backstab+1","Concentrate+1","Escape Plan+1","Poisoned Stab+1","Deadly Poison+1","Adrenaline+1","Die Die Die+1","Catalyst+1","Backstab+1","Backflip+1","All Out Attack+1","Corpse Explosion+1","Bouncing Flask+1","Backflip+1","Wraith Form v2+1","Well Laid Plans+1","After Image+1","Deadly Poison+1","Catalyst+1","Impatience+1","Impatience+1"],"relics":["Ring of the Snake","Happy Flower","Meat on the Bone","Ornamental Fan","Orrery","Bag of Preparation","Lantern","Paper Crane","Philosopher\u0027s Stone","Gremlin Horn","Mark of the Bloom"],"potions_floor_usage":[14,16,21],"damage_taken":[{"damage":1,"enemies":"2 Louse","floor":1,"turns":4},{"damage":0,"enemies":"Jaw Worm","floor":3,"turns":4},{"damage":6,"enemies":"Small Slimes","floor":5,"turns":3},{"damage":24,"enemies":"3 Sentries","floor":7,"turns":8},{"damage":1,"enemies":"Red Slaver","floor":8,"turns":3},{"damage":0,"enemies":"Blue Slaver","floor":11,"turns":3},{"damage":6,"enemies":"Looter","floor":12,"turns":3},{"damage":20,"enemies":"Gremlin Nob","floor":14,"turns":3},{"damage":28,"enemies":"Slime Boss","floor":16,"turns":13},{"damage":0,"enemies":"3 Byrds","floor":18,"turns":5},{"damage":0,"enemies":"2 Thieves","floor":21,"turns":1},{"damage":12,"enemies":"Snecko","floor":24,"turns":4},{"damage":4,"enemies":"Book of Stabbing","floor":28,"turns":2},{"damage":1,"enemies":"Centurion and Healer","floor":31,"turns":2},{"damage":4,"enemies":"Collector","floor":33,"turns":5},{"damage":0,"enemies":"3 Darklings","floor":35,"turns":2},{"damage":0,"enemies":"Orb Walker","floor":37,"turns":3},{"damage":0,"enemies":"Spire Growth","floor":39,"turns":4},{"damage":0,"enemies":"Transient","floor":41,"turns":5},{"damage":0,"enemies":"4 Shapes","floor":48,"turns":2},{"damage":0,"enemies":"Donu and Deca","floor":50,"turns":4}],"seed_played":"-1879208944313884342","potions_obtained":[{"floor":7,"key":"FearPotion"},{"floor":8,"key":"SpeedPotion"},{"floor":11,"key":"GamblersBrew"},{"floor":16,"key":"Energy Potion"},{"floor":18,"key":"SkillPotion"},{"floor":33,"key":"GamblersBrew"}],"is_trial":false,"path_per_floor":["M","$","M","?","M","R","E","M","T","?","M","M","R","E","R","B",null,"M","?","$","M","T","R","M","R","T","R","E","$","R","M","R","B",null,"M","$","M","$","M","R","M","R","T","R","?","?","R","M","R","B"],"character_chosen":"THE_SILENT","items_purchased":["Bag of Preparation","Wraith Form v2"],"campfire_rested":0,"item_purchase_floors":[20,29],"current_hp_per_floor":[62,62,62,55,49,49,25,24,24,24,36,42,42,34,34,18,52,52,52,52,52,52,52,40,40,40,40,36,36,36,35,35,43,58,58,58,58,58,58,58,58,58,58,58,58,48,48,48,48,48],"gold":115,"neow_bonus":"TRANSFORM_TWO_CARDS","is_prod":false,"is_daily":false,"chose_seed":false,"campfire_upgraded":13,"win_rate":1,"timestamp":1539080883,"path_taken":["M","$","M","?","M","R","E","M","T","?","M","M","R","E","R","BOSS","M","?","?","M","?","R","M","R","T","R","E","$","R","?","R","BOSS","M","$","M","$","M","R","M","R","T","R","?","?","R","M","R","BOSS"],"build_version":"2018-10-04v2","purchased_purges":4,"victory":true,"max_hp_per_floor":[63,63,63,63,63,63,63,63,63,63,63,63,63,63,63,63,63,63,63,63,63,63,63,63,63,63,63,63,63,63,63,63,63,63,63,63,63,63,63,63,63,63,63,63,63,63,63,63,63,63],"card_choices":[{"not_picked":["Slice","Masterful Stab"],"picked":"Escape Plan","floor":1},{"not_picked":["Expertise","Prepared"],"picked":"Poisoned Stab","floor":3},{"not_picked":["Setup","Dagger Throw"],"picked":"Deadly Poison","floor":5},{"not_picked":["Calculated Gamble","Acrobatics","Poisoned Stab"],"picked":"SKIP","floor":7},{"not_picked":["Prepared","Blade Dance","Underhanded Strike"],"picked":"SKIP","floor":8},{"not_picked":["Quick Slash","Blade Dance","Slice"],"picked":"SKIP","floor":11},{"not_picked":["Grand Finale","Poisoned Stab","Outmaneuver"],"picked":"SKIP","floor":12},{"not_picked":["Leg Sweep","Dagger Throw"],"picked":"Adrenaline","floor":14},{"not_picked":["Bullet Time","Storm of Steel"],"picked":"Die Die Die","floor":16},{"not_picked":["Masterful Stab","Dagger Spray"],"picked":"Catalyst","floor":17},{"not_picked":["Endless Agony","Cloak And Dagger"],"picked":"Backstab","floor":17},{"not_picked":["Predator","Expertise"],"picked":"Backflip","floor":17},{"not_picked":["Slice","Dodge and Roll"],"picked":"All Out Attack","floor":18},{"not_picked":["Dodge and Roll+1","Accuracy"],"picked":"Bouncing Flask","floor":21},{"not_picked":["Bane","Dagger Throw+1"],"picked":"Backflip","floor":24},{"not_picked":["Underhanded Strike","Skewer","Caltrops+1"],"picked":"SKIP","floor":28},{"not_picked":["Deadly Poison","Choke"],"picked":"Well Laid Plans","floor":31},{"not_picked":["Grand Finale","Bullet Time"],"picked":"After Image","floor":33},{"not_picked":["Dodge and Roll","Flechettes","Dagger Throw"],"picked":"SKIP","floor":35},{"not_picked":["Finisher+1","Flechettes+1","Poisoned Stab"],"picked":"SKIP","floor":37},{"not_picked":["Poisoned Stab","Quick Slash"],"picked":"Deadly Poison+1","floor":39},{"not_picked":["Cloak And Dagger","Blade Dance"],"picked":"Catalyst+1","floor":41},{"not_picked":["PanicButton","Mind Blast"],"picked":"Impatience","floor":46},{"not_picked":["Jack Of All Trades","Enlightenment"],"picked":"Impatience","floor":46},{"not_picked":["Riddle With Holes+1","Poisoned Stab+1","PiercingWail"],"picked":"SKIP","floor":48}],"player_experience":48522,"relics_obtained":[{"floor":7,"key":"Happy Flower"},{"floor":9,"key":"Meat on the Bone"},{"floor":14,"key":"Ornamental Fan"},{"floor":22,"key":"Lantern"},{"floor":28,"key":"Paper Crane"},{"floor":43,"key":"Gremlin Horn"}],"event_choices":[{"event_name":"Golden Wing","player_choice":"Card Removal","floor":4,"damage_taken":0},{"event_name":"Golden Shrine","player_choice":"Pray","floor":10,"damage_taken":0},{"event_name":"The Library","player_choice":"Read","floor":19,"damage_taken":0},{"event_name":"MindBloom","player_choice":"Upgrade","floor":45,"damage_taken":0},{"event_name":"SensoryStone","player_choice":"Memory 3","floor":46,"damage_taken":0}],"is_beta":false,"boss_relics":[{"not_picked":["HoveringKite","White Beast Statue"],"picked":"Orrery"},{"not_picked":["Astrolabe","Tiny House"],"picked":"Philosopher\u0027s Stone"}],"items_purged_floors":[2,20,29,38],"is_endless":false,"potions_floor_spawned":[7,8,11,12,16,18,33,35,39,41],"ascension_level":7}