{"gold_per_floor":[117,192,80,355,13,43,62,75,100,110,110,110,110,110,110,184,184,200,200,180,191,191,216,216,249,272,307,319,331],"floor_reached":29,"playtime":708,"items_purged":["Strike_G","Regret"],"score":704,"play_id":"4b5b9896-7c36-4cce-b8e5-cdf500a4a4c9","local_time":"20190720015828","is_ascension_mode":true,"campfire_choices":[{"data":"Well Laid Plans","floor":11.0,"key":"SMITH"},{"data":"Calculated Gamble","floor":13.0,"key":"SMITH"},{"data":"Predator","floor":15.0,"key":"SMITH"},{"data":"Tactician","floor":24.0,"key":"SMITH"},{"data":"Burst","floor":28,"key":"SMITH"}],"neow_cost":"NONE","seed_source_timestamp":321448141042047,"circlet_count":0,"master_deck":["AscendersBane","Survivor","Neutralize","Catalyst","Calculated Gamble+1","Well Laid Plans+1","All Out Attack","Predator+1","Infinite Blades","Corpse Explosion","Venomology","Footwork","Burst+1","Masterful Stab","Well Laid Plans","Accuracy","Calculated Gamble","Tactician+1","Backflip","Escape Plan","Calculated Gamble+1"],"special_seed":0,"relics":["Ring of the Snake","NeowsBlessing","Snake Skull","Bag of Marbles","Pandora\u0027s Box","Blood Vial","Oddly Smooth Stone","MawBank"],"potions_floor_usage":[27,27],"damage_taken":[{"damage":0.0,"enemies":"2 Louse","floor":1.0,"turns":1.0},{"damage":0.0,"enemies":"Lagavulin","floor":6.0,"turns":1.0},{"damage":0.0,"enemies":"Jaw Worm","floor":7.0,"turns":1.0},{"damage":0.0,"enemies":"Cultist","floor":8.0,"turns":4.0},{"damage":0.0,"enemies":"Blue Slaver","floor":10.0,"turns":8.0},{"damage":0.0,"enemies":"Slime Boss","floor":16.0,"turns":7.0},{"damage":16.0,"enemies":"Spheric Guardian","floor":18.0,"turns":5.0},{"damage":2.0,"enemies":"Chosen","floor":21.0,"turns":6.0},{"damage":22.0,"enemies":"Gremlin Leader","floor":23.0,"turns":5.0},{"damage":3.0,"enemies":"Book of Stabbing","floor":25.0,"turns":4.0},{"damage":13,"enemies":"Slavers","floor":27,"turns":2},{"damage":13,"enemies":"Snake Plant","floor":29,"turns":1}],"seed_played":"-604783613379400076","potions_obtained":[{"floor":6.0,"key":"SkillPotion"},{"floor":7.0,"key":"Explosive Potion"},{"floor":18.0,"key":"Explosive Potion"},{"floor":20.0,"key":"Ancient Potion"},{"floor":23.0,"key":"Fire Potion"},{"floor":25.0,"key":"Strength Potion"}],"is_trial":false,"path_per_floor":["M","?","$","?","$","E","M","M","T","M","R","?","R","?","R","B",null,"M","?","?","M","?","E","R","E","T","E","R","M"],"character_chosen":"THE_SILENT","items_purchased":["Calculated Gamble","Well Laid Plans","Snake Skull"],"campfire_rested":0,"item_purchase_floors":[3,5,5],"current_hp_per_floor":[59,48,48,48,48,48,48,48,48,48,48,48,48,41,41,41,60,44,44,44,42,42,20,20,17,17,6,6,0],"gold":331,"neow_bonus":"THREE_ENEMY_KILL","is_prod":false,"is_daily":false,"chose_seed":false,"campfire_upgraded":5,"win_rate":0,"timestamp":1563555508,"path_taken":["M","?","?","?","$","E","?","M","T","M","R","?","R","?","R","BOSS","M","?","?","?","?","E","R","E","T","E","R","M"],"build_version":"2019-07-17","purchased_purges":2,"victory":false,"max_hp_per_floor":[66,66,66,66,66,66,66,66,66,66,66,66,66,66,66,66,66,66,66,66,66,66,66,66,66,66,66,66,66],"card_choices":[{"not_picked":["Underhanded Strike","Dagger Throw"],"picked":"Catalyst","floor":1.0},{"not_picked":["Poisoned Stab","Terror","Concentrate"],"picked":"SKIP","floor":6.0},{"not_picked":["Endless Agony","Dagger Spray"],"picked":"All Out Attack","floor":7.0},{"not_picked":["Eviscerate","Distraction","Prepared"],"picked":"SKIP","floor":8.0},{"not_picked":["Finisher","Distraction"],"picked":"Predator","floor":10.0},{"not_picked":["Envenom","Venomology"],"picked":"Corpse Explosion","floor":16.0},{"not_picked":["Masterful Stab+1","Blade Dance","Prepared"],"picked":"SKIP","floor":18.0},{"not_picked":["Masterful Stab","Backstab"],"picked":"Calculated Gamble","floor":21.0},{"not_picked":["Tactician","Deflect"],"picked":"Backflip","floor":23.0},{"not_picked":["Deflect","Caltrops+1"],"picked":"Escape Plan","floor":25.0},{"not_picked":["Cloak And Dagger","Dagger Throw"],"picked":"Calculated Gamble+1","floor":27}],"player_experience":642740,"relics_obtained":[{"floor":6.0,"key":"Bag of Marbles"},{"floor":25.0,"key":"Blood Vial"},{"floor":26.0,"key":"Oddly Smooth Stone"},{"floor":27,"key":"MawBank"}],"event_choices":[{"damage_healed":0.0,"max_hp_gain":0.0,"max_hp_loss":0.0,"gold_gain":75.0,"event_name":"World of Goop","player_choice":"Gather Gold","floor":2.0,"gold_loss":0.0,"damage_taken":11.0},{"damage_healed":0.0,"max_hp_gain":0.0,"max_hp_loss":0.0,"gold_gain":275.0,"event_name":"Golden Shrine","player_choice":"Desecrate","floor":4.0,"gold_loss":0.0,"damage_taken":0.0,"cards_obtained":["Regret"]},{"damage_healed":0.0,"max_hp_gain":0.0,"max_hp_loss":0.0,"gold_gain":0.0,"cards_transformed":["Strike_G"],"event_name":"Living Wall","player_choice":"Change","floor":12.0,"gold_loss":0.0,"damage_taken":0.0,"cards_obtained":["Infinite Blades"]},{"cards_removed":["Strike_G"],"damage_healed":0.0,"max_hp_gain":0.0,"max_hp_loss":0.0,"gold_gain":0.0,"event_name":"Golden Wing","player_choice":"Card Removal","floor":14.0,"gold_loss":0.0,"damage_taken":7.0},{"cards_removed":["Outmaneuver"],"damage_healed":0.0,"max_hp_gain":0.0,"max_hp_loss":0.0,"gold_gain":0.0,"event_name":"Back to Basics","player_choice":"Elegance","floor":19.0,"gold_loss":0.0,"damage_taken":0.0},{"damage_healed":0.0,"max_hp_gain":0.0,"max_hp_loss":0.0,"gold_gain":0.0,"event_name":"The Woman in Blue","player_choice":"Bought 1 Potion","floor":20.0,"gold_loss":0.0,"damage_taken":0.0},{"damage_healed":0.0,"max_hp_gain":0.0,"max_hp_loss":0.0,"gold_gain":0.0,"event_name":"The Library","player_choice":"Read","floor":22.0,"gold_loss":0.0,"damage_taken":0.0,"cards_obtained":["Tactician"]}],"is_beta":false,"boss_relics":[{"not_picked":["Orrery","Runic Dome"],"picked":"Pandora\u0027s Box"}],"items_purged_floors":[3,5],"is_endless":false,"potions_floor_spawned":[6,7,10,18,23,25],"killed_by":"Snake Plant","ascension_level":20}