{"gold_per_floor":[114,124,43,43,59,59,89,89,112,123,58,71,71,102,102,178,178,148,73,73,32,51,51,51],"floor_reached":24,"playtime":988,"items_purged":["Strike_R"],"score":433,"play_id":"0fbb1a37-7d5d-400c-b957-7ced25eb5545","local_time":"20190413211102","is_ascension_mode":true,"campfire_choices":[{"data":"True Grit","floor":6.0,"key":"SMITH"},{"data":"Wild Strike","floor":13.0,"key":"SMITH"},{"floor":15,"key":"REST"},{"data":"Barricade","floor":23,"key":"SMITH"}],"neow_cost":"PERCENT_DAMAGE","seed_source_timestamp":33034383244941,"circlet_count":0,"master_deck":["AscendersBane","Strike_R","Strike_R","Strike_R","Strike_R","Defend_R","Defend_R","Defend_R","Defend_R","Bash","Feed","Second Wind","Shrug It Off","Evolve","True Grit+1","Limit Break","Wild Strike+1","Bloodletting","Barricade+1","Power Through","Evolve+1"],"special_seed":0,"relics":["Burning Blood","Anchor","Blood Vial","Ginger","Velvet Choker","Nilry\u0027s Codex"],"potions_floor_usage":[14,16,16,16,24],"damage_taken":[{"damage":11.0,"enemies":"2 Louse","floor":1.0,"turns":3.0},{"damage":23.0,"enemies":"Jaw Worm","floor":2.0,"turns":7.0},{"damage":4.0,"enemies":"Small Slimes","floor":5.0,"turns":4.0},{"damage":30.0,"enemies":"3 Sentries","floor":7.0,"turns":18.0},{"damage":12.0,"enemies":"Blue Slaver","floor":10.0,"turns":6.0},{"damage":3.0,"enemies":"2 Fungi Beasts","floor":12.0,"turns":6.0},{"damage":26,"enemies":"Lagavulin","floor":14,"turns":8},{"damage":59,"enemies":"Slime Boss","floor":16,"turns":15},{"damage":12,"enemies":"2 Thieves","floor":18,"turns":4},{"damage":36,"enemies":"Spheric Guardian","floor":22,"turns":10},{"damage":19,"enemies":"Slavers","floor":24,"turns":3}],"seed_played":"7457211223062308210","potions_obtained":[{"floor":1.0,"key":"SpeedPotion"},{"floor":2.0,"key":"PowerPotion"},{"floor":5.0,"key":"EntropicBrew"},{"floor":16,"key":"EssenceOfSteel"},{"floor":18,"key":"Energy Potion"}],"is_trial":false,"path_per_floor":["M","M","$","?","M","R","E","?","T","M","?","M","R","E","R","B",null,"M","$","?","$","M","R","E"],"character_chosen":"IRONCLAD","items_purchased":["Evolve","Power Through"],"campfire_rested":1,"item_purchase_floors":[3,21],"current_hp_per_floor":[48,34,34,39,44,44,23,23,23,22,22,30,30,15,45,9,78,77,77,56,56,28,28,11],"gold":51,"neow_bonus":"THREE_RARE_CARDS","is_prod":false,"is_daily":false,"chose_seed":false,"campfire_upgraded":3,"win_rate":0,"timestamp":1555161062,"path_taken":["M","M","$","?","M","R","E","?","T","M","?","M","R","E","R","BOSS","M","$","?","$","M","R","E"],"build_version":"2019-01-23","purchased_purges":1,"victory":false,"max_hp_per_floor":[78,81,81,86,89,89,92,92,92,95,95,98,98,101,101,101,101,104,104,104,104,104,104,104],"card_choices":[{"not_picked":["Fiend Fire","Reaper"],"picked":"Feed","floor":0.0},{"not_picked":["Thunderclap","Flame Barrier"],"picked":"Second Wind","floor":1.0},{"not_picked":["Thunderclap","Havoc"],"picked":"Shrug It Off","floor":2.0},{"not_picked":["Ghostly Armor","Pommel Strike"],"picked":"True Grit","floor":5.0},{"not_picked":["Thunderclap","Pummel","Anger"],"picked":"SKIP","floor":7.0},{"not_picked":["Heavy Blade","Hemokinesis"],"picked":"Limit Break","floor":10.0},{"not_picked":["Hemokinesis","Heavy Blade"],"picked":"Wild Strike","floor":12.0},{"not_picked":["Heavy Blade","Cleave"],"picked":"Bloodletting","floor":14},{"not_picked":["Brutality","Exhume"],"picked":"Barricade","floor":16},{"not_picked":["Thunderclap","Warcry","Cleave+1"],"picked":"SKIP","floor":18},{"not_picked":["Seeing Red","Carnage+1"],"picked":"Evolve+1","floor":22}],"player_experience":4256705,"relics_obtained":[{"floor":7.0,"key":"Anchor"},{"floor":9.0,"key":"Blood Vial"},{"floor":14,"key":"Ginger"},{"floor":20,"key":"Nilry\u0027s Codex"}],"event_choices":[{"damage_healed":0.0,"max_hp_gain":5.0,"max_hp_loss":0.0,"gold_gain":0.0,"event_name":"Big Fish","player_choice":"Donut","floor":4.0,"gold_loss":0.0,"damage_taken":0.0},{"damage_healed":0.0,"max_hp_gain":0.0,"max_hp_loss":0.0,"gold_gain":0.0,"event_name":"Shining Light","player_choice":"Ignored","floor":8.0,"gold_loss":0.0,"damage_taken":0.0},{"damage_healed":0.0,"max_hp_gain":0.0,"max_hp_loss":0.0,"gold_gain":0.0,"event_name":"World of Goop","player_choice":"Left Gold","floor":11.0,"gold_loss":65.0,"damage_taken":0.0},{"damage_healed":0,"gold_gain":0,"player_choice":"Obtained Book","damage_taken":21,"max_hp_gain":0,"max_hp_loss":0,"event_name":"Cursed Tome","floor":20,"gold_loss":0}],"is_beta":false,"boss_relics":[{"not_picked":["Lizard Tail","Ectoplasm"],"picked":"Velvet Choker"}],"items_purged_floors":[19],"is_endless":false,"potions_floor_spawned":[1,2,5,16,18],"killed_by":"Slavers","ascension_level":20}