{"gold_per_floor":[109,121,15,30,42,42,70,70,70,80,80,94,105,140,140,213,213,223,113,132,57,57,57,90,90,90,108,119,119,119,44,44,122,122,142,193,193,293,293,293,325,325,325,325,225,242,242,258,258,258,258,258,258,46,81,81],"floor_reached":57,"playtime":2651,"items_purged":["Eviscerate+1","Doppelganger+1"],"score":3316,"play_id":"ffa97c51-202a-40c4-a036-4e53f4c136bf","local_time":"20190302175134","is_ascension_mode":true,"campfire_choices":[{"data":"Deadly Poison","floor":6.0,"key":"SMITH"},{"data":"Catalyst","floor":8.0,"key":"SMITH"},{"data":"Catalyst","floor":11.0,"key":"SMITH"},{"data":"Strike_G","floor":15.0,"key":"PURGE"},{"data":"Defend_G","floor":23,"key":"PURGE"},{"data":"Defend_G","floor":25,"key":"PURGE"},{"data":"Defend_G","floor":29,"key":"PURGE"},{"data":"Survivor","floor":32,"key":"PURGE"},{"data":"Distraction+1","floor":40,"key":"PURGE"},{"data":"Neutralize+1","floor":42,"key":"PURGE"},{"data":"Backflip+1","floor":44,"key":"PURGE"},{"floor":47,"key":"RECALL"},{"data":"Adrenaline+1","floor":49,"key":"PURGE"},{"data":"Catalyst+1","floor":53,"key":"PURGE"}],"neow_cost":"PERCENT_DAMAGE","seed_source_timestamp":22949458807974,"circlet_count":0,"master_deck":["AscendersBane","Leg Sweep","Well Laid Plans","Catalyst+1","Bouncing Flask+1","Tactician+1","PiercingWail+1","Backflip+1","Acrobatics+1","Escape Plan+1","Impatience+1"],"special_seed":0,"relics":["Ring of the Snake","Peace Pipe","Mercury Hourglass","Toxic Egg 2","Bottled Flame","Astrolabe","Vajra","Empty Cage","The Specimen","Turnip","Oddly Smooth Stone","Snake Skull","Medical Kit","Happy Flower"],"potions_floor_usage":[28,50,56],"damage_taken":[{"damage":4.0,"enemies":"Cultist","floor":1.0,"turns":5.0},{"damage":0.0,"enemies":"2 Louse","floor":2.0,"turns":4.0},{"damage":1.0,"enemies":"Small Slimes","floor":4.0,"turns":4.0},{"damage":0.0,"enemies":"Red Slaver","floor":5.0,"turns":4.0},{"damage":21.0,"enemies":"Gremlin Nob","floor":7.0,"turns":4.0},{"damage":4.0,"enemies":"Exordium Wildlife","floor":10.0,"turns":4.0},{"damage":2.0,"enemies":"2 Fungi Beasts","floor":12.0,"turns":3.0},{"damage":1.0,"enemies":"3 Louse","floor":13.0,"turns":3.0},{"damage":6.0,"enemies":"3 Sentries","floor":14.0,"turns":7.0},{"damage":0.0,"enemies":"The Guardian","floor":16.0,"turns":6.0},{"damage":1.0,"enemies":"Chosen","floor":18.0,"turns":4.0},{"damage":0.0,"enemies":"Spheric Guardian","floor":20.0,"turns":2.0},{"damage":24,"enemies":"Book of Stabbing","floor":24,"turns":3},{"damage":0,"enemies":"Snake Plant","floor":27,"turns":3},{"damage":0,"enemies":"Centurion and Healer","floor":28,"turns":4},{"damage":0,"enemies":"Automaton","floor":33,"turns":3},{"damage":0,"enemies":"3 Shapes","floor":35,"turns":3},{"damage":0,"enemies":"2 Orb Walkers","floor":36,"turns":4},{"damage":0,"enemies":"Mind Bloom Boss Battle","floor":38,"turns":3},{"damage":0,"enemies":"Reptomancer","floor":41,"turns":2},{"damage":0,"enemies":"3 Darklings","floor":46,"turns":2},{"damage":0,"enemies":"Spire Growth","floor":48,"turns":2},{"damage":0,"enemies":"Awakened One","floor":50,"turns":6},{"damage":22,"enemies":"Time Eater","floor":51,"turns":4},{"damage":0,"enemies":"Shield and Spear","floor":55,"turns":3},{"damage":0,"enemies":"The Heart","floor":56,"turns":4}],"seed_played":"-3032047868284913162","potions_obtained":[{"floor":1.0,"key":"GamblersBrew"},{"floor":7.0,"key":"Energy Potion"},{"floor":24,"key":"Fire Potion"},{"floor":33,"key":"SpeedPotion"},{"floor":35,"key":"Explosive Potion"},{"floor":48,"key":"GhostInAJar"},{"floor":55,"key":"EssenceOfSteel"}],"is_trial":false,"path_per_floor":["M","M","$","M","M","R","E","R","T","M","R","M","M","E","R","B",null,"M","?","M","$","?","R","E","R","T","M","M","R","?","?","R","B",null,"M","?","?","?","?","R","E","R","T","R","$","M","R","M","R","B","B",null,"R","$","E","B",null],"character_chosen":"THE_SILENT","items_purchased":["Deadly Poison","Fire Potion","Medical Kit"],"campfire_rested":0,"item_purchase_floors":[3,3,54],"current_hp_per_floor":[40,40,40,39,39,39,18,18,18,14,14,12,11,5,5,5,51,50,50,50,50,50,50,26,26,26,26,26,26,26,26,26,26,56,56,56,56,56,46,46,46,46,46,46,46,46,46,46,46,46,24,53,53,53,53,53],"gold":81,"neow_bonus":"ONE_RARE_RELIC","is_prod":false,"is_daily":false,"chose_seed":false,"campfire_upgraded":3,"win_rate":0,"timestamp":1551520294,"path_taken":["M","M","$","M","M","R","E","R","T","M","R","?","?","E","R","BOSS","M","?","?","$","?","R","E","R","T","M","?","R","?","?","R","BOSS","M","?","?","?","?","R","E","R","T","R","?","?","R","M","R","BOSS","BOSS","R","$","E","BOSS"],"build_version":"2019-01-23","purchased_purges":2,"victory":true,"max_hp_per_floor":[66,66,66,66,66,66,66,66,66,66,66,66,66,66,66,66,66,66,66,66,66,66,66,66,66,66,66,66,66,66,66,66,66,66,66,66,63,63,63,63,63,63,63,63,63,63,63,63,63,63,63,63,63,63,63,63],"card_choices":[{"not_picked":["Outmaneuver","Finisher"],"picked":"Catalyst","floor":1.0},{"not_picked":["Dodge and Roll","Quick Slash"],"picked":"Predator","floor":2.0},{"not_picked":["Dodge and Roll","Distraction"],"picked":"Leg Sweep","floor":4.0},{"not_picked":["Outmaneuver","Backflip"],"picked":"Well Laid Plans","floor":5.0},{"not_picked":["PiercingWail","Dash"],"picked":"Catalyst","floor":7.0},{"not_picked":["All Out Attack","Venomology+1"],"picked":"Bouncing Flask+1","floor":10.0},{"not_picked":["Skewer","Dagger Throw"],"picked":"Backflip+1","floor":12.0},{"not_picked":["Footwork","Deadly Poison+1"],"picked":"Tactician+1","floor":13.0},{"not_picked":["Dodge and Roll+1","Storm of Steel+1","Underhanded Strike"],"picked":"SKIP","floor":14.0},{"not_picked":["Grand Finale","Unload"],"picked":"Adrenaline+1","floor":16.0},{"not_picked":["Choke","Crippling Poison+1","Cloak And Dagger+1"],"picked":"SKIP","floor":18.0},{"not_picked":["Flying Knee","Sucker Punch+1","Dash"],"picked":"SKIP","floor":20.0},{"not_picked":["Setup+1","Flying Knee"],"picked":"Acrobatics+1","floor":24},{"not_picked":["Terror+1","Deadly Poison+1","Sucker Punch"],"picked":"SKIP","floor":27},{"not_picked":["Deflect+1","Flying Knee","Dagger Throw"],"picked":"SKIP","floor":28},{"not_picked":["Crippling Poison+1","Slice","Dagger Spray+1"],"picked":"SKIP","floor":35},{"not_picked":["Underhanded Strike","PiercingWail+1"],"picked":"Escape Plan+1","floor":36},{"not_picked":["Metamorphosis+1","Enlightenment+1"],"picked":"Impatience+1","floor":39},{"not_picked":["Prepared+1","All Out Attack","Dodge and Roll+1"],"picked":"SKIP","floor":41},{"not_picked":["Predator","Infinite Blades","Acrobatics+1"],"picked":"SKIP","floor":46},{"not_picked":["Bouncing Flask+1","Catalyst+1","Finisher"],"picked":"SKIP","floor":48},{"not_picked":["Noxious Fumes","Catalyst+1","Dodge and Roll+1"],"picked":"SKIP","floor":55}],"player_experience":3300160,"relics_obtained":[{"floor":7.0,"key":"Mercury Hourglass"},{"floor":9.0,"key":"Toxic Egg 2"},{"floor":14.0,"key":"Bottled Flame"},{"floor":24,"key":"Vajra"},{"floor":36,"key":"The Specimen"},{"floor":38,"key":"Turnip"},{"floor":41,"key":"Oddly Smooth Stone"},{"floor":43,"key":"Snake Skull"},{"floor":55,"key":"Happy Flower"}],"event_choices":[{"cards_removed":["Strike_G"],"damage_healed":0.0,"max_hp_gain":0.0,"max_hp_loss":0.0,"gold_gain":0.0,"event_name":"Designer","player_choice":"Upgrade and Remove","floor":19.0,"gold_loss":110.0,"damage_taken":0.0,"cards_upgraded":["Neutralize"]},{"damage_healed":0,"gold_gain":0,"player_choice":"2 cards matched","damage_taken":0,"max_hp_gain":0,"max_hp_loss":0,"event_name":"Match and Keep!","floor":22,"gold_loss":0,"cards_obtained":["Backflip","Doppelganger"]},{"cards_removed":["Defend_G"],"damage_healed":0,"gold_gain":0,"player_choice":"Elegance","damage_taken":0,"max_hp_gain":0,"max_hp_loss":0,"event_name":"Back to Basics","floor":30,"gold_loss":0},{"cards_removed":["Defend_G"],"damage_healed":0,"gold_gain":0,"player_choice":"Gave Gold","damage_taken":0,"max_hp_gain":0,"max_hp_loss":0,"event_name":"Beggar","floor":31,"gold_loss":75},{"damage_healed":0,"gold_gain":0,"player_choice":"Fight","damage_taken":0,"max_hp_gain":0,"max_hp_loss":0,"event_name":"Mysterious Sphere","floor":36,"gold_loss":0},{"damage_healed":0,"gold_gain":0,"player_choice":"Max HP","damage_taken":0,"max_hp_gain":0,"max_hp_loss":3,"event_name":"Winding Halls","floor":37,"gold_loss":0},{"damage_healed":0,"gold_gain":0,"player_choice":"Fight","damage_taken":0,"max_hp_gain":0,"max_hp_loss":0,"event_name":"MindBloom","floor":38,"gold_loss":0},{"damage_healed":0,"gold_gain":0,"player_choice":"Memory 3","damage_taken":10,"max_hp_gain":0,"max_hp_loss":0,"event_name":"SensoryStone","floor":39,"gold_loss":0}],"is_beta":false,"boss_relics":[{"not_picked":["Eternal Feather","Tiny House"],"picked":"Astrolabe"},{"not_picked":["WristBlade","Orrery"],"picked":"Empty Cage"}],"items_purged_floors":[21,45],"is_endless":false,"potions_floor_spawned":[1,4,7,24,33,35,41,48,55],"ascension_level":20}