{"gold_per_floor":[116,116,132,132,142,142,154,154,154,167,167,180,195,33,33,134,134,144,144,144,44,59,59,79,79,79,79,94,94,105,105,105,203,203,219,235,235,246,121,121,156,156,156,174,174,24,0,15,15,15],"floor_reached":51,"playtime":1445,"items_purged":["Strike_G","Strike_G","Strike_G","Defend_G"],"score":744,"play_id":"1083ebc2-5374-49a2-924a-3af1b4e01062","local_time":"20181018092825","is_ascension_mode":false,"campfire_choices":[{"data":"Poisoned Stab","floor":6.0,"key":"SMITH"},{"data":"Crippling Poison","floor":8.0,"key":"SMITH"},{"data":"All Out Attack","floor":11.0,"key":"SMITH"},{"data":"Catalyst","floor":15.0,"key":"SMITH"},{"data":"Catalyst","floor":23.0,"key":"SMITH"},{"data":"Leg Sweep","floor":25.0,"key":"SMITH"},{"data":"Glass Knife","floor":29.0,"key":"SMITH"},{"data":"Noxious Fumes","floor":32.0,"key":"SMITH"},{"data":"Burst","floor":40.0,"key":"SMITH"},{"data":"Glass Knife","floor":42.0,"key":"SMITH"},{"data":"Ghostly","floor":45,"key":"SMITH"},{"data":"Ghostly","floor":49,"key":"SMITH"}],"neow_cost":"PERCENT_DAMAGE","seed_source_timestamp":2069448977890,"circlet_count":0,"master_deck":["Defend_G","Defend_G","Defend_G","Defend_G","Strike_G","Survivor","Neutralize","Poisoned Stab+1","Crippling Poison+1","All Out Attack+1","Catalyst+1","Leg Sweep+1","Glass Knife+1","Catalyst+1","Well Laid Plans+1","Ghostly+1","Ghostly","Ghostly+1","Ghostly","Ghostly","Noxious Fumes+1","Burst+1","Dash","Glass Knife+1","Backflip+1","Dodge and Roll+1"],"special_seed":0,"relics":["Ring of the Snake","Happy Flower","Velvet Choker","Blue Candle","Sozu","Kunai","Red Mask"],"potions_floor_usage":[50,50,50],"damage_taken":[{"damage":0.0,"enemies":"2 Louse","floor":1.0,"turns":5.0},{"damage":0.0,"enemies":"Cultist","floor":3.0,"turns":6.0},{"damage":0.0,"enemies":"Small Slimes","floor":5.0,"turns":4.0},{"damage":2.0,"enemies":"Looter","floor":7.0,"turns":4.0},{"damage":4.0,"enemies":"Large Slime","floor":10.0,"turns":9.0},{"damage":5.0,"enemies":"Red Slaver","floor":12.0,"turns":5.0},{"damage":0.0,"enemies":"Lots of Slimes","floor":13.0,"turns":2.0},{"damage":7.0,"enemies":"Slime Boss","floor":16.0,"turns":7.0},{"damage":4.0,"enemies":"2 Thieves","floor":18.0,"turns":4.0},{"damage":11.0,"enemies":"Colosseum Slavers","floor":19.0,"turns":3.0},{"damage":6.0,"enemies":"Shell Parasite","floor":22.0,"turns":4.0},{"damage":2.0,"enemies":"Shelled Parasite and Fungi","floor":24.0,"turns":3.0},{"damage":1.0,"enemies":"Chosen and Byrds","floor":28.0,"turns":3.0},{"damage":0.0,"enemies":"3 Cultists","floor":30.0,"turns":5.0},{"damage":16.0,"enemies":"Collector","floor":33.0,"turns":6.0},{"damage":0.0,"enemies":"3 Shapes","floor":35.0,"turns":3.0},{"damage":0.0,"enemies":"Orb Walker","floor":36.0,"turns":3.0},{"damage":0.0,"enemies":"Spire Growth","floor":38.0,"turns":4.0},{"damage":0.0,"enemies":"Nemesis","floor":41.0,"turns":5.0},{"damage":0,"enemies":"Maw","floor":44,"turns":5},{"damage":0,"enemies":"Transient","floor":48,"turns":5},{"damage":24,"enemies":"Awakened One","floor":50,"turns":15}],"seed_played":"6616014056492488780","potions_obtained":[{"floor":5.0,"key":"GamblersBrew"},{"floor":7.0,"key":"Swift Potion"},{"floor":16.0,"key":"PowerPotion"},{"floor":28.0,"key":"Regen Potion"},{"floor":33.0,"key":"LiquidBronze"}],"is_trial":false,"path_per_floor":["M","?","M","?","M","R","M","R","T","M","R","M","M","$","R","B",null,"M","?","?","$","M","R","M","R","T","?","M","R","M","$","R","B",null,"M","M","?","M","$","R","E","R","T","M","R","$","?","M","R","B"],"character_chosen":"THE_SILENT","items_purchased":["Leg Sweep","SteroidPotion"],"campfire_rested":0,"item_purchase_floors":[14,14],"current_hp_per_floor":[63,63,63,63,63,63,61,61,61,57,57,52,52,52,52,45,84,80,69,69,69,63,63,61,61,61,42,41,41,41,41,41,25,42,42,42,42,42,42,42,42,42,42,42,42,42,42,42,42,33],"gold":15,"neow_bonus":"TWENTY_PERCENT_HP_BONUS","is_prod":false,"is_daily":false,"chose_seed":false,"campfire_upgraded":12,"win_rate":0,"timestamp":1539826105,"path_taken":["M","?","M","?","?","R","M","R","T","M","R","M","M","$","R","BOSS","M","?","?","?","M","R","M","R","T","?","M","R","?","$","R","BOSS","M","M","?","?","?","R","E","R","T","M","R","$","?","M","R","BOSS"],"build_version":"2018-10-11","purchased_purges":4,"victory":true,"max_hp_per_floor":[84,84,84,84,84,84,84,84,84,84,84,84,84,84,84,84,84,84,84,84,84,84,84,84,84,84,42,42,42,42,42,42,42,42,42,42,42,42,42,42,42,42,42,42,42,42,42,42,42,42],"card_choices":[{"not_picked":["Dodge and Roll","Sucker Punch","Reflex"],"picked":"SKIP","floor":1.0},{"not_picked":["Choke","Acrobatics","Blade Dance"],"picked":"SKIP","floor":3.0},{"not_picked":["Bane","Choke"],"picked":"Poisoned Stab","floor":5.0},{"not_picked":["PiercingWail","Blade Dance"],"picked":"Crippling Poison","floor":7.0},{"not_picked":["Flying Knee","Underhanded Strike"],"picked":"All Out Attack","floor":10.0},{"not_picked":["Bane","Dodge and Roll","Blur"],"picked":"SKIP","floor":12.0},{"not_picked":["Dash","Underhanded Strike"],"picked":"Catalyst","floor":13.0},{"not_picked":["Bullet Time","Phantasmal Killer"],"picked":"Glass Knife","floor":16.0},{"not_picked":["Prepared","Flechettes","Skewer"],"picked":"SKIP","floor":18.0},{"not_picked":["Backstab+1","Sucker Punch"],"picked":"Well Laid Plans+1","floor":22.0},{"not_picked":["Blade Dance","Caltrops","Escape Plan"],"picked":"SKIP","floor":24.0},{"not_picked":["Riddle With Holes","Reflex+1","Flying Knee"],"picked":"SKIP","floor":28.0},{"not_picked":["Endless Agony","Poisoned Stab+1"],"picked":"Noxious Fumes","floor":30.0},{"not_picked":["After Image","Tools of the Trade"],"picked":"Burst","floor":33.0},{"not_picked":["Dagger Spray","Underhanded Strike+1"],"picked":"Dash","floor":35.0},{"not_picked":["Prepared+1","Acrobatics+1"],"picked":"Glass Knife","floor":36.0},{"not_picked":["Choke+1","Blade Dance+1"],"picked":"Backflip+1","floor":38.0},{"not_picked":["Doppelganger","Bane"],"picked":"Dodge and Roll+1","floor":41.0},{"not_picked":["Backstab+1","Sucker Punch+1","Caltrops+1"],"picked":"SKIP","floor":44},{"not_picked":["PiercingWail","Poisoned Stab","Dagger Throw"],"picked":"SKIP","floor":48}],"player_experience":313161,"relics_obtained":[{"floor":9.0,"key":"Happy Flower"},{"floor":26.0,"key":"Blue Candle"},{"floor":41.0,"key":"Kunai"}],"event_choices":[{"event_name":"Bonfire Elementals","player_choice":"BASIC","floor":2.0,"damage_taken":0.0},{"event_name":"Liars Game","player_choice":"disagreed","floor":4.0,"damage_taken":0.0},{"event_name":"Colosseum","player_choice":"Fight","floor":19.0,"damage_taken":0.0},{"event_name":"Colosseum","player_choice":"Fled From Nobs","floor":19.0,"damage_taken":0.0},{"event_name":"The Library","player_choice":"Read","floor":20.0,"damage_taken":0.0},{"event_name":"Ghosts","player_choice":"Became a Ghost","floor":27.0,"damage_taken":0.0},{"event_name":"SensoryStone","player_choice":"Memory 1","floor":37.0,"damage_taken":0.0},{"event_name":"Tomb of Lord Red Mask","player_choice":"Paid","floor":47,"damage_taken":0}],"is_beta":false,"boss_relics":[{"not_picked":["Empty Cage","Eternal Feather"],"picked":"Velvet Choker"},{"not_picked":["White Beast Statue","HoveringKite"],"picked":"Sozu"}],"items_purged_floors":[14,21,39,46],"is_endless":false,"potions_floor_spawned":[5,7,16,19,28,33,38,41,48],"ascension_level":0}