{"gold_per_floor":[110,123,143,163,113,143,160,160],"floor_reached":8,"playtime":960,"items_purged":[],"score":84,"play_id":"7d49913f-d975-4b8b-852c-22f98347e0bb","local_time":"20190526213140","is_ascension_mode":true,"campfire_choices":[],"neow_cost":"NONE","seed_source_timestamp":208033786537204,"circlet_count":0,"master_deck":["Strike_R","Strike_R","Strike_R","Strike_R","Defend_R","Defend_R","Defend_R","Defend_R","Bash","Blind","Armaments","Twin Strike","Sword Boomerang","Headbutt","Battle Trance"],"relics":["Burning Blood","Potion Belt"],"potions_floor_usage":[8],"damage_taken":[{"damage":0,"enemies":"Small Slimes","floor":1,"turns":3},{"damage":2,"enemies":"Jaw Worm","floor":2,"turns":5},{"damage":0,"enemies":"Cultist","floor":3,"turns":5},{"damage":9,"enemies":"3 Louse","floor":4,"turns":4},{"damage":42,"enemies":"Lagavulin","floor":6,"turns":8},{"damage":38,"enemies":"Large Slime","floor":7,"turns":9},{"damage":26,"enemies":"Gremlin Nob","floor":8,"turns":3}],"seed_played":"5614254000620272560","potions_obtained":[{"floor":6,"key":"FearPotion"},{"floor":7,"key":"Explosive Potion"}],"is_trial":false,"path_per_floor":["M","M","M","M","?","E","M","E"],"character_chosen":"IRONCLAD","items_purchased":[],"campfire_rested":0,"item_purchase_floors":[],"current_hp_per_floor":[78,80,80,77,77,41,9,0],"gold":160,"neow_bonus":"RANDOM_COLORLESS","is_prod":false,"is_daily":false,"chose_seed":false,"campfire_upgraded":0,"win_rate":0,"timestamp":1558920700,"path_taken":["M","M","M","M","?","E","M","E"],"build_version":"2019-01-23","purchased_purges":0,"victory":false,"max_hp_per_floor":[80,80,80,80,80,80,80,80],"card_choices":[{"not_picked":["Havoc","Warcry"],"picked":"Armaments","floor":1},{"not_picked":["Havoc","Feel No Pain","Armaments"],"picked":"SKIP","floor":2},{"not_picked":["Clash","Seeing Red"],"picked":"Twin Strike","floor":3},{"not_picked":["Perfected Strike","Reckless Charge"],"picked":"Sword Boomerang","floor":4},{"not_picked":["Perfected Strike","Combust"],"picked":"Headbutt","floor":6},{"not_picked":["Sword Boomerang","Clothesline"],"picked":"Battle Trance","floor":7}],"player_experience":148157,"relics_obtained":[{"floor":6,"key":"Potion Belt"}],"event_choices":[{"cards_removed":["Strike_R"],"damage_healed":0,"gold_gain":0,"player_choice":"Card Removal","damage_taken":0,"max_hp_gain":0,"max_hp_loss":0,"event_name":"The Cleric","floor":5,"gold_loss":50}],"is_beta":false,"boss_relics":[],"items_purged_floors":[],"is_endless":false,"potions_floor_spawned":[6,7],"killed_by":"Gremlin Nob","ascension_level":8}