{"gold_per_floor":[113,113,128,141,153,153,181,14,14,14,14,14,14,48,48,126,126,142,142,162,53,53],"floor_reached":22,"playtime":1224,"items_purged":["Strike_R"],"score":384,"play_id":"cf445474-ec8c-4ae3-9cd8-be60905e84cd","local_time":"20190711223501","is_ascension_mode":true,"campfire_choices":[{"data":"Shockwave","floor":6,"key":"SMITH"},{"data":"Inflame","floor":10,"key":"SMITH"},{"floor":15,"key":"REST"}],"neow_cost":"NONE","seed_source_timestamp":175765609697803,"circlet_count":0,"master_deck":["AscendersBane","Strike_R","Strike_R","Strike_R","Strike_R","Defend_R","Defend_R+1","Defend_R+1","Defend_R","Bash+1","Rampage","Shockwave+1","Inflame+1","Headbutt","Feed","Disarm","Shrug It Off","Bludgeon","Combust","Shockwave","Inflame"],"relics":["Burning Blood","War Paint","Dodecahedron","Peace Pipe","Dream Catcher","Philosopher\u0027s Stone","SsserpentHead"],"potions_floor_usage":[14,14],"damage_taken":[{"damage":0,"enemies":"2 Louse","floor":1,"turns":5},{"damage":6,"enemies":"Cultist","floor":3,"turns":3},{"damage":15,"enemies":"Small Slimes","floor":4,"turns":4},{"damage":12,"enemies":"2 Fungi Beasts","floor":5,"turns":4},{"damage":22,"enemies":"Gremlin Nob","floor":7,"turns":4},{"damage":39,"enemies":"3 Sentries","floor":14,"turns":7},{"damage":40,"enemies":"Slime Boss","floor":16,"turns":12},{"damage":37,"enemies":"3 Byrds","floor":18,"turns":6},{"damage":14,"enemies":"Spheric Guardian","floor":20,"turns":3},{"damage":34,"enemies":"Cultist and Chosen","floor":22,"turns":5}],"seed_played":"4295715650216885514","potions_obtained":[{"floor":0,"key":"Weak Potion"},{"floor":0,"key":"Regen Potion"},{"floor":4,"key":"Regen Potion"},{"floor":20,"key":"Ancient Potion"}],"is_trial":false,"path_per_floor":["M","?","M","M","M","R","E","$","T","R","$","?","?","E","R","B",null,"M","?","M","$","M"],"character_chosen":"IRONCLAD","items_purchased":["Feed","Inflame"],"campfire_rested":1,"item_purchase_floors":[8,21],"current_hp_per_floor":[74,74,74,65,59,59,43,43,43,43,43,43,17,32,55,24,67,39,39,31,31,0],"gold":53,"neow_bonus":"THREE_SMALL_POTIONS","is_prod":false,"is_daily":false,"chose_seed":false,"campfire_upgraded":2,"win_rate":0,"timestamp":1562877301,"path_taken":["M","?","M","M","M","R","E","$","T","R","?","?","?","E","R","BOSS","M","?","M","?","M"],"build_version":"2019-07-05","purchased_purges":1,"victory":false,"max_hp_per_floor":[75,75,75,75,75,75,75,75,75,75,75,75,75,78,78,81,81,84,84,84,84,87],"card_choices":[{"not_picked":["Havoc","Perfected Strike"],"picked":"Rampage","floor":1},{"not_picked":["Wild Strike","Thunderclap"],"picked":"Shockwave","floor":3},{"not_picked":["Heavy Blade","Headbutt"],"picked":"Inflame","floor":4},{"not_picked":["Power Through","Bloodletting"],"picked":"Headbutt","floor":5},{"not_picked":["Entrench","Sever Soul","Headbutt"],"picked":"SKIP","floor":7},{"not_picked":["Fire Breathing","Havoc"],"picked":"Disarm","floor":14},{"not_picked":["Hemokinesis","Sever Soul"],"picked":"Shrug It Off","floor":15},{"not_picked":["Double Tap","Impervious"],"picked":"Bludgeon","floor":16},{"not_picked":["Flex","Headbutt"],"picked":"Combust","floor":18},{"not_picked":["Hemokinesis","Anger"],"picked":"Shockwave","floor":20}],"player_experience":687687,"relics_obtained":[{"floor":7,"key":"War Paint"},{"floor":9,"key":"Dodecahedron"},{"floor":14,"key":"Dream Catcher"}],"event_choices":[{"damage_healed":0,"gold_gain":0,"player_choice":"Upgraded","damage_taken":0,"max_hp_gain":0,"max_hp_loss":0,"event_name":"Upgrade Shrine","floor":2,"gold_loss":0,"cards_upgraded":["Bash"]},{"damage_healed":0,"gold_gain":0,"player_choice":"Ignored","damage_taken":0,"max_hp_gain":0,"max_hp_loss":0,"event_name":"Liars Game","floor":12,"gold_loss":0},{"damage_healed":0,"gold_gain":0,"player_choice":"Success","damage_taken":26,"relics_obtained":["Peace Pipe"],"max_hp_gain":0,"max_hp_loss":0,"event_name":"Scrap Ooze","floor":13,"gold_loss":0},{"damage_healed":0,"gold_gain":0,"player_choice":"Trade","damage_taken":0,"relics_obtained":["SsserpentHead"],"max_hp_gain":0,"max_hp_loss":0,"event_name":"FaceTrader","floor":19,"gold_loss":0}],"is_beta":false,"boss_relics":[{"not_picked":["Black Star","Cursed Key"],"picked":"Philosopher\u0027s Stone"}],"items_purged_floors":[21],"is_endless":false,"potions_floor_spawned":[4,5,20],"killed_by":"Cultist and Chosen","ascension_level":20}