{"gold_per_floor":[11,11,23,35,35,35,67,79,79,79,137,197,216,235,235,235],"floor_reached":16,"playtime":410,"items_purged":[],"score":224,"play_id":"85afe2c8-9112-46a4-bf52-5d33348e87ba","local_time":"20190210222605","is_ascension_mode":true,"campfire_choices":[{"data":"Blood for Blood","floor":6,"key":"SMITH"},{"data":"Body Slam","floor":10,"key":"SMITH"},{"data":"Brutality","floor":15,"key":"SMITH"}],"neow_cost":"NO_GOLD","seed_source_timestamp":1142977093629457,"circlet_count":0,"master_deck":["AscendersBane","Strike_R","Strike_R","Strike_R","Defend_R","Defend_R","Defend_R","Defend_R","Bash","Blood for Blood+1","Brutality+1","Shrug It Off","Evolve","Body Slam+1","Shrug It Off"],"relics":["Burning Blood","Blood Vial","Dodecahedron","Self Forming Clay","Tiny Chest"],"potions_floor_usage":[16],"damage_taken":[{"damage":5,"enemies":"Cultist","floor":1,"turns":4},{"damage":12,"enemies":"Small Slimes","floor":3,"turns":4},{"damage":8,"enemies":"2 Louse","floor":4,"turns":4},{"damage":21,"enemies":"Lagavulin","floor":7,"turns":6},{"damage":7,"enemies":"2 Fungi Beasts","floor":8,"turns":4},{"damage":10,"enemies":"Gremlin Nob","floor":11,"turns":3},{"damage":30,"enemies":"Gremlin Nob","floor":12,"turns":4},{"damage":13,"enemies":"Large Slime","floor":13,"turns":5},{"damage":10,"enemies":"Lots of Slimes","floor":14,"turns":5},{"damage":37,"enemies":"Slime Boss","floor":16,"turns":3}],"seed_played":"-4457539958258632839","potions_obtained":[{"floor":3,"key":"LiquidBronze"},{"floor":4,"key":"Poison Potion"}],"is_trial":false,"path_per_floor":["M","$","M","M","$","R","E","M","T","R","?","E","M","M","R","B"],"character_chosen":"IRONCLAD","items_purchased":[],"campfire_rested":0,"item_purchase_floors":[],"current_hp_per_floor":[69,69,63,61,61,61,46,47,47,47,45,23,18,16,16,0],"gold":235,"neow_bonus":"TRANSFORM_TWO_CARDS","is_prod":false,"is_daily":false,"chose_seed":false,"campfire_upgraded":3,"win_rate":0,"timestamp":1549808765,"path_taken":["M","$","?","M","?","R","E","M","T","R","?","E","M","M","R","BOSS"],"build_version":"2019-01-23","purchased_purges":0,"victory":false,"max_hp_per_floor":[75,75,75,75,75,75,75,75,75,75,75,75,75,75,75,75],"card_choices":[{"not_picked":["Clash","Anger"],"picked":"Shrug It Off","floor":1},{"not_picked":["Uppercut","Pommel Strike","Havoc"],"picked":"SKIP","floor":3},{"not_picked":["Carnage","Spot Weakness","Rampage"],"picked":"SKIP","floor":4},{"not_picked":["Headbutt","Metallicize"],"picked":"Evolve","floor":7},{"not_picked":["Impervious","Shrug It Off"],"picked":"Body Slam","floor":8},{"not_picked":["Spot Weakness","Body Slam"],"picked":"Shrug It Off","floor":12},{"not_picked":["Exhume","Metallicize","Searing Blow"],"picked":"SKIP","floor":13},{"not_picked":["Warcry","Havoc","Cleave"],"picked":"SKIP","floor":14}],"player_experience":719163,"relics_obtained":[{"floor":7,"key":"Blood Vial"},{"floor":9,"key":"Dodecahedron"},{"floor":11,"key":"Self Forming Clay"},{"floor":12,"key":"Tiny Chest"}],"event_choices":[{"damage_healed":0,"gold_gain":0,"player_choice":"Searched \u00271\u0027 times","damage_taken":0,"max_hp_gain":0,"max_hp_loss":0,"event_name":"Dead Adventurer","floor":11,"gold_loss":0}],"is_beta":false,"boss_relics":[],"items_purged_floors":[],"is_endless":false,"potions_floor_spawned":[3,4,7,11,14],"killed_by":"Slime Boss","ascension_level":20}