{"gold_per_floor":[209,209,16,16,40,40,115,131,131,171,271,271,295,311,311,311],"floor_reached":16,"playtime":444,"items_purged":["Strike_B"],"score":200,"play_id":"88902d24-76b5-4535-9a14-5a99ea1fefd0","local_time":"20190106172911","is_ascension_mode":true,"campfire_choices":[{"data":"Capacitor","floor":6.0,"key":"SMITH"},{"data":"Sunder","floor":12.0,"key":"SMITH"},{"floor":15,"key":"REST"}],"neow_cost":"NONE","seed_source_timestamp":21737632776650,"circlet_count":0,"master_deck":["AscendersBane","Strike_B","Strike_B","Strike_B","Defend_B","Defend_B","Defend_B","Defend_B","Zap","Dualcast","Reprogram","Recycle","Capacitor+1","Self Repair+1","Sunder+1","Capacitor+1","Heatsinks+1"],"special_seed":0,"relics":["Cracked Core","Golden Idol","Frozen Egg 2","Matryoshka","Pantograph"],"potions_floor_usage":[14,14],"damage_taken":[{"damage":4.0,"enemies":"Small Slimes","floor":1.0,"turns":3.0},{"damage":21.0,"enemies":"Jaw Worm","floor":5.0,"turns":6.0},{"damage":6.0,"enemies":"2 Louse","floor":8.0,"turns":3.0},{"damage":5.0,"enemies":"3 Sentries","floor":10.0,"turns":3.0},{"damage":19.0,"enemies":"Red Slaver","floor":13.0,"turns":4.0},{"damage":12,"enemies":"Large Slime","floor":14,"turns":2},{"damage":0,"enemies":"The Guardian","floor":16,"turns":1}],"seed_played":"8860672950687877680","potions_obtained":[{"floor":1.0,"key":"AttackPotion"},{"floor":10.0,"key":"Poison Potion"},{"floor":13.0,"key":"SteroidPotion"}],"is_trial":false,"path_per_floor":["M","?","$","?","M","R","?","M","T","E","?","R","M","M","R","B"],"character_chosen":"DEFECT","items_purchased":["Recycle","Capacitor"],"campfire_rested":1,"item_purchase_floors":[3,3],"current_hp_per_floor":[60,60,60,49,28,28,17,21,21,26,26,26,17,5,24,49],"gold":311,"neow_bonus":"HUNDRED_GOLD","is_prod":false,"is_daily":false,"chose_seed":false,"campfire_upgraded":2,"win_rate":0,"timestamp":1546766951,"path_taken":["M","?","$","?","M","R","?","M","T","E","?","R","M","M","R","BOSS"],"build_version":"2019-01-03v4","purchased_purges":1,"victory":false,"max_hp_per_floor":[71,64,64,64,64,64,64,64,64,64,64,64,64,64,64,64],"card_choices":[{"not_picked":["Go for the Eyes","Barrage"],"picked":"Reprogram","floor":1.0},{"not_picked":["Leap","Barrage"],"picked":"Self Repair+1","floor":5.0},{"not_picked":["Beam Cell","Barrage"],"picked":"Sunder","floor":8.0},{"not_picked":["Compile Driver","Leap","Tempest"],"picked":"SKIP","floor":10.0},{"not_picked":["FTL","Rebound"],"picked":"Capacitor+1","floor":13.0},{"not_picked":["Heatsinks+1","Blizzard","Turbo"],"picked":"SKIP","floor":14},{"not_picked":["Blizzard","Turbo"],"picked":"Heatsinks+1","floor":14}],"player_experience":1784806,"relics_obtained":[{"floor":9.0,"key":"Matryoshka"},{"floor":10.0,"key":"Pantograph"}],"event_choices":[{"damage_healed":0.0,"max_hp_gain":0.0,"max_hp_loss":7.0,"gold_gain":0.0,"event_name":"Golden Idol","player_choice":"Lose Max HP","floor":2.0,"gold_loss":0.0,"damage_taken":0.0,"relics_obtained":["Golden Idol"]},{"damage_healed":0.0,"max_hp_gain":0.0,"max_hp_loss":0.0,"gold_gain":0.0,"event_name":"Scrap Ooze","player_choice":"Success","floor":4.0,"gold_loss":0.0,"damage_taken":11.0,"relics_obtained":["Frozen Egg 2"]},{"damage_healed":0.0,"max_hp_gain":0.0,"max_hp_loss":0.0,"gold_gain":75.0,"event_name":"World of Goop","player_choice":"Gather Gold","floor":7.0,"gold_loss":0.0,"damage_taken":11.0},{"damage_healed":0.0,"max_hp_gain":0.0,"max_hp_loss":0.0,"gold_gain":100.0,"event_name":"Wheel of Change","player_choice":"Gold","floor":11.0,"gold_loss":0.0,"damage_taken":0.0}],"is_beta":false,"boss_relics":[],"items_purged_floors":[3],"is_endless":false,"potions_floor_spawned":[1,10,13],"killed_by":"The Guardian","ascension_level":20}