{"gold_per_floor":[13,88,13,13,13,13,23,38,93,110,10,10,38,51,51,125,125,141,141,141,16,26,26,26,37,37,37,37,68,79,112,112,184,184,199,215,215,233,62,62,396,396,476,476,476,492,506,524,524,524,524],"floor_reached":52,"playtime":2570,"items_purged":["Strike_G","Strike_G","Strike_G"],"score":1890,"play_id":"3eb87952-a448-474f-9718-e67685aa7a06","local_time":"20181007222803","is_ascension_mode":true,"campfire_choices":[{"data":"Neutralize","floor":6.0,"key":"SMITH"},{"data":"Cloak And Dagger","floor":12.0,"key":"SMITH"},{"data":"Accuracy","floor":15.0,"key":"SMITH"},{"data":"Footwork","floor":23.0,"key":"SMITH"},{"data":"Cloak And Dagger","floor":28.0,"key":"SMITH"},{"data":"After Image","floor":32.0,"key":"SMITH"},{"data":"Envenom","floor":40.0,"key":"SMITH"},{"floor":42.0,"key":"REST"},{"data":"Parasite","floor":45.0,"key":"PURGE"},{"data":"Burst","floor":49.0,"key":"SMITH"}],"neow_cost":"NO_GOLD","seed_source_timestamp":0,"circlet_count":0,"master_deck":["Defend_G","Defend_G","Defend_G","Defend_G","Survivor","Neutralize+1","AscendersBane","Deadly Poison","Cloak And Dagger+1","Accuracy+1","Footwork+1","After Image+1","Blade Dance","Escape Plan","Cloak And Dagger+1","Acrobatics","Blade Dance","Envenom+1","Blur+1","Burst+1","Dodge and Roll+1","Well Laid Plans"],"special_seed":0,"relics":["Ring of the Snake","Bag of Marbles","Vajra","Pantograph","Cursed Key","MutagenicStrength","Orichalcum","Matryoshka","Black Star","StoneCalendar","PreservedInsect","Peace Pipe","Old Coin","Blood Vial","Letter Opener"],"potions_floor_usage":[50],"damage_taken":[{"damage":8.0,"enemies":"Jaw Worm","floor":1.0,"turns":6.0},{"damage":0.0,"enemies":"Small Slimes","floor":7.0,"turns":5.0},{"damage":0.0,"enemies":"Cultist","floor":8.0,"turns":4.0},{"damage":0.0,"enemies":"Looter","floor":10.0,"turns":3.0},{"damage":20.0,"enemies":"3 Sentries","floor":13.0,"turns":8.0},{"damage":0.0,"enemies":"2 Fungi Beasts","floor":14.0,"turns":2.0},{"damage":2.0,"enemies":"The Guardian","floor":16.0,"turns":13.0},{"damage":13.0,"enemies":"Chosen","floor":18.0,"turns":5.0},{"damage":4.0,"enemies":"Shell Parasite","floor":22.0,"turns":5.0},{"damage":6.0,"enemies":"Centurion and Healer","floor":25.0,"turns":6.0},{"damage":3.0,"enemies":"Slavers","floor":29.0,"turns":3.0},{"damage":10.0,"enemies":"Shelled Parasite and Fungi","floor":30.0,"turns":5.0},{"damage":0.0,"enemies":"Book of Stabbing","floor":31.0,"turns":5.0},{"damage":31.0,"enemies":"Collector","floor":33.0,"turns":12.0},{"damage":0.0,"enemies":"3 Shapes","floor":35.0,"turns":5.0},{"damage":0.0,"enemies":"Orb Walker","floor":36.0,"turns":4.0},{"damage":0.0,"enemies":"Mind Bloom Boss Battle","floor":37.0,"turns":7.0},{"damage":9.0,"enemies":"4 Shapes","floor":38.0,"turns":8.0},{"damage":38.0,"enemies":"2 Orb Walkers","floor":41.0,"turns":5.0},{"damage":10.0,"enemies":"3 Darklings","floor":46.0,"turns":7.0},{"damage":3.0,"enemies":"Maw","floor":47.0,"turns":7.0},{"damage":0.0,"enemies":"4 Shapes","floor":48.0,"turns":7.0},{"damage":25,"enemies":"Time Eater","floor":50,"turns":13},{"damage":10,"enemies":"Donu and Deca","floor":51,"turns":12}],"seed_played":"7496794600682898497","potions_obtained":[{"floor":10.0,"key":"Regen Potion"},{"floor":14.0,"key":"AttackPotion"},{"floor":16.0,"key":"Dexterity Potion"},{"floor":22.0,"key":"Regen Potion"},{"floor":25.0,"key":"AttackPotion"},{"floor":30.0,"key":"Regen Potion"},{"floor":37.0,"key":"SpeedPotion"},{"floor":48.0,"key":"Block Potion"}],"is_trial":false,"path_per_floor":["M","?","$","?","?","R","M","M","T","M","$","R","E","M","R","B",null,"M","?","?","$","M","R","?","M","T","?","R","E","M","E","R","B",null,"M","M","?","M","$","R","E","R","T","?","R","M","M","M","R","B","B"],"character_chosen":"THE_SILENT","items_purchased":["PreservedInsect"],"campfire_rested":1,"item_purchase_floors":[39],"current_hp_per_floor":[51,40,40,40,29,29,29,29,29,29,29,29,24,24,24,47,61,48,48,48,48,44,44,44,53,53,53,53,50,40,54,54,35,58,58,58,66,57,57,57,19,38,38,38,38,30,29,31,31,33,50],"gold":524,"neow_bonus":"REMOVE_TWO","is_prod":false,"is_daily":false,"chose_seed":false,"campfire_upgraded":8,"win_rate":0,"timestamp":1538922483,"path_taken":["M","?","$","?","?","R","M","?","T","?","?","R","E","?","R","BOSS","M","?","?","$","?","R","?","M","T","?","R","E","?","E","R","BOSS","M","M","?","M","$","R","E","R","T","?","R","?","?","M","R","BOSS","BOSS"],"build_version":"2018-10-04v2","purchased_purges":3,"victory":true,"max_hp_per_floor":[66,66,66,66,66,66,66,66,66,66,66,66,66,66,66,66,66,66,66,66,66,66,66,66,66,66,66,66,66,66,66,66,66,66,66,66,66,66,66,66,66,66,66,66,63,63,63,63,63,63,63],"card_choices":[{"not_picked":["Sucker Punch","Masterful Stab"],"picked":"Dagger Throw","floor":1.0},{"not_picked":["Bane","Slice","Distraction"],"picked":"SKIP","floor":7.0},{"not_picked":["Cloak And Dagger","Sucker Punch"],"picked":"Deadly Poison","floor":8.0},{"not_picked":["Dagger Throw","PiercingWail"],"picked":"Cloak And Dagger","floor":10.0},{"not_picked":["Deflect","After Image"],"picked":"Accuracy","floor":13.0},{"not_picked":["Deadly Poison","Cloak And Dagger"],"picked":"Footwork","floor":14.0},{"not_picked":["Phantasmal Killer","Burst"],"picked":"After Image","floor":16.0},{"not_picked":["Bane","Poisoned Stab","Reflex+1"],"picked":"SKIP","floor":18.0},{"not_picked":["Dodge and Roll","Bane"],"picked":"Escape Plan","floor":22.0},{"not_picked":["Deflect","Bane"],"picked":"Cloak And Dagger","floor":25.0},{"not_picked":["Choke","Deadly Poison+1"],"picked":"Acrobatics","floor":29.0},{"not_picked":["Sucker Punch","Storm of Steel","Caltrops"],"picked":"SKIP","floor":30.0},{"not_picked":["Riddle With Holes","Flying Knee+1"],"picked":"Blade Dance","floor":31.0},{"not_picked":["Night Terror","Bullet Time"],"picked":"Envenom","floor":33.0},{"not_picked":["Deflect","All Out Attack+1","Dagger Throw"],"picked":"SKIP","floor":35.0},{"not_picked":["Caltrops+1","Bane+1","Acrobatics"],"picked":"SKIP","floor":36.0},{"not_picked":["Deflect","Prepared"],"picked":"Blur+1","floor":37.0},{"not_picked":["Quick Slash","Flying Knee","Masterful Stab"],"picked":"SKIP","floor":38.0},{"not_picked":["Distraction","Deadly Poison","Underhanded Strike"],"picked":"SKIP","floor":41.0},{"not_picked":["Calculated Gamble","Prepared"],"picked":"Burst","floor":46.0},{"not_picked":["Blade Dance","Underhanded Strike"],"picked":"Dodge and Roll+1","floor":47.0},{"not_picked":["Underhanded Strike","Dagger Spray"],"picked":"Well Laid Plans","floor":48.0}],"player_experience":222029,"relics_obtained":[{"floor":9.0,"key":"Vajra"},{"floor":13.0,"key":"Pantograph"},{"floor":29.0,"key":"Orichalcum"},{"floor":31.0,"key":"Matryoshka"},{"floor":37.0,"key":"StoneCalendar"},{"floor":41.0,"key":"Peace Pipe"},{"floor":41.0,"key":"Old Coin"},{"floor":43.0,"key":"Blood Vial"},{"floor":43.0,"key":"Letter Opener"}],"event_choices":[{"event_name":"World of Goop","player_choice":"Gather Gold","floor":2.0,"damage_taken":0.0},{"event_name":"The Cleric","player_choice":"Leave","floor":4.0,"damage_taken":0.0},{"event_name":"Scrap Ooze","player_choice":"success","floor":5.0,"damage_taken":11.0},{"event_name":"Purifier","player_choice":"One Purge","floor":19.0,"damage_taken":0.0},{"event_name":"The Library","player_choice":"Read","floor":20.0,"damage_taken":0.0},{"event_name":"Drug Dealer","player_choice":"Inject Mutagens","floor":27.0,"damage_taken":0.0},{"event_name":"MindBloom","player_choice":"Fight","floor":37.0,"damage_taken":0.0},{"event_name":"Falling","player_choice":"Removed Attack","floor":44.0,"damage_taken":0.0}],"is_beta":false,"boss_relics":[{"not_picked":["Ectoplasm","Tiny House"],"picked":"Cursed Key"},{"not_picked":["White Beast Statue","Calling Bell"],"picked":"Black Star"}],"items_purged_floors":[3,11,21],"is_endless":false,"potions_floor_spawned":[10,14,16,22,25,30,37,48],"ascension_level":20}