{"gold_per_floor":[116,41,41,61,61,102,102,102,179,179,220,220,244,13,13,104,104,120,139,139,139,160,160,160],"floor_reached":24,"playtime":786,"items_purged":["Strike_G","Strike_G"],"score":554,"play_id":"b51ffa56-f72d-4b2f-93ce-344e64c5a8d6","local_time":"20190126211613","is_ascension_mode":true,"campfire_choices":[{"data":"Bouncing Flask","floor":7,"key":"SMITH"},{"data":"Neutralize","floor":10,"key":"SMITH"},{"data":"Caltrops","floor":12,"key":"SMITH"},{"data":"Cloak And Dagger","floor":15,"key":"SMITH"},{"data":"Footwork","floor":23,"key":"SMITH"}],"neow_cost":"NONE","seed_source_timestamp":45178936864262,"circlet_count":0,"master_deck":["AscendersBane","Defend_G","Defend_G","Defend_G","Defend_G","Defend_G","Strike_G","Strike_G","Survivor","Neutralize+1","Caltrops+1","Bouncing Flask+1","Footwork+1","Cloak And Dagger+1","Venomology","Catalyst+1"],"relics":["Ring of the Snake","NeowsBlessing","Golden Idol","Lantern","Shuriken","Pen Nib","Black Star"],"potions_floor_usage":[11,11,18,19,22,24],"damage_taken":[{"damage":0,"enemies":"Jaw Worm","floor":1,"turns":1},{"damage":0,"enemies":"2 Louse","floor":4,"turns":1},{"damage":0,"enemies":"Lagavulin","floor":6,"turns":1},{"damage":34,"enemies":"Gremlin Nob","floor":11,"turns":4},{"damage":3,"enemies":"Small Slimes","floor":13,"turns":4},{"damage":0,"enemies":"Hexaghost","floor":16,"turns":9},{"damage":6,"enemies":"theJungle:Flameango_and_Byrd","floor":18,"turns":9},{"damage":1,"enemies":"Shell Parasite","floor":19,"turns":8},{"damage":17,"enemies":"Snake Plant","floor":22,"turns":4},{"damage":35,"enemies":"theJungle:2_Phrogs","floor":24,"turns":5}],"seed_played":"-5937382794649300131","potions_obtained":[{"floor":1,"key":"Fire Potion"},{"floor":4,"key":"Strength Potion"},{"floor":19,"key":"FearPotion"},{"floor":22,"key":"Poison Potion"}],"is_trial":false,"path_per_floor":["M","$","?","M","?","E","R","?","T","R","E","R","M","$","R","B",null,"M","M","?","?","M","R","E"],"character_chosen":"THE_SILENT","items_purchased":["Cloak And Dagger","GhostInAJar"],"campfire_rested":0,"item_purchase_floors":[14,14],"current_hp_per_floor":[59,59,59,59,52,52,52,52,52,52,18,18,15,15,15,15,49,43,56,46,46,29,29,0],"gold":160,"neow_bonus":"THREE_ENEMY_KILL","is_prod":false,"is_daily":false,"chose_seed":false,"campfire_upgraded":5,"win_rate":0,"timestamp":1548508573,"path_taken":["M","$","?","M","?","E","R","?","T","R","E","R","M","$","R","BOSS","M","M","?","?","M","R","E"],"build_version":"2019-01-23","purchased_purges":2,"victory":false,"max_hp_per_floor":[66,66,60,60,60,60,60,60,60,60,60,60,60,60,60,60,60,60,60,65,65,65,65,65],"card_choices":[{"not_picked":["Escape Plan","Dash"],"picked":"Caltrops","floor":1},{"not_picked":["Riddle With Holes","Flying Knee","Setup"],"picked":"SKIP","floor":4},{"not_picked":["Deadly Poison","Masterful Stab"],"picked":"Bouncing Flask","floor":6},{"not_picked":["Heel Hook","Finisher","Flechettes"],"picked":"SKIP","floor":11},{"not_picked":["Blade Dance","Underhanded Strike"],"picked":"Footwork","floor":13},{"not_picked":["Phantasmal Killer","Tools of the Trade"],"picked":"Venomology","floor":16},{"not_picked":["Blade Dance","Reflex","Crippling Poison"],"picked":"SKIP","floor":18},{"not_picked":["Quick Slash","Heel Hook","Poisoned Stab"],"picked":"SKIP","floor":19},{"not_picked":["Poisoned Stab","Flying Knee"],"picked":"Catalyst+1","floor":22}],"player_experience":2294895,"relics_obtained":[{"floor":6,"key":"Lantern"},{"floor":9,"key":"Shuriken"},{"floor":11,"key":"Pen Nib"}],"event_choices":[{"damage_healed":0,"gold_gain":0,"player_choice":"Lose Max HP","damage_taken":0,"relics_obtained":["Golden Idol"],"max_hp_gain":0,"max_hp_loss":6,"event_name":"Golden Idol","floor":3,"gold_loss":0},{"cards_removed":["Strike_G"],"damage_healed":0,"gold_gain":0,"player_choice":"Card Removal","damage_taken":7,"max_hp_gain":0,"max_hp_loss":0,"event_name":"Golden Wing","floor":5,"gold_loss":0},{"damage_healed":0,"gold_gain":0,"player_choice":"Ignored","damage_taken":0,"max_hp_gain":0,"max_hp_loss":0,"event_name":"Liars Game","floor":8,"gold_loss":0}],"is_beta":false,"boss_relics":[{"not_picked":["Snecko Eye","Velvet Choker"],"picked":"Black Star"}],"items_purged_floors":[2,14],"is_endless":false,"potions_floor_spawned":[1,4,19,22],"killed_by":"theJungle:2_Phrogs","ascension_level":20}