{"gold_per_floor":[109,34,34,52,52,87,12,25,25,25,25,43,43,56,56,56],"floor_reached":16,"playtime":486,"items_purged":["Strike_G"],"score":250,"play_id":"7efee887-0d98-422c-947d-8313abea7b85","local_time":"20190224232505","is_ascension_mode":true,"campfire_choices":[{"data":"Calculated Gamble","floor":10,"key":"SMITH"},{"data":"Acrobatics","floor":13,"key":"SMITH"},{"data":"Acrobatics","floor":15,"key":"SMITH"}],"neow_cost":"NONE","seed_source_timestamp":40258054644856,"circlet_count":0,"master_deck":["AscendersBane","Defend_G","Defend_G","Defend_G","Defend_G","Defend_G","Strike_G","Strike_G","Survivor","Neutralize","Calculated Gamble+1","Tactician","Acrobatics+1","Noxious Fumes","Acrobatics+1"],"relics":["Ring of the Snake","NeowsBlessing","The Courier","Mummified Hand","Boot"],"potions_floor_usage":[8,16,16],"damage_taken":[{"damage":0,"enemies":"Cultist","floor":1,"turns":1},{"damage":0,"enemies":"2 Louse","floor":4,"turns":1},{"damage":0,"enemies":"Lagavulin","floor":6,"turns":1},{"damage":5,"enemies":"Small Slimes","floor":8,"turns":7},{"damage":0,"enemies":"Blue Slaver","floor":12,"turns":6},{"damage":2,"enemies":"Lots of Slimes","floor":14,"turns":4},{"damage":45,"enemies":"Slime Boss","floor":16,"turns":9}],"seed_played":"-2499676878529104347","potions_obtained":[{"floor":4,"key":"FearPotion"},{"floor":12,"key":"Energy Potion"},{"floor":14,"key":"Fire Potion"}],"is_trial":false,"path_per_floor":["M","$","?","M","?","E","?","M","T","R","T","M","R","M","R","B"],"character_chosen":"THE_SILENT","items_purchased":[],"campfire_rested":0,"item_purchase_floors":[],"current_hp_per_floor":[59,59,59,59,59,59,59,54,54,54,54,54,54,52,52,7],"gold":56,"neow_bonus":"THREE_ENEMY_KILL","is_prod":false,"is_daily":false,"chose_seed":false,"campfire_upgraded":3,"win_rate":0,"timestamp":1551021905,"path_taken":["M","$","?","?","?","E","?","M","T","R","?","M","R","M","R","BOSS"],"build_version":"2019-01-23","purchased_purges":1,"victory":false,"max_hp_per_floor":[66,66,66,66,66,66,66,66,66,66,66,66,66,66,66,66],"card_choices":[{"not_picked":["Dodge and Roll","Deflect","Underhanded Strike"],"picked":"SKIP","floor":1},{"not_picked":["Flying Knee","PiercingWail"],"picked":"Calculated Gamble","floor":4},{"not_picked":["Flechettes","Flying Knee"],"picked":"Acrobatics","floor":6},{"not_picked":["Dagger Spray","Deflect","Setup"],"picked":"SKIP","floor":8},{"not_picked":["All Out Attack","Poisoned Stab"],"picked":"Noxious Fumes","floor":12},{"not_picked":["Die Die Die","Prepared"],"picked":"Acrobatics","floor":14}],"player_experience":3114706,"relics_obtained":[{"floor":6,"key":"The Courier"},{"floor":9,"key":"Mummified Hand"},{"floor":11,"key":"Boot"}],"event_choices":[{"damage_healed":0,"gold_gain":0,"player_choice":"Ignored","damage_taken":0,"max_hp_gain":0,"max_hp_loss":0,"event_name":"WeMeetAgain","floor":3,"gold_loss":0},{"damage_healed":0,"gold_gain":0,"cards_transformed":["Strike_G"],"player_choice":"Change","damage_taken":0,"max_hp_gain":0,"max_hp_loss":0,"event_name":"Living Wall","floor":5,"gold_loss":0,"cards_obtained":["Tactician"]},{"cards_removed":["Strike_G"],"damage_healed":0,"gold_gain":0,"player_choice":"Card Removal","damage_taken":0,"max_hp_gain":0,"max_hp_loss":0,"event_name":"The Cleric","floor":7,"gold_loss":75}],"is_beta":false,"boss_relics":[],"items_purged_floors":[2],"is_endless":false,"potions_floor_spawned":[4,12,14],"killed_by":"Slime Boss","ascension_level":20}