{"gold_per_floor":[112,112,36,36,53,53,65,98,125,125],"floor_reached":10,"playtime":216,"items_purged":[],"score":132,"play_id":"0f821e90-3b57-4221-90de-05cfe6121575","local_time":"20190730163312","is_ascension_mode":true,"campfire_choices":[{"data":"Neutralize","floor":6.0,"key":"SMITH"}],"neow_cost":"NONE","seed_source_timestamp":166951811472312,"circlet_count":0,"master_deck":["AscendersBane","Strike_G","Strike_G","Strike_G","Strike_G","Defend_G","Defend_G","Defend_G","Defend_G","Defend_G","Survivor","Neutralize+1","Deadly Poison+1","Tactician","Flechettes","PiercingWail"],"special_seed":0,"relics":["Philosopher\u0027s Stone","Boot","Bag of Marbles"],"potions_floor_usage":[],"damage_taken":[{"damage":7.0,"enemies":"Jaw Worm","floor":1.0,"turns":7.0},{"damage":0.0,"enemies":"Cultist","floor":5.0,"turns":3.0},{"damage":3.0,"enemies":"Small Slimes","floor":7.0,"turns":4.0},{"damage":44.0,"enemies":"Gremlin Nob","floor":8.0,"turns":5.0},{"damage":7,"enemies":"Red Slaver","floor":10,"turns":2}],"seed_played":"-8617319150859651284","potions_obtained":[{"floor":7.0,"key":"SteroidPotion"}],"is_trial":false,"path_per_floor":["M","?","$","?","M","R","M","E","T","M"],"character_chosen":"THE_SILENT","items_purchased":["Tactician"],"campfire_rested":0,"item_purchase_floors":[3],"current_hp_per_floor":[52,52,52,52,52,52,49,5,5,0],"gold":125,"neow_bonus":"BOSS_RELIC","is_prod":false,"is_daily":false,"chose_seed":false,"campfire_upgraded":1,"win_rate":0,"timestamp":1564471992,"path_taken":["M","?","?","?","M","R","M","E","T","?"],"build_version":"2019-07-17","purchased_purges":0,"victory":false,"max_hp_per_floor":[66,66,66,66,66,66,66,66,66,66],"card_choices":[{"not_picked":["Dagger Throw","Blade Dance"],"picked":"Deadly Poison","floor":1.0},{"not_picked":["Sucker Punch","Blade Dance","Quick Slash"],"picked":"SKIP","floor":5.0},{"not_picked":["PiercingWail","Outmaneuver"],"picked":"Flechettes","floor":7.0},{"not_picked":["Quick Slash","Blur"],"picked":"PiercingWail","floor":8.0}],"player_experience":691191,"relics_obtained":[{"floor":8.0,"key":"Boot"},{"floor":9.0,"key":"Bag of Marbles"}],"event_choices":[{"cards_removed":["Strike_G"],"damage_healed":0.0,"max_hp_gain":0.0,"max_hp_loss":0.0,"gold_gain":0.0,"event_name":"Bonfire Elementals","player_choice":"Offered Basic","floor":2.0,"gold_loss":0.0,"damage_taken":0.0},{"damage_healed":0.0,"max_hp_gain":0.0,"max_hp_loss":0.0,"gold_gain":0.0,"event_name":"Upgrade Shrine","player_choice":"Upgraded","floor":4.0,"gold_loss":0.0,"damage_taken":0.0,"cards_upgraded":["Deadly Poison"]}],"is_beta":false,"boss_relics":[],"items_purged_floors":[],"is_endless":false,"potions_floor_spawned":[7],"killed_by":"Red Slaver","ascension_level":20}