{"gold_per_floor":[109,109,128,144,144,171,171],"floor_reached":7,"playtime":245,"items_purged":[],"score":102,"play_id":"915f7980-7baf-4f37-a988-440b076f1438","local_time":"20190402222144","is_ascension_mode":true,"campfire_choices":[],"neow_cost":"CURSE","seed_source_timestamp":55509283914066,"circlet_count":0,"master_deck":["AscendersBane","Strike_B","Strike_B","Strike_B","Strike_B","Defend_B","Defend_B","Defend_B","Defend_B","Zap","Dualcast","Deep Breath","Parasite","Streamline+1","Hologram","Leap","Auto Shields"],"special_seed":0,"relics":["Cracked Core","Bag of Marbles","Dodecahedron"],"potions_floor_usage":[],"damage_taken":[{"damage":7.0,"enemies":"Jaw Worm","floor":1.0,"turns":3.0},{"damage":10.0,"enemies":"Small Slimes","floor":3.0,"turns":3.0},{"damage":1.0,"enemies":"Cultist","floor":4.0,"turns":3.0},{"damage":39.0,"enemies":"3 Sentries","floor":6.0,"turns":9.0},{"damage":2,"enemies":"Exordium Wildlife","floor":7,"turns":3}],"seed_played":"-6487138049142648747","potions_obtained":[{"floor":3.0,"key":"LiquidBronze"}],"is_trial":false,"path_per_floor":["M","?","M","M","?","E","M"],"character_chosen":"DEFECT","items_purchased":[],"campfire_rested":0,"item_purchase_floors":[],"current_hp_per_floor":[57,57,47,46,46,7,5],"gold":171,"neow_bonus":"RANDOM_COLORLESS_2","is_prod":false,"is_daily":false,"chose_seed":false,"campfire_upgraded":0,"win_rate":0,"timestamp":1554214904,"path_taken":["M","?","M","M","?","E","M"],"build_version":"2019-01-23","purchased_purges":0,"victory":false,"max_hp_per_floor":[71,71,71,71,71,71,71],"card_choices":[{"not_picked":["Blizzard","Compile Driver"],"picked":"Streamline","floor":1.0},{"not_picked":["Go for the Eyes","Sweeping Beam"],"picked":"Hologram","floor":3.0},{"not_picked":["BootSequence","Go for the Eyes"],"picked":"Leap","floor":4.0},{"not_picked":["Sweeping Beam","Leap"],"picked":"Auto Shields","floor":6.0}],"player_experience":4028404,"relics_obtained":[{"floor":6.0,"key":"Dodecahedron"}],"event_choices":[{"damage_healed":0.0,"max_hp_gain":0.0,"max_hp_loss":0.0,"gold_gain":0.0,"event_name":"Living Wall","player_choice":"Grow","floor":2.0,"gold_loss":0.0,"damage_taken":0.0,"cards_upgraded":["Streamline"]},{"cards_removed":["Violence"],"damage_healed":0.0,"max_hp_gain":0.0,"max_hp_loss":0.0,"gold_gain":0.0,"event_name":"WeMeetAgain","player_choice":"Gave Card","floor":5.0,"gold_loss":0.0,"damage_taken":0.0,"relics_obtained":["Bag of Marbles"]}],"is_beta":false,"boss_relics":[],"items_purged_floors":[],"is_endless":false,"potions_floor_spawned":[3],"killed_by":"Exordium Wildlife","ascension_level":20}