{"gold_per_floor":[213,227,227,68,78,78,112,122,148,148,165,165,176,101,101,196,196,209,220,120,120,136,136,235,267,267,267,142,242,167,198,210,322,334,357,369,231,251,76,76,94,122,122,122,148,179,248,268,268,268,268,268,76,106,106],"floor_reached":56,"playtime":3035,"items_purged":["Strike_G","Sucker Punch","All Out Attack","Corpse Explosion","Survivor"],"score":1576,"play_id":"7541a68e-a2ae-467d-b2fe-87bdea10ce75","local_time":"20181207122526","is_ascension_mode":false,"campfire_choices":[{"data":"Calculated Gamble","floor":6.0,"key":"SMITH"},{"data":"Acrobatics","floor":10.0,"key":"SMITH"},{"data":"Grand Finale","floor":12,"key":"SMITH"},{"data":"Neutralize","floor":15,"key":"SMITH"},{"data":"Prepared","floor":23,"key":"SMITH"},{"data":"Calculated Gamble","floor":27,"key":"SMITH"},{"data":"Tactician","floor":32,"key":"SMITH"},{"data":"Acrobatics","floor":40,"key":"SMITH"},{"floor":44,"key":"RECALL"},{"data":"Backflip","floor":49,"key":"SMITH"},{"data":"Adrenaline","floor":52,"key":"SMITH"}],"neow_cost":"NONE","seed_source_timestamp":1259023184489,"circlet_count":0,"master_deck":["Neutralize+1","Calculated Gamble+1","Grand Finale+1","Backflip+1","Acrobatics+1","Prepared+1","Dagger Throw","Escape Plan","Tactician+1","Backstab","Calculated Gamble+1","Acrobatics+1","Well Laid Plans+1","Adrenaline+1"],"special_seed":0,"relics":["Ring of the Snake","Snake Skull","Pandora\u0027s Box","Strawberry","Sundial","WingedGreaves","Frozen Egg 2","MawBank","Philosopher\u0027s Stone","Lantern","Question Card","FossilizedHelix","PreservedInsect","Mercury Hourglass","Medical Kit","Bottled Tornado"],"potions_floor_usage":[48,55],"damage_taken":[{"damage":0.0,"enemies":"2 Louse","floor":1.0,"turns":3.0},{"damage":0.0,"enemies":"Cultist","floor":2.0,"turns":3.0},{"damage":0.0,"enemies":"Small Slimes","floor":5.0,"turns":1.0},{"damage":11.0,"enemies":"Gremlin Nob","floor":7.0,"turns":3.0},{"damage":0.0,"enemies":"Blue Slaver","floor":8.0,"turns":7.0},{"damage":0,"enemies":"3 Louse","floor":11,"turns":1},{"damage":2,"enemies":"Large Slime","floor":13,"turns":2},{"damage":33,"enemies":"The Guardian","floor":16,"turns":11},{"damage":0,"enemies":"Spheric Guardian","floor":18,"turns":2},{"damage":0,"enemies":"Chosen","floor":19,"turns":3},{"damage":0,"enemies":"Shelled Parasite and Fungi","floor":22,"turns":2},{"damage":0,"enemies":"Slavers","floor":25,"turns":1},{"damage":0,"enemies":"Colosseum Slavers","floor":29,"turns":1},{"damage":0,"enemies":"Colosseum Nobs","floor":29,"turns":1},{"damage":0,"enemies":"Book of Stabbing","floor":31,"turns":1},{"damage":0,"enemies":"Collector","floor":33,"turns":1},{"damage":0,"enemies":"3 Darklings","floor":35,"turns":1},{"damage":0,"enemies":"Orb Walker","floor":38,"turns":1},{"damage":0,"enemies":"Spire Growth","floor":41,"turns":1},{"damage":0,"enemies":"Reptomancer","floor":42,"turns":1},{"damage":0,"enemies":"Nemesis","floor":45,"turns":1},{"damage":0,"enemies":"Giant Head","floor":46,"turns":1},{"damage":0,"enemies":"3 Darklings","floor":48,"turns":1},{"damage":0,"enemies":"Awakened One","floor":50,"turns":2},{"damage":0,"enemies":"Shield and Spear","floor":54,"turns":1},{"damage":47,"enemies":"The Heart","floor":55,"turns":3}],"seed_played":"-8969147704588621689","potions_obtained":[{"floor":5.0,"key":"GhostInAJar"},{"floor":13,"key":"Swift Potion"},{"floor":18,"key":"Swift Potion"},{"floor":48,"key":"Fruit Juice"},{"floor":54,"key":"PowerPotion"}],"is_trial":false,"path_per_floor":["M","M","?","$","M","R","E","M","T","R","M","R","M","$","R","B",null,"M","M","$","?","M","R","?","E","T","R","$","?","?","E","R","B",null,"M","?","$","M","$","R","M","E","T","R","E","E","T","M","R","B",null,"R","$","E","B",null],"character_chosen":"THE_SILENT","items_purchased":["Grand Finale","Backflip","Medical Kit"],"campfire_rested":0,"item_purchase_floors":[4,4,53],"current_hp_per_floor":[70,70,70,70,70,70,59,59,59,59,59,59,57,57,57,24,70,70,70,70,70,70,70,70,77,77,77,77,77,77,77,77,77,77,77,77,77,77,77,77,77,77,77,77,77,77,77,82,82,82,82,82,82,82,35],"gold":106,"neow_bonus":"HUNDRED_GOLD","is_prod":false,"is_daily":false,"chose_seed":false,"campfire_upgraded":10,"win_rate":0,"timestamp":1544156726,"path_taken":["M","M","?","$","M","R","E","M","T","R","M","R","?","?","R","BOSS","M","M","$","?","M","R","?","E","T","R","$","?","?","E","R","BOSS","M","?","$","M","?","R","?","E","T","R","E","E","?","M","R","BOSS","R","$","E","BOSS"],"build_version":"2018-12-06","purchased_purges":5,"victory":true,"max_hp_per_floor":[70,70,70,70,70,70,70,70,70,70,70,70,70,70,70,70,70,70,70,70,70,70,70,70,77,77,77,77,77,77,77,77,77,77,77,77,77,77,77,77,77,77,77,77,77,77,77,82,82,82,82,82,82,82,82],"card_choices":[{"not_picked":["Dagger Throw","Quick Slash"],"picked":"All Out Attack","floor":1.0},{"not_picked":["Blur","Dagger Throw"],"picked":"Calculated Gamble","floor":2.0},{"not_picked":["Prepared","Blade Dance","Cloak And Dagger"],"picked":"SKIP","floor":5.0},{"not_picked":["Bane","Outmaneuver","A Thousand Cuts"],"picked":"SKIP","floor":7.0},{"not_picked":["Poisoned Stab","Bane"],"picked":"Acrobatics","floor":8.0},{"not_picked":["Slice","Heel Hook","Outmaneuver"],"picked":"SKIP","floor":11},{"not_picked":["Dagger Spray","Concentrate","Underhanded Strike"],"picked":"SKIP","floor":13},{"not_picked":["Bane","Prepared"],"picked":"Tactician","floor":18},{"not_picked":["PiercingWail","Dash+1","Sucker Punch+1"],"picked":"SKIP","floor":19},{"not_picked":["Deflect+1","Dagger Spray","Setup"],"picked":"SKIP","floor":22},{"not_picked":["Dagger Throw","Accuracy+1"],"picked":"Calculated Gamble","floor":25},{"not_picked":["Night Terror","Underhanded Strike"],"picked":"Acrobatics","floor":31},{"not_picked":["Deadly Poison","PiercingWail"],"picked":"Well Laid Plans+1","floor":35},{"not_picked":["Underhanded Strike","Flying Knee+1","Outmaneuver"],"picked":"SKIP","floor":38},{"not_picked":["Deflect+1","Tactician+1","Dagger Spray+1"],"picked":"SKIP","floor":41},{"not_picked":["Backflip","Bullet Time","PiercingWail"],"picked":"SKIP","floor":42},{"not_picked":["Dodge and Roll+1","Outmaneuver+1","Escape Plan+1"],"picked":"Adrenaline","floor":45},{"not_picked":["Dagger Spray","Finisher+1","Well Laid Plans+1","Sucker Punch"],"picked":"SKIP","floor":46},{"not_picked":["Deadly Poison+1","Poisoned Stab+1","Footwork+1","Backstab+1"],"picked":"SKIP","floor":48},{"not_picked":["Bane","Concentrate","Setup+1","Blur+1"],"picked":"SKIP","floor":54}],"player_experience":1179763,"relics_obtained":[{"floor":7.0,"key":"Snake Skull"},{"floor":25,"key":"Strawberry"},{"floor":26,"key":"Sundial"},{"floor":29,"key":"WingedGreaves"},{"floor":29,"key":"Frozen Egg 2"},{"floor":31,"key":"MawBank"},{"floor":42,"key":"Lantern"},{"floor":43,"key":"Question Card"},{"floor":45,"key":"FossilizedHelix"},{"floor":46,"key":"PreservedInsect"},{"floor":47,"key":"Mercury Hourglass"},{"floor":54,"key":"Bottled Tornado"}],"event_choices":[{"cards_removed":["Strike_G"],"damage_healed":0.0,"max_hp_gain":0.0,"max_hp_loss":0.0,"gold_gain":0.0,"event_name":"Purifier","player_choice":"Purged","floor":3.0,"gold_loss":0.0,"damage_taken":0.0},{"damage_healed":0,"gold_gain":0,"cards_transformed":["Flying Knee","Bane"],"player_choice":"Became Test Subject","damage_taken":0,"max_hp_gain":0,"max_hp_loss":0,"event_name":"Drug Dealer","floor":21,"gold_loss":0,"cards_obtained":["Backstab","Corpse Explosion"]},{"damage_healed":0,"gold_gain":99,"player_choice":"Stole From Cult","damage_taken":0,"max_hp_gain":0,"max_hp_loss":0,"event_name":"Nest","floor":24,"gold_loss":0},{"damage_healed":0,"gold_gain":0,"player_choice":"Fight","damage_taken":0,"max_hp_gain":0,"max_hp_loss":0,"event_name":"Colosseum","floor":29,"gold_loss":0},{"damage_healed":0,"gold_gain":0,"player_choice":"Fought Nobs","damage_taken":0,"max_hp_gain":0,"max_hp_loss":0,"event_name":"Colosseum","floor":29,"gold_loss":0},{"cards_removed":["Masterful Stab"],"damage_healed":0,"gold_gain":0,"player_choice":"Gave Gold","damage_taken":0,"max_hp_gain":0,"max_hp_loss":0,"event_name":"Beggar","floor":30,"gold_loss":75},{"cards_removed":["Deadly Poison"],"damage_healed":5,"gold_gain":0,"player_choice":"Offered Common","damage_taken":0,"max_hp_gain":0,"max_hp_loss":0,"event_name":"Bonfire Elementals","floor":36,"gold_loss":0},{"cards_removed":["Deadly Poison"],"damage_healed":5,"gold_gain":0,"player_choice":"Offered Special","damage_taken":0,"max_hp_gain":0,"max_hp_loss":0,"event_name":"Bonfire Elementals","floor":36,"gold_loss":0}],"is_beta":false,"boss_relics":[{"not_picked":["Fusion Hammer","Snecko Eye"],"picked":"Pandora\u0027s Box"},{"not_picked":["Eternal Feather","Cursed Key"],"picked":"Philosopher\u0027s Stone"}],"items_purged_floors":[14,20,28,37,39],"is_endless":false,"potions_floor_spawned":[5,13,18,29,31,38,42,45,48,54],"ascension_level":0}