{"gold_per_floor":[116,116,140,29,29,64,64,64,64,132,107,107,233,253,253,253],"floor_reached":16,"playtime":363,"items_purged":["Strike_G"],"score":215,"play_id":"4899f25b-e9a4-41e8-ab5f-c7e450eff2b0","local_time":"20190214121813","is_ascension_mode":true,"campfire_choices":[{"data":"Footwork","floor":7,"key":"SMITH"},{"data":"Footwork","floor":12,"key":"SMITH"},{"data":"Noxious Fumes","floor":15,"key":"SMITH"}],"neow_cost":"NONE","seed_source_timestamp":148304151689404,"circlet_count":0,"master_deck":["AscendersBane","Defend_G","Defend_G","Defend_G","Defend_G","Strike_G","Strike_G","Strike_G","Survivor","Neutralize","Acrobatics","Footwork+1","Footwork+1","Crippling Poison","Noxious Fumes+1"],"relics":["Ring of the Snake","NeowsBlessing","Golden Idol","Molten Egg 2","SsserpentHead","Shovel","Thread and Needle"],"potions_floor_usage":[13],"damage_taken":[{"damage":0,"enemies":"Cultist","floor":1,"turns":1},{"damage":0,"enemies":"Small Slimes","floor":3,"turns":1},{"damage":0,"enemies":"3 Sentries","floor":6,"turns":1},{"damage":1,"enemies":"Jaw Worm","floor":10,"turns":7},{"damage":9,"enemies":"3 Sentries","floor":13,"turns":9},{"damage":4,"enemies":"2 Fungi Beasts","floor":14,"turns":4},{"damage":21,"enemies":"Slime Boss","floor":16,"turns":9}],"seed_played":"3561603787325355975","potions_obtained":[{"floor":3,"key":"SkillPotion"},{"floor":6,"key":"Poison Potion"}],"is_trial":false,"path_per_floor":["M","?","M","$","?","E","R","?","T","M","?","R","?","M","R","B"],"character_chosen":"THE_SILENT","items_purchased":["Footwork"],"campfire_rested":0,"item_purchase_floors":[4],"current_hp_per_floor":[59,36,36,36,29,29,29,29,29,28,28,28,19,15,15,0],"gold":253,"neow_bonus":"THREE_ENEMY_KILL","is_prod":false,"is_daily":false,"chose_seed":false,"campfire_upgraded":3,"win_rate":0,"timestamp":1550117893,"path_taken":["M","?","M","$","?","E","R","?","T","?","?","R","?","M","R","BOSS"],"build_version":"2019-01-23","purchased_purges":1,"victory":false,"max_hp_per_floor":[66,66,66,66,66,66,66,66,66,66,66,66,66,66,66,66],"card_choices":[{"not_picked":["Deadly Poison","Deflect"],"picked":"Acrobatics","floor":1},{"not_picked":["Deflect","Outmaneuver"],"picked":"Footwork","floor":3},{"not_picked":["Terror","Finisher","Tools of the Trade"],"picked":"SKIP","floor":6},{"not_picked":["Blade Dance","PiercingWail"],"picked":"Crippling Poison","floor":10},{"not_picked":["Backstab+1","Distraction"],"picked":"Noxious Fumes","floor":13},{"not_picked":["PiercingWail","Quick Slash+1","Acrobatics"],"picked":"SKIP","floor":14}],"player_experience":739301,"relics_obtained":[{"floor":6,"key":"Molten Egg 2"},{"floor":9,"key":"Shovel"},{"floor":13,"key":"Thread and Needle"}],"event_choices":[{"damage_healed":0,"gold_gain":0,"player_choice":"Take Damage","damage_taken":23,"relics_obtained":["Golden Idol"],"max_hp_gain":0,"max_hp_loss":0,"event_name":"Golden Idol","floor":2,"gold_loss":0},{"cards_removed":["Strike_G"],"damage_healed":0,"gold_gain":0,"player_choice":"Card Removal","damage_taken":7,"max_hp_gain":0,"max_hp_loss":0,"event_name":"Golden Wing","floor":5,"gold_loss":0},{"damage_healed":0,"gold_gain":0,"player_choice":"Trade","damage_taken":0,"relics_obtained":["SsserpentHead"],"max_hp_gain":0,"max_hp_loss":0,"event_name":"FaceTrader","floor":8,"gold_loss":0},{"cards_removed":["Defend_G"],"damage_healed":0,"gold_gain":0,"player_choice":"Card Removal","damage_taken":0,"max_hp_gain":0,"max_hp_loss":0,"event_name":"The Cleric","floor":11,"gold_loss":75},{"damage_healed":0,"gold_gain":0,"player_choice":"Searched \u00271\u0027 times","damage_taken":0,"max_hp_gain":0,"max_hp_loss":0,"event_name":"Dead Adventurer","floor":13,"gold_loss":0}],"is_beta":false,"boss_relics":[],"items_purged_floors":[4],"is_endless":false,"potions_floor_spawned":[3,6,10],"killed_by":"Slime Boss","ascension_level":15}