{"gold_per_floor":[110,121,121,139,119,153,170,183,183,200,219,234,263,278,278,374,374,391,391,16,32,32,32,44,56,56,88,106,106,141,158,158,158],"floor_reached":33,"playtime":1874,"items_purged":[],"score":320,"play_id":"7fa5779f-fed3-4de2-b895-53e71725c6f8","local_time":"20190803184918","is_ascension_mode":true,"campfire_choices":[{"floor":15,"key":"REST"},{"data":"Apotheosis","floor":23,"key":"SMITH"},{"floor":29,"key":"REST"},{"floor":32,"key":"REST"}],"neow_cost":"NONE","seed_source_timestamp":2131477938026546,"circlet_count":0,"master_deck":["Strike_B","Strike_B","Strike_B","Strike_B","Defend_B+1","Defend_B","Defend_B","Defend_B","Zap","Dualcast","Rebound","Steam+1","Compile Driver","Coolheaded","Hyperbeam","Undo","Cold Snap","Core Surge","Conserve Battery","Capacitor","Stack","Fission","Barrage","Apotheosis+1","White Noise+1","Consume","Streamline","Consume","Chaos","Storm","Leap+1","Conserve Battery"],"relics":["Cracked Core","Letter Opener","Omamori","Vajra","Cursed Key","Enchiridion","ClockworkSouvenir","Question Card","Mummified Hand","Orichalcum"],"potions_floor_usage":[6,6,13,13,13,16,27,30,33,33],"damage_taken":[{"damage":5,"enemies":"Small Slimes","floor":1,"turns":3},{"damage":0,"enemies":"Cultist","floor":2,"turns":3},{"damage":0,"enemies":"2 Louse","floor":4,"turns":1},{"damage":23,"enemies":"Lagavulin","floor":6,"turns":7},{"damage":0,"enemies":"Large Slime","floor":7,"turns":4},{"damage":0,"enemies":"2 Fungi Beasts","floor":8,"turns":1},{"damage":0,"enemies":"Exordium Wildlife","floor":10,"turns":3},{"damage":0,"enemies":"3 Louse","floor":11,"turns":1},{"damage":5,"enemies":"2 Fungi Beasts","floor":12,"turns":3},{"damage":3,"enemies":"3 Sentries","floor":13,"turns":4},{"damage":12,"enemies":"Looter","floor":14,"turns":4},{"damage":17,"enemies":"Slime Boss","floor":16,"turns":7},{"damage":0,"enemies":"Chosen","floor":18,"turns":4},{"damage":0,"enemies":"Spheric Guardian","floor":21,"turns":4},{"damage":8,"enemies":"Shelled Parasite and Fungi","floor":24,"turns":4},{"damage":2,"enemies":"Centurion and Healer","floor":25,"turns":5},{"damage":7,"enemies":"Gremlin Leader","floor":27,"turns":4},{"damage":21,"enemies":"Snake Plant","floor":28,"turns":4},{"damage":26,"enemies":"Slavers","floor":30,"turns":4},{"damage":11,"enemies":"Sentry and Sphere","floor":31,"turns":4},{"damage":31,"enemies":"Collector","floor":33,"turns":7}],"seed_played":"-4942206012749344645","potions_obtained":[{"floor":1,"key":"GamblersBrew"},{"floor":2,"key":"Energy Potion"},{"floor":5,"key":"Energy Potion"},{"floor":7,"key":"GamblersBrew"},{"floor":8,"key":"GamblersBrew"},{"floor":14,"key":"Fire Potion"},{"floor":18,"key":"AttackPotion"},{"floor":24,"key":"EssenceOfSteel"},{"floor":30,"key":"Explosive Potion"},{"floor":31,"key":"Poison Potion"}],"is_trial":false,"path_per_floor":["M","M","?","M","?","E","M","M","T","M","M","M","E","M","R","B",null,"M","?","$","M","?","R","M","M","T","E","M","R","E","M","R","B"],"character_chosen":"DEFECT","items_purchased":["Apotheosis","ClockworkSouvenir"],"campfire_rested":3,"item_purchase_floors":[20,20],"current_hp_per_floor":[70,70,55,55,55,32,32,32,32,32,32,27,24,12,34,17,75,75,59,59,59,59,59,51,49,49,42,21,43,17,6,28,0],"gold":158,"neow_bonus":"THREE_CARDS","is_prod":false,"is_daily":false,"chose_seed":false,"campfire_upgraded":1,"win_rate":0,"timestamp":1564847358,"path_taken":["M","M","?","M","?","E","M","?","T","M","M","M","E","M","R","BOSS","M","?","$","M","?","R","M","M","T","E","M","R","E","M","R","BOSS"],"build_version":"2019-07-17","purchased_purges":0,"victory":false,"max_hp_per_floor":[75,75,75,75,75,75,75,75,75,75,75,75,75,75,75,75,75,75,75,75,75,75,75,75,75,75,75,75,75,75,75,75,75],"card_choices":[{"not_picked":["Redo","Barrage"],"picked":"Rebound","floor":0},{"not_picked":["Fusion","Reprogram"],"picked":"Steam","floor":1},{"not_picked":["Barrage","Steam"],"picked":"Compile Driver","floor":2},{"not_picked":["Beam Cell","Aggregate"],"picked":"Coolheaded","floor":4},{"not_picked":["Auto Shields","Multi-Cast"],"picked":"Hyperbeam","floor":6},{"not_picked":["Turbo","Scrape","Coolheaded"],"picked":"SKIP","floor":7},{"not_picked":["Streamline","Barrage"],"picked":"Undo","floor":8},{"not_picked":["Skim","Rebound"],"picked":"Cold Snap","floor":10},{"not_picked":["Fusion","Coolheaded"],"picked":"Core Surge","floor":11},{"not_picked":["Compile Driver","Gash"],"picked":"Conserve Battery","floor":12},{"not_picked":["Go for the Eyes","Coolheaded"],"picked":"Capacitor","floor":13},{"not_picked":["Cold Snap","Conserve Battery"],"picked":"Stack","floor":14},{"not_picked":["Meteor Strike","Rainbow"],"picked":"Fission","floor":16},{"not_picked":["Steam","Go for the Eyes"],"picked":"Barrage","floor":18},{"not_picked":["Heatsinks+1","Storm+1"],"picked":"White Noise+1","floor":21},{"not_picked":["Meteor Strike","Sweeping Beam"],"picked":"Streamline","floor":24},{"not_picked":["Stack","Sunder"],"picked":"Consume","floor":25},{"not_picked":["Scrape","Blizzard","Ball Lightning"],"picked":"Chaos","floor":27},{"not_picked":["Beam Cell","Aggregate","Ball Lightning"],"picked":"Storm","floor":28},{"not_picked":["Darkness","Rainbow","Go for the Eyes"],"picked":"Leap+1","floor":30},{"not_picked":["Coolheaded","Leap+1","Auto Shields"],"picked":"Conserve Battery","floor":31}],"player_experience":117943,"relics_obtained":[{"floor":6,"key":"Letter Opener"},{"floor":9,"key":"Omamori"},{"floor":13,"key":"Vajra"},{"floor":19,"key":"Enchiridion"},{"floor":26,"key":"Question Card"},{"floor":27,"key":"Mummified Hand"},{"floor":30,"key":"Orichalcum"}],"event_choices":[{"damage_healed":0,"gold_gain":0,"player_choice":"Entered Light","damage_taken":15,"max_hp_gain":0,"max_hp_loss":0,"event_name":"Shining Light","floor":3,"gold_loss":0,"cards_upgraded":["Steam","Defend_B"]},{"damage_healed":0,"gold_gain":0,"player_choice":"Bought 1 Potion","damage_taken":0,"max_hp_gain":0,"max_hp_loss":0,"event_name":"The Woman in Blue","floor":5,"gold_loss":0},{"damage_healed":0,"gold_gain":0,"player_choice":"Obtained Book","damage_taken":16,"max_hp_gain":0,"max_hp_loss":0,"event_name":"Cursed Tome","floor":19,"gold_loss":0},{"damage_healed":0,"gold_gain":0,"player_choice":"Read","damage_taken":0,"max_hp_gain":0,"max_hp_loss":0,"event_name":"The Library","floor":22,"gold_loss":0,"cards_obtained":["Consume"]}],"is_beta":false,"boss_relics":[{"not_picked":["Eternal Feather","Inserter"],"picked":"Cursed Key"}],"items_purged_floors":[],"is_endless":false,"potions_floor_spawned":[1,2,7,8,14,18,24,30,31],"killed_by":"Collector","ascension_level":1}