{"gold_per_floor":[112,112,112,112,124,153,224,149,194,194,194,228,228,249,249,340,340,363,363,378,107,128,159,159,182,227,364,420,453,465,5,5,101,101,116,116,116,140,161,161,0,38,83,114,137,175,199,74,74,74,74,74,74,18,57,57],"floor_reached":57,"playtime":2277,"items_purged":["Strike_G","Defend_G","Defend_G"],"score":3682,"play_id":"ea676320-08ef-46bb-9d7d-2ed5447c368a","local_time":"20181205233011","is_ascension_mode":true,"campfire_choices":[{"data":"Bouncing Flask","floor":10.0,"key":"SMITH"},{"data":"Catalyst","floor":13.0,"key":"SMITH"},{"data":"Neutralize","floor":15.0,"key":"SMITH"},{"data":"Tactician","floor":24,"key":"SMITH"},{"data":"Acrobatics","floor":30,"key":"SMITH"},{"data":"Adrenaline","floor":32,"key":"SMITH"},{"floor":40,"key":"RECALL"},{"data":"Acrobatics","floor":49,"key":"SMITH"},{"data":"PiercingWail","floor":53,"key":"SMITH"}],"neow_cost":"NONE","seed_source_timestamp":1809515370014,"circlet_count":0,"master_deck":["AscendersBane","Defend_G","Defend_G+1","Survivor","Neutralize+1","Bouncing Flask+1","Blur","Catalyst+1","PiercingWail+1","Adrenaline+1","Catalyst+1","Malaise+1","Calculated Gamble+1","Acrobatics+1","Tactician+1","Acrobatics+1","Concentrate+1","Backflip","Apotheosis+1","Acrobatics+1","After Image+1","Acrobatics+1"],"special_seed":0,"relics":["Ring of the Snake","NeowsBlessing","Omamori","Paper Crane","Art of War","Golden Idol","Matryoshka","Astrolabe","Centennial Puzzle","Dream Catcher","MawBank","Lantern","The Specimen","Meat on the Bone","Pen Nib","Toxic Egg 2","Runic Pyramid","Red Mask","Kunai","Potion Belt","Frozen Egg 2","Bottled Lightning","Oddly Smooth Stone"],"potions_floor_usage":[23,28,56,56,56,56],"damage_taken":[{"damage":0.0,"enemies":"Cultist","floor":1.0,"turns":1.0},{"damage":0.0,"enemies":"2 Louse","floor":5.0,"turns":1.0},{"damage":0.0,"enemies":"Gremlin Nob","floor":6.0,"turns":1.0},{"damage":4.0,"enemies":"Lagavulin","floor":12.0,"turns":4.0},{"damage":2.0,"enemies":"Small Slimes","floor":14.0,"turns":4.0},{"damage":0.0,"enemies":"Hexaghost","floor":16.0,"turns":6.0},{"damage":0.0,"enemies":"Chosen","floor":18.0,"turns":2.0},{"damage":17.0,"enemies":"2 Thieves","floor":20.0,"turns":4.0},{"damage":0.0,"enemies":"Centurion and Healer","floor":22.0,"turns":6.0},{"damage":0,"enemies":"Book of Stabbing","floor":23,"turns":5},{"damage":0,"enemies":"Snake Plant","floor":25,"turns":4},{"damage":1,"enemies":"Colosseum Slavers","floor":27,"turns":4},{"damage":20,"enemies":"Colosseum Nobs","floor":27,"turns":6},{"damage":0,"enemies":"Slavers","floor":28,"turns":3},{"damage":0,"enemies":"Snecko","floor":29,"turns":2},{"damage":0,"enemies":"Automaton","floor":33,"turns":2},{"damage":0,"enemies":"3 Darklings","floor":35,"turns":3},{"damage":0,"enemies":"3 Shapes","floor":38,"turns":4},{"damage":0,"enemies":"3 Darklings","floor":39,"turns":3},{"damage":0,"enemies":"Reptomancer","floor":42,"turns":4},{"damage":0,"enemies":"Nemesis","floor":44,"turns":1},{"damage":0,"enemies":"4 Shapes","floor":45,"turns":3},{"damage":0,"enemies":"Reptomancer","floor":46,"turns":2},{"damage":0,"enemies":"Maw","floor":47,"turns":3},{"damage":0,"enemies":"Donu and Deca","floor":50,"turns":5},{"damage":0,"enemies":"Awakened One","floor":51,"turns":10},{"damage":0,"enemies":"Shield and Spear","floor":55,"turns":3},{"damage":5,"enemies":"The Heart","floor":56,"turns":7}],"seed_played":"6496691519175070773","potions_obtained":[{"floor":1.0,"key":"PowerPotion"},{"floor":6.0,"key":"FearPotion"},{"floor":12.0,"key":"Energy Potion"},{"floor":14.0,"key":"Poison Potion"},{"floor":18.0,"key":"SkillPotion"},{"floor":20.0,"key":"EssenceOfSteel"},{"floor":27,"key":"SkillPotion"},{"floor":28,"key":"EssenceOfSteel"},{"floor":44,"key":"EssenceOfSteel"},{"floor":45,"key":"LiquidBronze"},{"floor":46,"key":"PowerPotion"}],"is_trial":false,"path_per_floor":["M","?","?","?","M","E","T","$","T","R","?","E","R","M","R","B",null,"M","?","M","$","M","E","R","M","T","?","E","M","R","$","R","B",null,"M","?","?","M","M","R","?","E","T","E","M","E","M","$","R","B","B",null,"R","$","E","B",null],"character_chosen":"THE_SILENT","items_purchased":["Centennial Puzzle","Toxic Egg 2","Apotheosis+1","Acrobatics+1"],"campfire_rested":0,"item_purchase_floors":[21,31,31,54],"current_hp_per_floor":[59,39,39,39,39,39,39,39,39,39,39,35,35,33,33,33,53,53,53,36,36,36,36,36,36,36,15,27,39,39,39,39,39,55,55,55,55,55,55,55,55,55,55,55,55,55,55,55,55,55,55,57,57,57,57,52],"gold":57,"neow_bonus":"THREE_ENEMY_KILL","is_prod":false,"is_daily":false,"chose_seed":false,"campfire_upgraded":8,"win_rate":0,"timestamp":1544023811,"path_taken":["M","?","?","?","?","E","?","?","T","R","?","E","R","M","R","BOSS","M","?","?","$","M","E","R","M","T","?","E","M","R","$","R","BOSS","M","?","?","M","?","R","?","E","T","E","M","E","M","$","R","BOSS","BOSS","R","$","E","BOSS"],"build_version":"2018-12-05","purchased_purges":3,"victory":true,"max_hp_per_floor":[66,66,66,66,66,66,66,66,66,66,60,60,60,60,60,60,60,60,60,60,60,60,60,60,60,60,60,60,60,60,60,60,60,60,60,57,57,57,57,57,57,57,57,57,57,57,57,57,57,57,57,57,57,57,57,57],"card_choices":[{"not_picked":["Crippling Poison","Riddle With Holes"],"picked":"Bouncing Flask","floor":1.0},{"not_picked":["Bouncing Flask","Dagger Throw"],"picked":"Blur","floor":5.0},{"not_picked":["Predator","Deadly Poison"],"picked":"Catalyst","floor":6.0},{"not_picked":["Finisher","Outmaneuver","Cloak And Dagger"],"picked":"SKIP","floor":12.0},{"not_picked":["Bouncing Flask","Dagger Spray"],"picked":"PiercingWail","floor":14.0},{"not_picked":["Night Terror","Phantasmal Killer"],"picked":"Adrenaline","floor":16.0},{"not_picked":["Quick Slash","Deflect+1"],"picked":"Acrobatics","floor":18.0},{"not_picked":["Underhanded Strike+1","Predator"],"picked":"Tactician","floor":20.0},{"not_picked":["Calculated Gamble","Poisoned Stab","Skewer"],"picked":"SKIP","floor":22.0},{"not_picked":["Phantasmal Killer","Escape Plan+1"],"picked":"Acrobatics","floor":23},{"not_picked":["Tactician","Backflip"],"picked":"Concentrate+1","floor":25},{"not_picked":["Finisher","Riddle With Holes","Deflect"],"picked":"SKIP","floor":28},{"not_picked":["Sucker Punch","PiercingWail"],"picked":"Backflip","floor":29},{"not_picked":["Eviscerate","Dagger Spray","Dagger Throw+1"],"picked":"SKIP","floor":35},{"not_picked":["Dagger Spray+1","Dash","Outmaneuver+1"],"picked":"SKIP","floor":38},{"not_picked":["Dagger Spray+1","Dash","Outmaneuver+1"],"picked":"SKIP","floor":38},{"not_picked":["Crippling Poison+1","Deflect+1","Concentrate+1"],"picked":"SKIP","floor":39},{"not_picked":["Bane+1","Deflect+1","Slice"],"picked":"SKIP","floor":42},{"not_picked":["PiercingWail+1","Setup+1","Caltrops"],"picked":"SKIP","floor":44},{"not_picked":["Skewer","Underhanded Strike","Slice"],"picked":"SKIP","floor":45},{"not_picked":["Accuracy+1","Outmaneuver+1"],"picked":"After Image+1","floor":46},{"not_picked":["Backflip+1","Underhanded Strike","Flying Knee+1"],"picked":"SKIP","floor":47},{"not_picked":["Flying Knee","Grand Finale","Prepared+1"],"picked":"SKIP","floor":55}],"player_experience":1196084,"relics_obtained":[{"floor":6.0,"key":"Omamori"},{"floor":7.0,"key":"Paper Crane"},{"floor":9.0,"key":"Art of War"},{"floor":12.0,"key":"Matryoshka"},{"floor":23,"key":"Dream Catcher"},{"floor":26,"key":"MawBank"},{"floor":26,"key":"Lantern"},{"floor":27,"key":"The Specimen"},{"floor":27,"key":"Meat on the Bone"},{"floor":28,"key":"Pen Nib"},{"floor":42,"key":"Kunai"},{"floor":43,"key":"Potion Belt"},{"floor":44,"key":"Frozen Egg 2"},{"floor":46,"key":"Bottled Lightning"},{"floor":55,"key":"Oddly Smooth Stone"}],"event_choices":[{"damage_healed":0.0,"max_hp_gain":0.0,"max_hp_loss":0.0,"gold_gain":0.0,"event_name":"Shining Light","player_choice":"Entered Light","floor":2.0,"gold_loss":0.0,"damage_taken":20.0,"cards_upgraded":["Defend_G","Strike_G"]},{"damage_healed":0.0,"max_hp_gain":0.0,"max_hp_loss":0.0,"gold_gain":0.0,"event_name":"Liars Game","player_choice":"Ignored","floor":3.0,"gold_loss":0.0,"damage_taken":0.0},{"cards_removed":["Strike_G"],"damage_healed":0.0,"max_hp_gain":0.0,"max_hp_loss":0.0,"gold_gain":0.0,"event_name":"Bonfire Elementals","player_choice":"Offered Basic","floor":4.0,"gold_loss":0.0,"damage_taken":0.0},{"damage_healed":0.0,"max_hp_gain":0.0,"max_hp_loss":6.0,"gold_gain":0.0,"event_name":"Golden Idol","player_choice":"Lose Max HP","floor":11.0,"gold_loss":0.0,"damage_taken":0.0,"relics_obtained":["Golden Idol"]},{"cards_removed":["Strike_G"],"damage_healed":0.0,"max_hp_gain":0.0,"max_hp_loss":0.0,"gold_gain":0.0,"event_name":"Purifier","player_choice":"Purged","floor":19.0,"gold_loss":0.0,"damage_taken":0.0},{"damage_healed":0,"gold_gain":0,"player_choice":"Fight","damage_taken":0,"max_hp_gain":0,"max_hp_loss":0,"event_name":"Colosseum","floor":27,"gold_loss":0},{"damage_healed":0,"gold_gain":0,"player_choice":"Fought Nobs","damage_taken":0,"max_hp_gain":0,"max_hp_loss":0,"event_name":"Colosseum","floor":27,"gold_loss":0},{"damage_healed":0,"gold_gain":0,"player_choice":"Max HP","damage_taken":0,"max_hp_gain":0,"max_hp_loss":3,"event_name":"Winding Halls","floor":36,"gold_loss":0},{"damage_healed":0,"gold_gain":0,"player_choice":"Copied","damage_taken":0,"max_hp_gain":0,"max_hp_loss":0,"event_name":"Duplicator","floor":37,"gold_loss":0,"cards_obtained":["Acrobatics"]},{"damage_healed":0,"gold_gain":0,"player_choice":"Paid","damage_taken":0,"relics_obtained":["Red Mask"],"max_hp_gain":0,"max_hp_loss":0,"event_name":"Tomb of Lord Red Mask","floor":41,"gold_loss":161}],"is_beta":true,"boss_relics":[{"not_picked":["WristBlade","Orrery"],"picked":"Astrolabe"},{"not_picked":["HoveringKite","Pandora\u0027s Box"],"picked":"Runic Pyramid"}],"items_purged_floors":[8,21,48],"is_endless":false,"potions_floor_spawned":[1,6,12,14,18,20,27,28,29,42,44,45,46,55],"ascension_level":20}