{"gold_per_floor":[363,144,144,158,7,7,35,35,61,85,85,85,98,115,115,192,192,202,202,202,202,222,222,234,234,234,234,248,248,267,284,284,362,362,375,385,260,260,260,260,289,308,308,308],"floor_reached":44,"playtime":1349,"items_purged":["Strike_R","Strike_R","Defend_R"],"score":922,"play_id":"145f5faa-ed93-4b8a-a27b-568b245008e3","local_time":"20181219235808","is_ascension_mode":true,"campfire_choices":[{"data":"Searing Blow","floor":6.0,"key":"SMITH"},{"data":"Searing Blow+1","floor":8.0,"key":"SMITH"},{"data":"Searing Blow+2","floor":11.0,"key":"SMITH"},{"data":"Searing Blow+3","floor":15.0,"key":"SMITH"},{"data":"Searing Blow+4","floor":23.0,"key":"SMITH"},{"data":"Searing Blow+5","floor":25.0,"key":"SMITH"},{"data":"Searing Blow+6","floor":27.0,"key":"SMITH"},{"data":"Searing Blow+7","floor":29.0,"key":"SMITH"},{"data":"Searing Blow+8","floor":32.0,"key":"SMITH"},{"data":"Searing Blow+9","floor":40.0,"key":"SMITH"}],"neow_cost":"TEN_PERCENT_HP_LOSS","seed_source_timestamp":12065158156762,"circlet_count":0,"master_deck":["AscendersBane","Strike_R+1","Strike_R+1","Defend_R","Defend_R","Bash+1","Clash+1","Searing Blow+10","Armaments","Armaments","True Grit+1","Dropkick+1","Burning Pact","Double Tap","Parasite"],"special_seed":0,"relics":["Burning Blood","NlothsMask","Molten Egg 2","Whetstone","Runic Pyramid","Self Forming Clay","Cursed Key","Bronze Scales"],"potions_floor_usage":[44,44],"damage_taken":[{"damage":1.0,"enemies":"Small Slimes","floor":1.0,"turns":4.0},{"damage":2.0,"enemies":"Cultist","floor":4.0,"turns":4.0},{"damage":50.0,"enemies":"3 Sentries","floor":7.0,"turns":11.0},{"damage":0.0,"enemies":"Jaw Worm","floor":13.0,"turns":3.0},{"damage":6.0,"enemies":"Looter","floor":14.0,"turns":2.0},{"damage":21.0,"enemies":"Slime Boss","floor":16.0,"turns":7.0},{"damage":45.0,"enemies":"3 Byrds","floor":18.0,"turns":8.0},{"damage":3.0,"enemies":"Shell Parasite","floor":22.0,"turns":6.0},{"damage":0.0,"enemies":"Centurion and Healer","floor":24.0,"turns":4.0},{"damage":18.0,"enemies":"Cultist and Chosen","floor":28.0,"turns":5.0},{"damage":2.0,"enemies":"Chosen and Byrds","floor":30.0,"turns":3.0},{"damage":0.0,"enemies":"Sentry and Sphere","floor":31.0,"turns":4.0},{"damage":7.0,"enemies":"Champ","floor":33.0,"turns":13.0},{"damage":10.0,"enemies":"3 Shapes","floor":35.0,"turns":5.0},{"damage":26.0,"enemies":"3 Darklings","floor":36.0,"turns":10.0},{"damage":11.0,"enemies":"Nemesis","floor":41.0,"turns":3.0},{"damage":0.0,"enemies":"Sphere and 2 Shapes","floor":42.0,"turns":4.0},{"damage":41,"enemies":"Reptomancer","floor":44,"turns":2}],"seed_played":"-2453340630245750947","potions_obtained":[{"floor":4.0,"key":"Regen Potion"},{"floor":22.0,"key":"LiquidBronze"},{"floor":24.0,"key":"LiquidBronze"}],"is_trial":false,"path_per_floor":["M","$","?","M","$","R","E","R","T","T","R","?","M","M","R","B",null,"M","?","?","?","M","R","M","R","T","R","M","R","M","M","R","B",null,"M","M","$","?","?","R","E","M","T","E"],"character_chosen":"IRONCLAD","items_purchased":["Searing Blow","Armaments","Armaments"],"campfire_rested":0,"item_purchase_floors":[2,2,5],"current_hp_per_floor":[68,68,68,68,68,68,24,24,24,24,24,4,10,10,10,10,54,15,15,29,29,32,32,38,38,38,38,26,26,30,36,36,35,60,56,36,36,36,36,36,31,37,37,0],"gold":308,"neow_bonus":"TWO_FIFTY_GOLD","is_prod":false,"is_daily":false,"chose_seed":false,"campfire_upgraded":10,"win_rate":0,"timestamp":1545235088,"path_taken":["M","$","?","M","?","R","E","R","T","?","R","?","M","M","R","BOSS","M","?","?","?","M","R","M","R","T","R","M","R","M","?","R","BOSS","M","M","$","?","?","R","E","M","T","E"],"build_version":"2018-12-13","purchased_purges":3,"victory":false,"max_hp_per_floor":[68,68,68,68,68,68,68,68,68,68,68,68,68,68,68,68,68,68,68,68,68,68,68,68,68,68,68,68,68,68,68,68,68,68,68,68,68,65,65,65,65,65,65,65],"card_choices":[{"not_picked":["Infernal Blade","Ghostly Armor"],"picked":"Clash","floor":1.0},{"not_picked":["Sword Boomerang","Body Slam","Pummel"],"picked":"SKIP","floor":4.0},{"not_picked":["Rampage","Havoc","Searing Blow"],"picked":"SKIP","floor":7.0},{"not_picked":["Spot Weakness","Sword Boomerang+1","Iron Wave+1"],"picked":"SKIP","floor":13.0},{"not_picked":["Clothesline+1","Perfected Strike+1","Body Slam+1"],"picked":"SKIP","floor":14.0},{"not_picked":["Body Slam+1","Sever Soul+1","Carnage+1"],"picked":"SKIP","floor":18.0},{"not_picked":["Iron Wave+1","Flex","Havoc"],"picked":"SKIP","floor":22.0},{"not_picked":["Combust","Reckless Charge+1","Anger+1"],"picked":"SKIP","floor":24.0},{"not_picked":["Flame Barrier","Clash+1","Headbutt+1"],"picked":"SKIP","floor":28.0},{"not_picked":["Metallicize","Thunderclap+1"],"picked":"True Grit+1","floor":30.0},{"not_picked":["Pommel Strike+1","Flex","Evolve"],"picked":"SKIP","floor":31.0},{"not_picked":["Infernal Blade","Whirlwind+1","Spot Weakness"],"picked":"SKIP","floor":35.0},{"not_picked":["Iron Wave+1","Ghostly Armor+1"],"picked":"Dropkick+1","floor":36.0},{"not_picked":["Clash+1","Thunderclap+1"],"picked":"Burning Pact","floor":41.0},{"not_picked":["Pommel Strike+1","Entrench"],"picked":"Double Tap","floor":42.0}],"player_experience":1395005,"relics_obtained":[{"floor":7.0,"key":"Molten Egg 2"},{"floor":10.0,"key":"Whetstone"},{"floor":26.0,"key":"Self Forming Clay"},{"floor":41.0,"key":"Bronze Scales"}],"event_choices":[{"damage_healed":0.0,"max_hp_gain":0.0,"max_hp_loss":0.0,"gold_gain":0.0,"event_name":"FaceTrader","player_choice":"Trade","floor":3.0,"gold_loss":0.0,"damage_taken":0.0,"relics_obtained":["NlothsMask"]},{"damage_healed":0.0,"max_hp_gain":0.0,"max_hp_loss":0.0,"gold_gain":0.0,"event_name":"Shining Light","player_choice":"Entered Light","floor":12.0,"gold_loss":0.0,"damage_taken":20.0,"cards_upgraded":["Strike_R","Clash"]},{"cards_removed":["Strike_R"],"damage_healed":0.0,"max_hp_gain":0.0,"max_hp_loss":0.0,"gold_gain":0.0,"event_name":"Back to Basics","player_choice":"Elegance","floor":19.0,"gold_loss":0.0,"damage_taken":0.0},{"damage_healed":14.0,"max_hp_gain":0.0,"max_hp_loss":0.0,"gold_gain":0.0,"event_name":"The Library","player_choice":"Heal","floor":20.0,"gold_loss":0.0,"damage_taken":0.0},{"damage_healed":0.0,"max_hp_gain":0.0,"max_hp_loss":0.0,"gold_gain":0.0,"event_name":"WeMeetAgain","player_choice":"Ignored","floor":21.0,"gold_loss":0.0,"damage_taken":0.0},{"damage_healed":0.0,"max_hp_gain":0.0,"max_hp_loss":3.0,"gold_gain":0.0,"event_name":"Winding Halls","player_choice":"Max HP","floor":38.0,"gold_loss":0.0,"damage_taken":0.0},{"cards_removed":["Defend_R"],"damage_healed":0.0,"max_hp_gain":0.0,"max_hp_loss":0.0,"gold_gain":0.0,"event_name":"Purifier","player_choice":"Purged","floor":39.0,"gold_loss":0.0,"damage_taken":0.0}],"is_beta":false,"boss_relics":[{"not_picked":["Snecko Eye","Sozu"],"picked":"Runic Pyramid"},{"not_picked":["Black Star","Lizard Tail"],"picked":"Cursed Key"}],"items_purged_floors":[2,5,37],"is_endless":false,"potions_floor_spawned":[4,22,24,30,33,36],"killed_by":"Reptomancer","ascension_level":20}