{"gold_per_floor":[109,23,23,23,23,23,58,58,58,73,48,48,48,79,79,156,156,176,130,130],"floor_reached":20,"playtime":418,"items_purged":[],"score":431,"play_id":"e2640182-5ae6-4154-929b-42a490eb924c","local_time":"20190405004858","is_ascension_mode":true,"campfire_choices":[{"data":"Well Laid Plans","floor":6,"key":"SMITH"},{"data":"Neutralize","floor":8,"key":"SMITH"},{"data":"Deadly Poison","floor":12,"key":"SMITH"},{"data":"Deadly Poison","floor":15,"key":"SMITH"}],"neow_cost":"NONE","seed_source_timestamp":45993147209272,"circlet_count":0,"master_deck":["AscendersBane","Defend_G","Defend_G","Defend_G","Defend_G","Defend_G","Strike_G","Strike_G","Strike_G","Strike_G","Strike_G","Survivor","Neutralize+1","Well Laid Plans+1","All Out Attack","Well Laid Plans","Deadly Poison+1","Deadly Poison+1","Grand Finale","Backflip"],"relics":["Ring of the Snake","NeowsBlessing","Blue Candle","Mango","Nunchaku","Bottled Tornado","Runic Dome"],"potions_floor_usage":[19],"damage_taken":[{"damage":0,"enemies":"Cultist","floor":1,"turns":1},{"damage":0,"enemies":"Lagavulin","floor":7,"turns":1},{"damage":0,"enemies":"Small Slimes","floor":10,"turns":1},{"damage":45,"enemies":"3 Sentries","floor":14,"turns":9},{"damage":14,"enemies":"Hexaghost","floor":16,"turns":9},{"damage":26,"enemies":"Spheric Guardian","floor":18,"turns":6},{"damage":15,"enemies":"2 Thieves","floor":19,"turns":5},{"damage":0,"enemies":"Masked Bandits","floor":20,"turns":1}],"seed_played":"8093643313521627359","potions_obtained":[{"floor":10,"key":"Explosive Potion"},{"floor":18,"key":"EssenceOfSteel"}],"is_trial":false,"path_per_floor":["M","$","?","T","$","R","E","R","T","M","$","R","?","E","R","B",null,"M","M","?"],"character_chosen":"THE_SILENT","items_purchased":["Well Laid Plans","Deadly Poison"],"campfire_rested":0,"item_purchase_floors":[2,11],"current_hp_per_floor":[59,59,64,64,64,64,78,78,78,78,78,78,66,21,21,7,66,40,25,25],"gold":130,"neow_bonus":"THREE_ENEMY_KILL","is_prod":false,"is_daily":false,"chose_seed":false,"campfire_upgraded":4,"win_rate":0,"timestamp":1554396538,"path_taken":["M","?","?","?","$","R","E","R","T","M","?","R","?","E","R","BOSS","M","?","?"],"build_version":"2019-01-23","purchased_purges":0,"victory":false,"max_hp_per_floor":[66,66,71,71,71,71,85,85,85,85,85,85,85,85,85,85,85,85,85,85],"card_choices":[{"not_picked":["Deflect","Blade Dance","PiercingWail"],"picked":"SKIP","floor":1},{"not_picked":["Bane","Blade Dance"],"picked":"All Out Attack","floor":7},{"not_picked":["Acrobatics","Expertise"],"picked":"Well Laid Plans","floor":10},{"not_picked":["Dagger Spray","Poisoned Stab"],"picked":"Deadly Poison","floor":14},{"not_picked":["Adrenaline","Wraith Form v2"],"picked":"Grand Finale","floor":16},{"not_picked":["Distraction","Prepared"],"picked":"Backflip","floor":18},{"not_picked":["Underhanded Strike","Deflect","Poisoned Stab"],"picked":"SKIP","floor":19}],"player_experience":4063414,"relics_obtained":[{"floor":4,"key":"Blue Candle"},{"floor":7,"key":"Mango"},{"floor":9,"key":"Nunchaku"},{"floor":14,"key":"Bottled Tornado"}],"event_choices":[{"damage_healed":0,"gold_gain":0,"player_choice":"Donut","damage_taken":0,"max_hp_gain":5,"max_hp_loss":0,"event_name":"Big Fish","floor":3,"gold_loss":0},{"damage_healed":0,"gold_gain":0,"player_choice":"Damaged","damage_taken":12,"max_hp_gain":0,"max_hp_loss":0,"event_name":"Wheel of Change","floor":13,"gold_loss":0},{"damage_healed":0,"gold_gain":0,"player_choice":"Fought Bandits","damage_taken":0,"max_hp_gain":0,"max_hp_loss":0,"event_name":"Masked Bandits","floor":20,"gold_loss":0}],"is_beta":false,"boss_relics":[{"not_picked":["Runic Pyramid","Sozu"],"picked":"Runic Dome"}],"items_purged_floors":[],"is_endless":false,"potions_floor_spawned":[10,18],"killed_by":"Masked Bandits","ascension_level":20}