{"gold_per_floor":[214,234,509,525,285,296,296,322,322,253,263,263,275,225,225,326,326,336,336,255,270,285,175,191,85,108,132,144,156,168,208,220,327,339,366,240,251,3,21,21,38,38,108,108,135,154,154,170,170,170],"floor_reached":50,"playtime":1923,"items_purged":["Regret","Strike_G","Strike_G","Defend_G","Defend_G","Tactician+1"],"score":569,"play_id":"86fe7b58-ba82-47e2-b6c8-4cc1217c4574","local_time":"20181114184504","is_ascension_mode":false,"campfire_choices":[{"data":"Noxious Fumes","floor":7.0,"key":"SMITH"},{"floor":12.0,"key":"REST"},{"data":"Deadly Poison","floor":15.0,"key":"SMITH"},{"data":"Well Laid Plans","floor":28.0,"key":"SMITH"},{"data":"A Thousand Cuts","floor":30.0,"key":"SMITH"},{"data":"Footwork","floor":32.0,"key":"SMITH"},{"floor":40.0,"key":"REST"},{"floor":47.0,"key":"REST"},{"floor":49.0,"key":"REST"}],"neow_cost":"NONE","seed_source_timestamp":27805322846868,"circlet_count":0,"master_deck":["Survivor","Neutralize","Backflip","Noxious Fumes+1","Poisoned Stab","Deadly Poison+1","Footwork+1","Blur+1","Night Terror+1","Bouncing Flask+1","Escape Plan+1","Backflip+1","Backflip+1","Catalyst+1","Footwork","Well Laid Plans+1","Footwork","Bouncing Flask+1","A Thousand Cuts+1","Malaise+1","Bullet Time+1","Tactician+1","Infinite Blades+1","Catalyst+1","Footwork","Deadly Poison+1","Footwork","Apotheosis+1","Footwork+1","Footwork+1","Dodge and Roll+1","Venomology+1"],"special_seed":0,"relics":["Ring of the Snake","Membership Card","Torii","Toxic Egg 2","Orrery","MawBank","Shuriken","Astrolabe","Bottled Lightning","Ninja Scroll","Pen Nib"],"potions_floor_usage":[50,50],"damage_taken":[{"damage":0.0,"enemies":"2 Louse","floor":1.0,"turns":2.0},{"damage":0.0,"enemies":"Cultist","floor":2.0,"turns":4.0},{"damage":3.0,"enemies":"Jaw Worm","floor":4.0,"turns":4.0},{"damage":8.0,"enemies":"3 Louse","floor":6.0,"turns":4.0},{"damage":16.0,"enemies":"Lagavulin","floor":8.0,"turns":8.0},{"damage":6.0,"enemies":"Exordium Thugs","floor":11.0,"turns":5.0},{"damage":0.0,"enemies":"Large Slime","floor":13.0,"turns":6.0},{"damage":39.0,"enemies":"Slime Boss","floor":16.0,"turns":14.0},{"damage":0.0,"enemies":"Shell Parasite","floor":18.0,"turns":5.0},{"damage":1.0,"enemies":"3 Byrds","floor":21.0,"turns":4.0},{"damage":16.0,"enemies":"Cultist and Chosen","floor":22.0,"turns":6.0},{"damage":11.0,"enemies":"Snecko","floor":24.0,"turns":9.0},{"damage":1.0,"enemies":"Centurion and Healer","floor":27.0,"turns":8.0},{"damage":7.0,"enemies":"Gremlin Leader","floor":31.0,"turns":5.0},{"damage":18.0,"enemies":"Collector","floor":33.0,"turns":7.0},{"damage":0.0,"enemies":"Orb Walker","floor":35.0,"turns":2.0},{"damage":39.0,"enemies":"3 Shapes","floor":37.0,"turns":5.0},{"damage":7.0,"enemies":"Writhing Mass","floor":39.0,"turns":3.0},{"damage":1.0,"enemies":"Transient","floor":41.0,"turns":4.0},{"damage":33.0,"enemies":"Nemesis","floor":45.0,"turns":5.0},{"damage":3.0,"enemies":"Maw","floor":46.0,"turns":5.0},{"damage":17.0,"enemies":"Sphere and 2 Shapes","floor":48.0,"turns":6.0},{"damage":51,"enemies":"Awakened One","floor":50,"turns":3}],"seed_played":"-4343864643070703211","potions_obtained":[{"floor":1.0,"key":"EntropicBrew"},{"floor":8.0,"key":"Explosive Potion"},{"floor":11.0,"key":"Fruit Juice"},{"floor":13.0,"key":"AttackPotion"},{"floor":21.0,"key":"Explosive Potion"},{"floor":22.0,"key":"Block Potion"},{"floor":27.0,"key":"SneckoOil"},{"floor":37.0,"key":"PowerPotion"}],"is_trial":false,"path_per_floor":["M","M","?","M","$","M","R","E","T","$","M","R","M","?","R","B",null,"M","?","$","M","M","$","M","$","T","M","R","?","R","E","R","B",null,"M","$","M","$","M","R","M","?","T","?","E","M","R","M","R","B"],"character_chosen":"THE_SILENT","items_purchased":["Membership Card","Footwork","Catalyst+1","Well Laid Plans","Footwork","Footwork","Footwork","Apotheosis+1","Bottled Lightning"],"campfire_rested":4,"item_purchase_floors":[5,10,20,23,25,36,38,38,38],"current_hp_per_floor":[70,70,70,67,67,59,59,43,43,43,37,64,64,64,64,25,75,75,75,75,74,58,58,47,47,47,46,46,46,46,39,39,21,75,75,75,36,36,29,51,50,50,50,50,17,14,36,19,41,0],"gold":170,"neow_bonus":"HUNDRED_GOLD","is_prod":false,"is_daily":false,"chose_seed":false,"campfire_upgraded":5,"win_rate":0,"timestamp":1542192304,"path_taken":["M","M","?","M","$","M","R","E","T","$","?","R","M","?","R","BOSS","M","?","?","M","M","$","M","$","T","M","R","?","R","E","R","BOSS","M","$","M","$","M","R","M","?","T","?","E","M","R","?","R","BOSS"],"build_version":"2018-11-08","purchased_purges":6,"victory":false,"max_hp_per_floor":[70,70,70,70,70,70,70,70,70,70,70,75,75,75,75,75,75,75,75,75,75,75,75,75,75,75,75,75,75,75,75,75,75,75,75,75,75,75,75,75,75,75,75,75,75,75,75,75,75,75],"card_choices":[{"not_picked":["Eviscerate","Dodge and Roll","Acrobatics"],"picked":"SKIP","floor":1.0},{"not_picked":["Choke","Leg Sweep"],"picked":"Backflip","floor":2.0},{"not_picked":["Outmaneuver","Deflect"],"picked":"Noxious Fumes","floor":4.0},{"not_picked":["Eviscerate","Poisoned Stab","Sucker Punch"],"picked":"SKIP","floor":6.0},{"not_picked":["Eviscerate","Sucker Punch"],"picked":"Poisoned Stab","floor":6.0},{"not_picked":["Cloak And Dagger","Leg Sweep"],"picked":"Deadly Poison","floor":8.0},{"not_picked":["Blade Dance+1","Blur+1","Dagger Throw"],"picked":"SKIP","floor":11.0},{"not_picked":["Blade Dance+1","Dagger Throw"],"picked":"Blur+1","floor":11.0},{"not_picked":["Skewer","Reflex+1","Storm of Steel+1"],"picked":"SKIP","floor":13.0},{"not_picked":["Storm of Steel+1","A Thousand Cuts"],"picked":"Night Terror+1","floor":16.0},{"not_picked":["A Thousand Cuts","Flechettes"],"picked":"Bouncing Flask+1","floor":17.0},{"not_picked":["Dagger Spray","Setup+1"],"picked":"Escape Plan+1","floor":17.0},{"not_picked":["Slice","Poisoned Stab"],"picked":"Backflip+1","floor":17.0},{"not_picked":["Distraction+1","Dagger Throw+1"],"picked":"Backflip+1","floor":18.0},{"not_picked":["Infinite Blades","Accuracy","Bane"],"picked":"SKIP","floor":21.0},{"not_picked":["Dagger Throw","Backflip+1"],"picked":"Footwork","floor":22.0},{"not_picked":["Blade Dance+1","Crippling Poison+1","Underhanded Strike+1"],"picked":"SKIP","floor":24.0},{"not_picked":["Endless Agony","Poisoned Stab+1"],"picked":"Bouncing Flask+1","floor":27.0},{"not_picked":["Endless Agony","Quick Slash"],"picked":"Malaise+1","floor":31.0},{"not_picked":["Phantasmal Killer+1","Unload"],"picked":"Bullet Time+1","floor":33.0},{"not_picked":["Prepared+1","Crippling Poison+1"],"picked":"Catalyst+1","floor":35.0},{"not_picked":["Dagger Spray","Calculated Gamble+1"],"picked":"Deadly Poison+1","floor":37.0},{"not_picked":["Underhanded Strike+1","Endless Agony","Expertise+1"],"picked":"SKIP","floor":39.0},{"not_picked":["Cloak And Dagger+1","Endless Agony"],"picked":"Footwork+1","floor":41.0},{"not_picked":["Outmaneuver+1","Slice","Underhanded Strike"],"picked":"SKIP","floor":45.0},{"not_picked":["Setup+1","All Out Attack"],"picked":"Dodge and Roll+1","floor":46.0},{"not_picked":["Endless Agony+1","Underhanded Strike"],"picked":"Venomology+1","floor":48.0}],"player_experience":1008461,"relics_obtained":[{"floor":8.0,"key":"Torii"},{"floor":9.0,"key":"Toxic Egg 2"},{"floor":26.0,"key":"MawBank"},{"floor":31.0,"key":"Shuriken"},{"floor":43.0,"key":"Ninja Scroll"},{"floor":45.0,"key":"Pen Nib"}],"event_choices":[{"damage_healed":0.0,"max_hp_gain":0.0,"max_hp_loss":0.0,"gold_gain":275.0,"event_name":"Golden Shrine","player_choice":"Desecrate","floor":3.0,"gold_loss":0.0,"damage_taken":0.0,"cards_obtained":["Regret"]},{"cards_removed":["Strike_G"],"damage_healed":0.0,"max_hp_gain":0.0,"max_hp_loss":0.0,"gold_gain":0.0,"event_name":"The Cleric","player_choice":"Card Removal","floor":14.0,"gold_loss":50.0,"damage_taken":0.0},{"damage_healed":0.0,"max_hp_gain":0.0,"max_hp_loss":0.0,"gold_gain":0.0,"event_name":"The Woman in Blue","player_choice":"Bought 0 Potions","floor":19.0,"gold_loss":0.0,"damage_taken":0.0},{"damage_healed":0.0,"max_hp_gain":0.0,"max_hp_loss":0.0,"gold_gain":0.0,"cards_transformed":["Strike_G","Defend_G"],"event_name":"Drug Dealer","player_choice":"Became Test Subject","floor":29.0,"gold_loss":0.0,"damage_taken":0.0,"cards_obtained":["Tactician","A Thousand Cuts"]},{"cards_removed":["Unload"],"damage_healed":0.0,"max_hp_gain":0.0,"max_hp_loss":0.0,"gold_gain":0.0,"event_name":"Falling","player_choice":"Removed Attack","floor":42.0,"gold_loss":0.0,"damage_taken":0.0},{"damage_healed":0.0,"max_hp_gain":0.0,"max_hp_loss":0.0,"gold_gain":0.0,"event_name":"Duplicator","player_choice":"Copied","floor":44.0,"gold_loss":0.0,"damage_taken":0.0,"cards_obtained":["Footwork"]}],"is_beta":false,"boss_relics":[{"not_picked":["Black Star","Busted Crown"],"picked":"Orrery"},{"not_picked":["White Beast Statue","Eternal Feather"],"picked":"Astrolabe"}],"items_purged_floors":[5,10,20,23,25,36],"is_endless":false,"potions_floor_spawned":[1,8,11,13,21,22,27,35,37],"killed_by":"Awakened One","ascension_level":0}