{"gold_per_floor":[109,129,39,39,54,54,66,79,155,230,230,230,230,263,263,334,334,344,354,368,234,234,234,234,265,291,302,302,322,322,336,336,414,414,431,431,445,461,478,511,511,544,544,560,577,334,434,449,449,449,449,449,449,19,45,45],"floor_reached":57,"playtime":5253,"items_purged":["Strike_G","Strike_G"],"score":2787,"play_id":"6f3a5ee1-2b79-46f4-8277-a9aacbd8ab51","local_time":"20190715030746","is_ascension_mode":true,"campfire_choices":[{"data":"Neutralize","floor":6.0,"key":"SMITH"},{"data":"Acrobatics","floor":13.0,"key":"SMITH"},{"data":"Purity","floor":15.0,"key":"SMITH"},{"floor":24.0,"key":"RECALL"},{"data":"Leg Sweep","floor":28.0,"key":"SMITH"},{"data":"Malaise","floor":30.0,"key":"SMITH"},{"floor":32.0,"key":"DIG"},{"floor":41,"key":"DIG"},{"data":"Enlightenment","floor":49,"key":"SMITH"},{"floor":53,"key":"DIG"}],"neow_cost":"PERCENT_DAMAGE","seed_source_timestamp":52448375210674,"circlet_count":0,"master_deck":["AscendersBane","Defend_G","Defend_G","Defend_G","Defend_G","Survivor","Neutralize+1","Heel Hook","Bouncing Flask+1","Purity+1","Footwork+1","Acrobatics+1","Tools of the Trade+1","Adrenaline","Bane+1","Bullet Time+1","Backflip+1","Catalyst+1","Well Laid Plans+1","Leg Sweep+1","Malaise+1","Noxious Fumes+1","After Image+1","Deflect+1","Well Laid Plans+1","Adrenaline","Noxious Fumes+1","Well Laid Plans+1","Blur","Well Laid Plans+1","Enlightenment+1"],"special_seed":0,"relics":["Ring of the Snake","Frozen Egg 2","Mercury Hourglass","Smiling Mask","Astrolabe","Shovel","Dream Catcher","Coffee Dripper","Pantograph","Snake Skull","Bronze Scales","Unceasing Top","Mummified Hand","Membership Card","Anchor","Art of War","Pen Nib"],"potions_floor_usage":[40,40,50,56,56],"damage_taken":[{"damage":1.0,"enemies":"Cultist","floor":1.0,"turns":3.0},{"damage":1.0,"enemies":"Small Slimes","floor":2.0,"turns":4.0},{"damage":11.0,"enemies":"Jaw Worm","floor":5.0,"turns":4.0},{"damage":5.0,"enemies":"3 Louse","floor":7.0,"turns":5.0},{"damage":0.0,"enemies":"Lots of Slimes","floor":8.0,"turns":4.0},{"damage":28.0,"enemies":"3 Sentries","floor":14.0,"turns":8.0},{"damage":8.0,"enemies":"Hexaghost","floor":16.0,"turns":8.0},{"damage":0.0,"enemies":"Shell Parasite","floor":18.0,"turns":6.0},{"damage":0.0,"enemies":"3 Byrds","floor":19.0,"turns":4.0},{"damage":1.0,"enemies":"Centurion and Healer","floor":20.0,"turns":5.0},{"damage":0.0,"enemies":"Slavers","floor":23.0,"turns":1.0},{"damage":5.0,"enemies":"Book of Stabbing","floor":25.0,"turns":4.0},{"damage":4.0,"enemies":"Sentry and Sphere","floor":27.0,"turns":4.0},{"damage":0.0,"enemies":"Cultist and Chosen","floor":29.0,"turns":5.0},{"damage":4.0,"enemies":"Snecko","floor":31.0,"turns":5.0},{"damage":29,"enemies":"Automaton","floor":33,"turns":9},{"damage":0,"enemies":"3 Darklings","floor":35,"turns":5},{"damage":0,"enemies":"Orb Walker","floor":37,"turns":5},{"damage":4,"enemies":"Writhing Mass","floor":38,"turns":5},{"damage":4,"enemies":"Spire Growth","floor":39,"turns":5},{"damage":0,"enemies":"Reptomancer","floor":40,"turns":8},{"damage":0,"enemies":"Nemesis","floor":42,"turns":5},{"damage":0,"enemies":"Sphere and 2 Shapes","floor":44,"turns":3},{"damage":0,"enemies":"Maw","floor":45,"turns":5},{"damage":0,"enemies":"Mind Bloom Boss Battle","floor":47,"turns":6},{"damage":9,"enemies":"Transient","floor":48,"turns":6},{"damage":62,"enemies":"Awakened One","floor":50,"turns":21},{"damage":16,"enemies":"Donu and Deca","floor":51,"turns":10},{"damage":17,"enemies":"Shield and Spear","floor":55,"turns":8},{"damage":25,"enemies":"The Heart","floor":56,"turns":10}],"seed_played":"-8869677942232535037","potions_obtained":[{"floor":1.0,"key":"GamblersBrew"},{"floor":7.0,"key":"Fire Potion"},{"floor":14.0,"key":"EssenceOfSteel"},{"floor":20.0,"key":"SmokeBomb"},{"floor":27.0,"key":"Strength Potion"},{"floor":29.0,"key":"Weak Potion"},{"floor":35,"key":"GhostInAJar"},{"floor":38,"key":"SkillPotion"},{"floor":42,"key":"Dexterity Potion"},{"floor":45,"key":"SneckoOil"}],"is_trial":false,"path_per_floor":["M","M","$","T","M","R","M","M","T","?","?","?","R","E","R","B",null,"M","M","M","$","?","E","R","E","T","M","R","M","R","M","R","B",null,"M","?","M","M","M","E","R","E","T","M","M","$","?","M","R","B","B",null,"R","$","E","B",null],"character_chosen":"THE_SILENT","items_purchased":["Purity","Well Laid Plans+1","Well Laid Plans+1","Enlightenment","Membership Card","Anchor","Art of War","Ancient Potion"],"campfire_rested":0,"item_purchase_floors":[3,21,46,46,54,54,54,54],"current_hp_per_floor":[43,42,42,42,31,31,26,26,26,15,37,37,37,9,9,1,50,50,50,49,49,49,49,49,44,44,40,40,40,40,36,36,7,51,51,51,51,47,43,43,43,43,43,43,43,43,66,57,57,4,13,53,53,53,36,36],"gold":45,"neow_bonus":"TRANSFORM_TWO_CARDS","is_prod":false,"is_daily":false,"chose_seed":false,"campfire_upgraded":6,"win_rate":0,"timestamp":1563131266,"path_taken":["M","?","$","?","M","R","M","M","T","?","?","?","R","E","R","BOSS","M","?","?","$","?","E","R","E","T","?","R","M","R","M","R","BOSS","M","?","M","M","M","E","R","E","T","M","M","$","?","M","R","BOSS","BOSS","R","$","E","BOSS"],"build_version":"2019-07-05","purchased_purges":2,"victory":true,"max_hp_per_floor":[66,66,66,66,66,66,66,66,66,66,66,66,66,66,66,66,66,66,66,66,66,66,66,66,66,66,66,66,66,66,66,66,66,66,66,66,66,66,66,66,66,66,66,66,66,66,66,66,66,66,66,66,66,66,66,66],"card_choices":[{"not_picked":["Eviscerate","Deflect"],"picked":"Bouncing Flask","floor":1.0},{"not_picked":["Prepared","Skewer","Heel Hook"],"picked":"SKIP","floor":2.0},{"not_picked":["Quick Slash","Escape Plan"],"picked":"Footwork+1","floor":5.0},{"not_picked":["Dagger Spray","Deadly Poison"],"picked":"Acrobatics","floor":7.0},{"not_picked":["Flying Knee","Dagger Throw","Poisoned Stab"],"picked":"SKIP","floor":8.0},{"not_picked":["Slice","Bouncing Flask"],"picked":"Tools of the Trade+1","floor":14.0},{"not_picked":["A Thousand Cuts+1","Die Die Die"],"picked":"Adrenaline","floor":16.0},{"not_picked":["Dagger Throw+1","Acrobatics","Dodge and Roll"],"picked":"SKIP","floor":18.0},{"not_picked":["Acrobatics","Eviscerate+1"],"picked":"Catalyst","floor":19.0},{"not_picked":["Blade Dance","Flechettes","Underhanded Strike"],"picked":"SKIP","floor":20.0},{"not_picked":["Underhanded Strike","Dagger Throw","Deflect"],"picked":"SKIP","floor":25.0},{"not_picked":["Dodge and Roll","Choke"],"picked":"Leg Sweep","floor":27.0},{"not_picked":["Slice","Bouncing Flask"],"picked":"Malaise","floor":29.0},{"not_picked":["Crippling Poison","Terror"],"picked":"Noxious Fumes+1","floor":31.0},{"not_picked":["Burst","Die Die Die"],"picked":"After Image+1","floor":33},{"not_picked":["Setup","Outmaneuver","Cloak And Dagger"],"picked":"SKIP","floor":35},{"not_picked":["Flying Knee+1","Acrobatics"],"picked":"Deflect+1","floor":37},{"not_picked":["Sucker Punch+1","Cloak And Dagger","Deflect"],"picked":"SKIP","floor":38},{"not_picked":["Backflip+1","Eviscerate"],"picked":"Well Laid Plans+1","floor":39},{"not_picked":["Deadly Poison","Dagger Throw+1"],"picked":"Adrenaline","floor":40},{"not_picked":["Bane+1","Slice"],"picked":"Noxious Fumes+1","floor":42},{"not_picked":["Eviscerate","Caltrops+1"],"picked":"Well Laid Plans+1","floor":44},{"not_picked":["Skewer+1","Dagger Spray"],"picked":"Blur","floor":45},{"not_picked":["Flying Knee","Endless Agony+1","Deflect"],"picked":"SKIP","floor":48},{"not_picked":["Sucker Punch","Deadly Poison","Acrobatics"],"picked":"SKIP","floor":55}],"player_experience":5726244,"relics_obtained":[{"floor":4.0,"key":"Frozen Egg 2"},{"floor":9.0,"key":"Mercury Hourglass"},{"floor":14.0,"key":"Smiling Mask"},{"floor":25.0,"key":"Shovel"},{"floor":32.0,"key":"Dream Catcher"},{"floor":40,"key":"Pantograph"},{"floor":41,"key":"Snake Skull"},{"floor":42,"key":"Bronze Scales"},{"floor":47,"key":"Unceasing Top"},{"floor":53,"key":"Mummified Hand"},{"floor":55,"key":"Pen Nib"}],"event_choices":[{"damage_healed":0.0,"max_hp_gain":0.0,"max_hp_loss":0.0,"gold_gain":75.0,"event_name":"World of Goop","player_choice":"Gather Gold","floor":10.0,"gold_loss":0.0,"damage_taken":11.0},{"damage_healed":22.0,"max_hp_gain":0.0,"max_hp_loss":0.0,"gold_gain":0.0,"event_name":"Big Fish","player_choice":"Banana","floor":11.0,"gold_loss":0.0,"damage_taken":0.0},{"damage_healed":0.0,"max_hp_gain":0.0,"max_hp_loss":0.0,"gold_gain":0.0,"event_name":"Upgrade Shrine","player_choice":"Upgraded","floor":12.0,"gold_loss":0.0,"damage_taken":0.0,"cards_upgraded":["Bouncing Flask"]},{"damage_healed":0.0,"max_hp_gain":0.0,"max_hp_loss":0.0,"gold_gain":0.0,"event_name":"Upgrade Shrine","player_choice":"Upgraded","floor":22.0,"gold_loss":0.0,"damage_taken":0.0,"cards_upgraded":["Catalyst"]},{"damage_healed":0,"gold_gain":0,"player_choice":"Ignored","damage_taken":0,"max_hp_gain":0,"max_hp_loss":0,"event_name":"Tomb of Lord Red Mask","floor":36,"gold_loss":0},{"damage_healed":0,"gold_gain":0,"player_choice":"Fight","damage_taken":0,"max_hp_gain":0,"max_hp_loss":0,"event_name":"MindBloom","floor":47,"gold_loss":0}],"is_beta":false,"boss_relics":[{"not_picked":["HoveringKite","WristBlade"],"picked":"Astrolabe"},{"not_picked":["Black Star","Empty Cage"],"picked":"Coffee Dripper"}],"items_purged_floors":[21,46],"is_endless":false,"potions_floor_spawned":[1,7,14,16,20,23,27,29,35,38,42,45,55],"ascension_level":20}