{"gold_per_floor":[99,99,99,99,99,99,99,99,99,59,59,59,17,17,17,17,17,17,17,17,17,17,17,17,17,17,17,17,17,17,17,17,17,17,17,17,17,17,17,17,17,17,17,17,17,17,17,17,17,17,17,17,17,17,17,17],"floor_reached":57,"playtime":2410,"items_purged":[],"score":3074,"play_id":"7e3a02c1-1da5-428f-b885-8cae76d875fa","local_time":"20190619114947","is_ascension_mode":true,"campfire_choices":[{"data":"Loop","floor":6.0,"key":"SMITH"},{"data":"Coolheaded","floor":15.0,"key":"SMITH"},{"data":"Chaos","floor":23.0,"key":"SMITH"},{"data":"Heatsinks","floor":25.0,"key":"SMITH"},{"data":"Seek","floor":32.0,"key":"SMITH"},{"data":"Amplify","floor":40.0,"key":"SMITH"},{"data":"Rainbow","floor":47.0,"key":"SMITH"},{"floor":49.0,"key":"RECALL"},{"data":"Coolheaded","floor":53.0,"key":"SMITH"}],"neow_cost":"NONE","seed_source_timestamp":0,"circlet_count":0,"master_deck":["AscendersBane","Zap+1","Dualcast+1","Ball Lightning","Glacier","Loop+1","Conserve Battery","Coolheaded+1","Biased Cognition","Ball Lightning","Core Surge","Auto Shields","Steam+1","Scrape","Electrodynamics","Seek+1","Coolheaded","Heatsinks+1","Chaos+1","Defragment","Glacier","Storm","Amplify+1","Recycle+1","Coolheaded+1","Turbo","Buffer","Coolheaded+1","Rainbow+1"],"special_seed":0,"relics":["Ectoplasm","PreservedInsect","Happy Flower","Potion Belt","Pandora\u0027s Box","Boot","War Paint","Regal Pillow","Emotion Chip","Bird Faced Urn","Coffee Dripper","Thread and Needle","Mango","Art of War","MawBank","Lantern"],"potions_floor_usage":[56],"damage_taken":[{"damage":0.0,"enemies":"Cultist","floor":1.0,"turns":4.0},{"damage":1.0,"enemies":"2 Louse","floor":3.0,"turns":2.0},{"damage":2.0,"enemies":"Jaw Worm","floor":4.0,"turns":4.0},{"damage":19.0,"enemies":"Lagavulin","floor":7.0,"turns":9.0},{"damage":14.0,"enemies":"3 Louse","floor":8.0,"turns":5.0},{"damage":0.0,"enemies":"Looter","floor":10.0,"turns":3.0},{"damage":4.0,"enemies":"Lots of Slimes","floor":12.0,"turns":5.0},{"damage":13.0,"enemies":"3 Sentries","floor":14.0,"turns":4.0},{"damage":6.0,"enemies":"Hexaghost","floor":16.0,"turns":5.0},{"damage":3.0,"enemies":"3 Byrds","floor":18.0,"turns":2.0},{"damage":0.0,"enemies":"Spheric Guardian","floor":19.0,"turns":3.0},{"damage":14.0,"enemies":"Shelled Parasite and Fungi","floor":22.0,"turns":4.0},{"damage":0.0,"enemies":"Book of Stabbing","floor":24.0,"turns":4.0},{"damage":15.0,"enemies":"Slavers","floor":27.0,"turns":2.0},{"damage":4.0,"enemies":"3 Cultists","floor":29.0,"turns":3.0},{"damage":0.0,"enemies":"Gremlin Leader","floor":31.0,"turns":4.0},{"damage":14.0,"enemies":"Collector","floor":33.0,"turns":9.0},{"damage":0.0,"enemies":"Orb Walker","floor":35.0,"turns":3.0},{"damage":0.0,"enemies":"3 Darklings","floor":37.0,"turns":2.0},{"damage":15.0,"enemies":"Writhing Mass","floor":38.0,"turns":4.0},{"damage":0.0,"enemies":"Mind Bloom Boss Battle","floor":39.0,"turns":6.0},{"damage":0.0,"enemies":"Reptomancer","floor":41.0,"turns":5.0},{"damage":9.0,"enemies":"4 Shapes","floor":42.0,"turns":2.0},{"damage":0.0,"enemies":"Giant Head","floor":44.0,"turns":6.0},{"damage":0.0,"enemies":"Transient","floor":45.0,"turns":6.0},{"damage":0.0,"enemies":"Writhing Mass","floor":46.0,"turns":6.0},{"damage":27.0,"enemies":"Reptomancer","floor":48.0,"turns":5.0},{"damage":20.0,"enemies":"Awakened One","floor":50.0,"turns":7.0},{"damage":12.0,"enemies":"Donu and Deca","floor":51.0,"turns":4.0},{"damage":63.0,"enemies":"Shield and Spear","floor":55.0,"turns":6.0},{"damage":52,"enemies":"The Heart","floor":56,"turns":12}],"seed_played":"-279039012815147571","potions_obtained":[{"floor":3.0,"key":"Ancient Potion"},{"floor":7.0,"key":"FearPotion"},{"floor":14.0,"key":"Poison Potion"},{"floor":16.0,"key":"Weak Potion"},{"floor":22.0,"key":"FairyPotion"},{"floor":24.0,"key":"SteroidPotion"},{"floor":27.0,"key":"SneckoOil"},{"floor":38.0,"key":"PowerPotion"},{"floor":42.0,"key":"Explosive Potion"},{"floor":55.0,"key":"LiquidBronze"}],"is_trial":false,"path_per_floor":["M","?","M","M","?","R","E","M","T","M","?","M","$","E","R","B",null,"M","M","?","?","M","R","E","R","T","E","?","M","?","E","R","B",null,"M","?","M","M","?","R","E","M","T","E","M","M","R","E","R","B","B",null,"R","$","E","B",null],"character_chosen":"DEFECT","items_purchased":["Static Discharge"],"campfire_rested":0,"item_purchase_floors":[13],"current_hp_per_floor":[64,64,63,61,61,61,42,28,28,28,28,24,24,11,11,5,55,52,52,52,71,57,57,57,57,57,42,42,38,38,38,38,36,62,71,67,67,60,67,67,81,78,78,81,81,81,81,64,64,71,77,80,80,80,38,6],"gold":17,"neow_bonus":"BOSS_RELIC","is_prod":false,"is_daily":false,"chose_seed":false,"campfire_upgraded":8,"win_rate":0,"timestamp":1560912587,"path_taken":["M","?","?","?","?","R","E","M","T","M","?","M","?","E","R","BOSS","M","M","?","?","?","R","E","R","T","E","?","?","?","E","R","BOSS","M","?","M","M","?","R","E","M","T","E","M","?","R","E","R","BOSS","BOSS","R","$","E","BOSS"],"build_version":"2019-01-23","purchased_purges":0,"victory":true,"max_hp_per_floor":[71,71,71,71,71,71,71,71,71,71,71,71,71,71,71,71,71,71,71,71,71,71,71,71,71,71,71,71,71,71,71,71,71,71,71,67,67,67,67,67,81,81,81,81,81,81,81,81,81,81,81,81,81,81,81,81],"card_choices":[{"not_picked":["Gash","Barrage"],"picked":"Ball Lightning","floor":1.0},{"not_picked":["Beam Cell","Hologram"],"picked":"Glacier","floor":3.0},{"not_picked":["Go for the Eyes","Conserve Battery"],"picked":"Loop","floor":4.0},{"not_picked":["Blizzard","Reprogram"],"picked":"Conserve Battery","floor":7.0},{"not_picked":["Rebound","Aggregate"],"picked":"Coolheaded","floor":8.0},{"not_picked":["Recycle","Hello World"],"picked":"Biased Cognition","floor":10.0},{"not_picked":["Compile Driver","Hologram","Leap"],"picked":"SKIP","floor":12.0},{"not_picked":["Leap","Conserve Battery"],"picked":"Ball Lightning","floor":14.0},{"not_picked":["Seek","Hyperbeam"],"picked":"Core Surge","floor":16.0},{"not_picked":["Leap","Turbo"],"picked":"Heatsinks","floor":18.0},{"not_picked":["Stack","Barrage"],"picked":"Chaos","floor":19.0},{"not_picked":["Go for the Eyes","Capacitor"],"picked":"Defragment","floor":22.0},{"not_picked":["Consume+1","Stack","Streamline"],"picked":"SKIP","floor":24.0},{"not_picked":["Steam","Leap"],"picked":"Glacier","floor":27.0},{"not_picked":["Barrage","Redo","Steam+1"],"picked":"SKIP","floor":29.0},{"not_picked":["Lockon+1","Heatsinks"],"picked":"Storm","floor":31.0},{"not_picked":["Seek","Core Surge"],"picked":"Amplify","floor":33.0},{"not_picked":["Steam","Redo"],"picked":"Recycle+1","floor":35.0},{"not_picked":["Compile Driver+1","Go for the Eyes"],"picked":"Coolheaded","floor":37.0},{"not_picked":["Conserve Battery","Genetic Algorithm+1"],"picked":"Turbo","floor":38.0},{"not_picked":["Beam Cell+1","FTL"],"picked":"Buffer","floor":41.0},{"not_picked":["Leap","Gash+1","Coolheaded"],"picked":"SKIP","floor":42.0},{"not_picked":["Go for the Eyes","Cold Snap"],"picked":"Coolheaded+1","floor":44.0},{"not_picked":["Hologram","Ball Lightning+1","Leap+1"],"picked":"SKIP","floor":45.0},{"not_picked":["Gash+1","Lockon"],"picked":"Rainbow","floor":46.0},{"not_picked":["Lockon","Ball Lightning","Electrodynamics"],"picked":"SKIP","floor":48.0},{"not_picked":["BootSequence+1","Reprogram","Rebound+1"],"picked":"SKIP","floor":55.0}],"player_experience":604887,"relics_obtained":[{"floor":7.0,"key":"PreservedInsect"},{"floor":9.0,"key":"Happy Flower"},{"floor":14.0,"key":"Potion Belt"},{"floor":24.0,"key":"Boot"},{"floor":26.0,"key":"War Paint"},{"floor":27.0,"key":"Regal Pillow"},{"floor":31.0,"key":"Bird Faced Urn"},{"floor":39.0,"key":"Thread and Needle"},{"floor":41.0,"key":"Mango"},{"floor":44.0,"key":"Art of War"},{"floor":48.0,"key":"MawBank"},{"floor":55.0,"key":"Lantern"}],"event_choices":[{"damage_healed":0.0,"max_hp_gain":0.0,"max_hp_loss":0.0,"gold_gain":0.0,"event_name":"Accursed Blacksmith","player_choice":"Forge","floor":2.0,"gold_loss":0.0,"damage_taken":0.0,"cards_upgraded":["Dualcast"]},{"damage_healed":0.0,"max_hp_gain":0.0,"max_hp_loss":0.0,"gold_gain":0.0,"event_name":"Liars Game","player_choice":"Ignored","floor":5.0,"gold_loss":0.0,"damage_taken":0.0},{"damage_healed":0.0,"max_hp_gain":0.0,"max_hp_loss":0.0,"gold_gain":0.0,"event_name":"Scrap Ooze","player_choice":"Fled","floor":11.0,"gold_loss":0.0,"damage_taken":0.0},{"cards_removed":["Auto Shields"],"damage_healed":19.0,"max_hp_gain":0.0,"max_hp_loss":0.0,"gold_gain":0.0,"event_name":"Bonfire Elementals","player_choice":"Offered Uncommon","floor":21.0,"gold_loss":0.0,"damage_taken":0.0},{"cards_removed":["Ball Lightning"],"damage_healed":0.0,"max_hp_gain":0.0,"max_hp_loss":0.0,"gold_gain":0.0,"event_name":"WeMeetAgain","player_choice":"Gave Card","floor":28.0,"gold_loss":0.0,"damage_taken":0.0,"relics_obtained":["Emotion Chip"]},{"cards_removed":["Static Discharge"],"damage_healed":0.0,"max_hp_gain":0.0,"max_hp_loss":0.0,"gold_gain":0.0,"event_name":"Purifier","player_choice":"Purged","floor":30.0,"gold_loss":0.0,"damage_taken":0.0},{"damage_healed":0.0,"max_hp_gain":0.0,"max_hp_loss":4.0,"gold_gain":0.0,"event_name":"Winding Halls","player_choice":"Max HP","floor":36.0,"gold_loss":0.0,"damage_taken":0.0},{"damage_healed":0.0,"max_hp_gain":0.0,"max_hp_loss":0.0,"gold_gain":0.0,"event_name":"MindBloom","player_choice":"Fight","floor":39.0,"gold_loss":0.0,"damage_taken":0.0}],"is_beta":false,"boss_relics":[{"not_picked":["Tiny House","White Beast Statue"],"picked":"Pandora\u0027s Box"},{"not_picked":["Velvet Choker","Cursed Key"],"picked":"Coffee Dripper"}],"items_purged_floors":[],"is_endless":false,"potions_floor_spawned":[3,7,14,16,22,24,27,38,42,44,46,55],"ascension_level":20}