{"gold_per_floor":[115,115,29,29,29,58,58,83,83,83,46,46,62,77,77,150,150,150],"floor_reached":18,"playtime":388,"items_purged":[],"score":432,"play_id":"b078068b-a74e-42b4-bd28-d816659215ab","local_time":"20181118180216","is_ascension_mode":true,"campfire_choices":[{"data":"Concentrate","floor":7.0,"key":"SMITH"},{"data":"Footwork","floor":12.0,"key":"SMITH"},{"data":"Noxious Fumes","floor":15.0,"key":"SMITH"}],"neow_cost":"NONE","seed_source_timestamp":0,"circlet_count":0,"master_deck":["AscendersBane","Defend_G","Defend_G","Defend_G","Defend_G","Defend_G","Strike_G","Strike_G","Strike_G","Strike_G","Survivor","Neutralize+1","Well Laid Plans","Concentrate+1","Noxious Fumes+1","Footwork+1","Acrobatics","Burst"],"special_seed":0,"relics":["Ring of the Snake","NeowsBlessing","Dead Branch","Sundial","PreservedInsect","Matryoshka","Fusion Hammer"],"potions_floor_usage":[],"damage_taken":[{"damage":0.0,"enemies":"2 Louse","floor":1.0,"turns":1.0},{"damage":0.0,"enemies":"3 Sentries","floor":6.0,"turns":1.0},{"damage":0.0,"enemies":"Lagavulin","floor":8.0,"turns":1.0},{"damage":0.0,"enemies":"Jaw Worm","floor":13.0,"turns":5.0},{"damage":0.0,"enemies":"Cultist","floor":14.0,"turns":4.0},{"damage":32,"enemies":"The Guardian","floor":16,"turns":12},{"damage":0,"enemies":"3 Byrds","floor":18,"turns":1}],"seed_played":"-2435249696145079205","potions_obtained":[{"floor":1.0,"key":"Regen Potion"},{"floor":14.0,"key":"Strength Potion"}],"is_trial":false,"path_per_floor":["M","?","$","?","$","E","R","E","T","?","$","R","M","M","R","B",null,"M"],"character_chosen":"THE_SILENT","items_purchased":["Well Laid Plans","Footwork"],"campfire_rested":0,"item_purchase_floors":[3,11],"current_hp_per_floor":[59,59,59,54,54,54,54,54,54,54,54,54,54,54,54,22,55,55],"gold":150,"neow_bonus":"THREE_ENEMY_KILL","is_prod":false,"is_daily":false,"chose_seed":false,"campfire_upgraded":3,"win_rate":0,"timestamp":1542535336,"path_taken":["M","?","$","?","$","E","R","E","T","?","$","R","M","M","R","BOSS","M"],"build_version":"2018-11-15","purchased_purges":0,"victory":false,"max_hp_per_floor":[66,66,66,66,66,66,66,66,66,66,66,66,66,66,66,66,66,66],"card_choices":[{"not_picked":["Flying Knee","Poisoned Stab","Dagger Spray"],"picked":"SKIP","floor":1.0},{"not_picked":["Dagger Spray","Dagger Throw"],"picked":"Concentrate","floor":6.0},{"not_picked":["Blur","Eviscerate"],"picked":"Noxious Fumes","floor":8.0},{"not_picked":["Backflip","Flying Knee"],"picked":"Acrobatics","floor":13.0},{"not_picked":["Catalyst","Flying Knee","Predator"],"picked":"SKIP","floor":14.0},{"not_picked":["Tools of the Trade","Envenom"],"picked":"Burst","floor":16}],"player_experience":538859,"relics_obtained":[{"floor":6.0,"key":"Sundial"},{"floor":8.0,"key":"PreservedInsect"},{"floor":9.0,"key":"Matryoshka"}],"event_choices":[{"cards_removed":["Strike_G"],"damage_healed":0.0,"max_hp_gain":0.0,"max_hp_loss":0.0,"gold_gain":0.0,"event_name":"Living Wall","player_choice":"Forget","floor":2.0,"gold_loss":0.0,"damage_taken":0.0},{"damage_healed":0.0,"max_hp_gain":0.0,"max_hp_loss":0.0,"gold_gain":0.0,"event_name":"Scrap Ooze","player_choice":"Success","floor":4.0,"gold_loss":0.0,"damage_taken":5.0,"relics_obtained":["Dead Branch"]},{"damage_healed":0.0,"max_hp_gain":0.0,"max_hp_loss":0.0,"gold_gain":0.0,"event_name":"Upgrade Shrine","player_choice":"Upgraded","floor":10.0,"gold_loss":0.0,"damage_taken":0.0,"cards_upgraded":["Neutralize"]}],"is_beta":true,"boss_relics":[{"not_picked":["Lizard Tail","Tiny House"],"picked":"Fusion Hammer"}],"items_purged_floors":[],"is_endless":false,"potions_floor_spawned":[1,14],"killed_by":"3 Byrds","ascension_level":20}