{"gold_per_floor":[111,131,131,56,128,128,140,40,65,91,91,14,14,42,42,117,117,136,136,136,336,356,390,390,423,447,478,488,488,523,533,533,605,605,621,325,335,335,21,51,51,12,66,98,198,230,230,247,247,247,247,247,247,35,66,66],"floor_reached":57,"playtime":2676,"items_purged":["Strike_G","Defend_G","Strike_G","Strike_G"],"score":3530,"play_id":"aba71254-d4a3-47a6-9057-4b7e95f87456","local_time":"20190420034746","is_ascension_mode":true,"campfire_choices":[{"data":"All Out Attack","floor":6.0,"key":"SMITH"},{"data":"Discovery","floor":13.0,"key":"SMITH"},{"data":"Neutralize","floor":15.0,"key":"SMITH"},{"floor":24.0,"key":"RECALL"},{"floor":29.0,"key":"REST"},{"floor":32.0,"key":"REST"},{"floor":47,"key":"REST"},{"floor":49,"key":"REST"},{"floor":53,"key":"REST"}],"neow_cost":"PERCENT_DAMAGE","seed_source_timestamp":139836131462438,"circlet_count":0,"master_deck":["AscendersBane","Defend_G","Defend_G","Defend_G","Defend_G+1","Strike_G","Strike_G","Neutralize+1","Discovery+1","Finesse","All Out Attack+1","Die Die Die","Footwork","Distraction+1","Malaise+1","Acrobatics+1","Ghostly+1","Ghostly+1","Ghostly+1","Prepared+1","Catalyst+1","Night Terror+1","Tactician+1","Deadly Poison+1","Tactician+1","After Image","Expertise+1","Backflip+1","Tactician+1","Calculated Gamble+1"],"special_seed":0,"relics":["Ring of the Snake","Toxic Egg 2","Bag of Marbles","Odd Mushroom","Boot","Fusion Hammer","Bronze Scales","Pen Nib","Centennial Puzzle","PreservedInsect","Red Mask","Runic Pyramid","Lantern","Bag of Preparation","War Paint","Strawberry","Ice Cream","Question Card","Medical Kit","Letter Opener"],"potions_floor_usage":[56,56],"damage_taken":[{"damage":2.0,"enemies":"Jaw Worm","floor":1.0,"turns":6.0},{"damage":0.0,"enemies":"2 Louse","floor":2.0,"turns":2.0},{"damage":0.0,"enemies":"Cultist","floor":7.0,"turns":3.0},{"damage":0.0,"enemies":"The Mushroom Lair","floor":10.0,"turns":1.0},{"damage":5.0,"enemies":"3 Sentries","floor":14.0,"turns":4.0},{"damage":2.0,"enemies":"Hexaghost","floor":16.0,"turns":9.0},{"damage":5.0,"enemies":"2 Thieves","floor":18.0,"turns":5.0},{"damage":0.0,"enemies":"Chosen","floor":22.0,"turns":3.0},{"damage":0.0,"enemies":"Gremlin Leader","floor":23.0,"turns":8.0},{"damage":17.0,"enemies":"Slavers","floor":25.0,"turns":5.0},{"damage":3.0,"enemies":"Gremlin Leader","floor":27.0,"turns":7.0},{"damage":8.0,"enemies":"Sentry and Sphere","floor":28.0,"turns":6.0},{"damage":2.0,"enemies":"Masked Bandits","floor":30.0,"turns":4.0},{"damage":0.0,"enemies":"Snake Plant","floor":31.0,"turns":5.0},{"damage":17.0,"enemies":"Collector","floor":33.0,"turns":6.0},{"damage":2.0,"enemies":"Orb Walker","floor":35.0,"turns":5.0},{"damage":3.0,"enemies":"3 Shapes","floor":37.0,"turns":2.0},{"damage":0,"enemies":"Nemesis","floor":40,"turns":5},{"damage":0,"enemies":"Reptomancer","floor":44,"turns":4},{"damage":0,"enemies":"Mind Bloom Boss Battle","floor":45,"turns":4},{"damage":0,"enemies":"Giant Head","floor":46,"turns":3},{"damage":0,"enemies":"3 Darklings","floor":48,"turns":3},{"damage":0,"enemies":"Donu and Deca","floor":50,"turns":9},{"damage":0,"enemies":"Time Eater","floor":51,"turns":5},{"damage":0,"enemies":"Shield and Spear","floor":55,"turns":7},{"damage":0,"enemies":"The Heart","floor":56,"turns":7}],"seed_played":"6653505721303781337","potions_obtained":[{"floor":1.0,"key":"GamblersBrew"},{"floor":7.0,"key":"Fruit Juice"},{"floor":16.0,"key":"Poison Potion"},{"floor":18.0,"key":"LiquidBronze"},{"floor":22.0,"key":"PowerPotion"},{"floor":30.0,"key":"SpeedPotion"}],"is_trial":false,"path_per_floor":["M","M","?","$","?","R","M","$","T","?","?","$","R","E","R","B",null,"M","?","?","?","M","E","R","E","T","E","M","R","?","M","R","B",null,"M","$","M","?","$","E","?","$","T","E","?","E","R","M","R","B","B",null,"R","$","E","B",null],"character_chosen":"THE_SILENT","items_purchased":["Footwork","Lantern","Bag of Preparation","Expertise+1","Medical Kit"],"campfire_rested":5,"item_purchase_floors":[12,36,39,42,54],"current_hp_per_floor":[42,42,7,7,7,7,12,12,12,12,12,12,12,7,7,5,55,50,50,35,35,35,35,35,18,18,15,7,17,15,15,25,8,28,26,26,23,23,23,23,23,23,23,30,30,30,42,42,42,42,42,42,42,42,42,42],"gold":66,"neow_bonus":"RANDOM_COLORLESS_2","is_prod":false,"is_daily":false,"chose_seed":false,"campfire_upgraded":3,"win_rate":0,"timestamp":1555703266,"path_taken":["M","M","?","$","?","R","?","$","T","?","?","?","R","E","R","BOSS","M","?","?","?","M","E","R","E","T","E","?","R","?","M","R","BOSS","M","$","M","?","$","E","?","?","T","E","?","E","R","M","R","BOSS","BOSS","R","$","E","BOSS"],"build_version":"2019-01-23","purchased_purges":4,"victory":true,"max_hp_per_floor":[66,66,66,66,66,66,71,71,71,71,71,71,71,71,71,71,71,71,71,35,35,35,35,35,35,35,35,35,35,35,35,35,35,35,35,35,35,35,35,35,35,35,35,42,42,42,42,42,42,42,42,42,42,42,42,42],"card_choices":[{"not_picked":["Acrobatics","Underhanded Strike"],"picked":"All Out Attack","floor":1.0},{"not_picked":["Accuracy","Underhanded Strike","Skewer"],"picked":"SKIP","floor":2.0},{"not_picked":["Blade Dance+1","Flechettes","Skewer"],"picked":"SKIP","floor":7.0},{"not_picked":["Underhanded Strike","Dagger Throw"],"picked":"Die Die Die","floor":10.0},{"not_picked":["Endless Agony","Finisher"],"picked":"Distraction+1","floor":14.0},{"not_picked":["Night Terror+1","Tools of the Trade"],"picked":"Malaise+1","floor":16.0},{"not_picked":["Slice+1","Sucker Punch"],"picked":"Acrobatics+1","floor":18.0},{"not_picked":["Sucker Punch","Blade Dance+1"],"picked":"Prepared+1","floor":22.0},{"not_picked":["Dagger Spray","Bane","Slice"],"picked":"SKIP","floor":23.0},{"not_picked":["Dodge and Roll+1","Flechettes"],"picked":"Catalyst+1","floor":25.0},{"not_picked":["Heel Hook","Predator","Poisoned Stab"],"picked":"SKIP","floor":27.0},{"not_picked":["Skewer","Dodge and Roll+1"],"picked":"Night Terror+1","floor":28.0},{"not_picked":["Slice","Blade Dance+1"],"picked":"Tactician+1","floor":30.0},{"not_picked":["Riddle With Holes","Outmaneuver+1"],"picked":"Deadly Poison+1","floor":31.0},{"not_picked":["Prepared+1","Finisher"],"picked":"Tactician+1","floor":35.0},{"not_picked":["Deadly Poison+1","Dash","Flying Knee"],"picked":"SKIP","floor":37.0},{"not_picked":["Cloak And Dagger+1","Deflect+1"],"picked":"After Image","floor":40},{"not_picked":["Riddle With Holes","Underhanded Strike","Masterful Stab"],"picked":"SKIP","floor":44},{"not_picked":["Underhanded Strike","Blade Dance+1"],"picked":"Backflip+1","floor":46},{"not_picked":["Sucker Punch","Acrobatics+1","Prepared+1"],"picked":"Tactician+1","floor":48},{"not_picked":["Crippling Poison+1","Grand Finale","Quick Slash"],"picked":"Calculated Gamble+1","floor":55}],"player_experience":4416192,"relics_obtained":[{"floor":9.0,"key":"Bag of Marbles"},{"floor":10.0,"key":"Odd Mushroom"},{"floor":14.0,"key":"Boot"},{"floor":23.0,"key":"Bronze Scales"},{"floor":25.0,"key":"Pen Nib"},{"floor":26.0,"key":"Centennial Puzzle"},{"floor":27.0,"key":"PreservedInsect"},{"floor":30.0,"key":"Red Mask"},{"floor":40,"key":"War Paint"},{"floor":44,"key":"Strawberry"},{"floor":45,"key":"Ice Cream"},{"floor":46,"key":"Question Card"},{"floor":55,"key":"Letter Opener"}],"event_choices":[{"damage_healed":0.0,"max_hp_gain":0.0,"max_hp_loss":0.0,"gold_gain":0.0,"event_name":"Scrap Ooze","player_choice":"Success","floor":3.0,"gold_loss":0.0,"damage_taken":35.0,"relics_obtained":["Toxic Egg 2"]},{"damage_healed":0.0,"max_hp_gain":0.0,"max_hp_loss":0.0,"gold_gain":72.0,"event_name":"Golden Wing","player_choice":"Gained Gold","floor":5.0,"gold_loss":0.0,"damage_taken":0.0},{"damage_healed":0.0,"max_hp_gain":0.0,"max_hp_loss":0.0,"gold_gain":0.0,"event_name":"Mushrooms","player_choice":"Fought Mushrooms","floor":10.0,"gold_loss":0.0,"damage_taken":0.0},{"damage_healed":0.0,"max_hp_gain":0.0,"max_hp_loss":0.0,"gold_gain":0.0,"event_name":"Liars Game","player_choice":"Ignored","floor":11.0,"gold_loss":0.0,"damage_taken":0.0},{"damage_healed":0.0,"max_hp_gain":0.0,"max_hp_loss":0.0,"gold_gain":0.0,"event_name":"Cursed Tome","player_choice":"Ignored","floor":19.0,"gold_loss":0.0,"damage_taken":0.0},{"damage_healed":0.0,"max_hp_gain":0.0,"max_hp_loss":36.0,"gold_gain":0.0,"event_name":"Ghosts","player_choice":"Became a Ghost","floor":20.0,"gold_loss":0.0,"damage_taken":0.0,"cards_obtained":["Ghostly","Ghostly","Ghostly"]},{"damage_healed":0.0,"max_hp_gain":0.0,"max_hp_loss":0.0,"gold_gain":200.0,"event_name":"Wheel of Change","player_choice":"Gold","floor":21.0,"gold_loss":0.0,"damage_taken":0.0},{"damage_healed":0.0,"max_hp_gain":0.0,"max_hp_loss":0.0,"gold_gain":0.0,"event_name":"Masked Bandits","player_choice":"Fought Bandits","floor":30.0,"gold_loss":0.0,"damage_taken":0.0},{"damage_healed":0,"gold_gain":0,"player_choice":"Memory 1","damage_taken":0,"max_hp_gain":0,"max_hp_loss":0,"event_name":"SensoryStone","floor":38,"gold_loss":0},{"cards_removed":["Survivor"],"damage_healed":0,"gold_gain":0,"player_choice":"Removed Skill","damage_taken":0,"max_hp_gain":0,"max_hp_loss":0,"event_name":"Falling","floor":41,"gold_loss":0},{"damage_healed":0,"gold_gain":0,"player_choice":"Fight","damage_taken":0,"max_hp_gain":0,"max_hp_loss":0,"event_name":"MindBloom","floor":45,"gold_loss":0}],"is_beta":false,"boss_relics":[{"not_picked":["Ectoplasm","Velvet Choker"],"picked":"Fusion Hammer"},{"not_picked":["Black Star","Cursed Key"],"picked":"Runic Pyramid"}],"items_purged_floors":[4,8,36,39],"is_endless":false,"potions_floor_spawned":[1,7,16,18,22,30,35,37,44,55],"ascension_level":20}