{"gold_per_floor":[114,114,114,114,135,175,175,191,191,207,223,138,163,1,1,99,99,83,83,5,5,56,56,75,75,75,75,88,88],"floor_reached":29,"playtime":605,"items_purged":["Strike_B"],"score":496,"play_id":"683a8295-5a69-4c4f-89c0-3ac158814250","local_time":"20190807171533","is_ascension_mode":true,"campfire_choices":[{"data":"Zap","floor":7,"key":"SMITH"},{"data":"Chaos","floor":15,"key":"SMITH"},{"data":"Consume","floor":23,"key":"SMITH"},{"data":"Recycle","floor":25,"key":"SMITH"},{"data":"Coolheaded","floor":27,"key":"SMITH"}],"neow_cost":"NONE","seed_source_timestamp":951265271353000,"circlet_count":0,"master_deck":["AscendersBane","Strike_B","Defend_B","Defend_B","Defend_B","Defend_B","Zap+1","Dualcast","Coolheaded+1","Recycle+1","Skim","Ball Lightning","Capacitor+1","Loop+1","Chaos+1","Multi-Cast","Consume+1","Hologram"],"relics":["Cracked Core","NeowsBlessing","Bloody Idol","Bird Faced Urn","Frozen Egg 2","Sozu","Torii"],"potions_floor_usage":[16,18],"damage_taken":[{"damage":0,"enemies":"Jaw Worm","floor":1,"turns":1},{"damage":0,"enemies":"2 Louse","floor":5,"turns":1},{"damage":0,"enemies":"3 Sentries","floor":6,"turns":1},{"damage":2,"enemies":"Cultist","floor":8,"turns":4},{"damage":8,"enemies":"Large Slime","floor":10,"turns":5},{"damage":19,"enemies":"3 Louse","floor":11,"turns":5},{"damage":9,"enemies":"Blue Slaver","floor":13,"turns":4},{"damage":22,"enemies":"Slime Boss","floor":16,"turns":7},{"damage":37,"enemies":"2 Thieves","floor":18,"turns":4},{"damage":8,"enemies":"Chosen","floor":24,"turns":5},{"damage":21,"enemies":"Sentry and Sphere","floor":28,"turns":6},{"damage":21,"enemies":"3 Cultists","floor":29,"turns":3}],"seed_played":"-3108975265206496636","potions_obtained":[{"floor":5,"key":"SkillPotion"},{"floor":13,"key":"Explosive Potion"},{"floor":16,"key":"Dexterity Potion"}],"is_trial":false,"path_per_floor":["M","?","?","?","M","E","R","M","T","M","M","$","M","$","R","B",null,"M","?","$","?","T","R","M","R","T","R","M","M"],"character_chosen":"DEFECT","items_purchased":["Loop+1","Chaos","Consume"],"campfire_rested":0,"item_purchase_floors":[12,14,20],"current_hp_per_floor":[64,64,64,64,64,64,64,62,62,54,35,35,28,28,28,10,51,18,18,18,18,23,23,24,24,24,24,12,0],"gold":88,"neow_bonus":"THREE_ENEMY_KILL","is_prod":false,"is_daily":false,"chose_seed":false,"campfire_upgraded":5,"win_rate":0,"timestamp":1565169333,"path_taken":["M","?","?","?","M","E","R","M","T","?","M","$","M","$","R","BOSS","M","?","$","?","?","R","M","R","T","R","?","M"],"build_version":"2019-07-17","purchased_purges":1,"victory":false,"max_hp_per_floor":[71,71,64,64,64,64,64,64,64,64,64,64,64,64,64,64,64,64,64,64,64,64,64,64,64,64,64,64,64],"card_choices":[{"not_picked":["Turbo","Go for the Eyes"],"picked":"Coolheaded","floor":1},{"not_picked":["Conserve Battery","Leap"],"picked":"Recycle","floor":5},{"not_picked":["Coolheaded","Rainbow"],"picked":"Skim","floor":6},{"not_picked":["Fusion","Cold Snap"],"picked":"Ball Lightning","floor":8},{"not_picked":["Stack","Compile Driver"],"picked":"Capacitor+1","floor":10},{"not_picked":["Hello World+1","Gash","Steam"],"picked":"SKIP","floor":11},{"not_picked":["Leap","Redo","Streamline"],"picked":"SKIP","floor":13},{"not_picked":["Meteor Strike","Hyperbeam"],"picked":"Multi-Cast","floor":16},{"not_picked":["Stack+1","Conserve Battery","Genetic Algorithm"],"picked":"SKIP","floor":18},{"not_picked":["Rip and Tear+1","Lockon"],"picked":"Hologram","floor":24},{"not_picked":["Leap","Rebound","Cold Snap"],"picked":"SKIP","floor":28}],"player_experience":750773,"relics_obtained":[{"floor":6,"key":"Bird Faced Urn"},{"floor":9,"key":"Frozen Egg 2"},{"floor":26,"key":"Torii"}],"event_choices":[{"damage_healed":0,"gold_gain":0,"player_choice":"Ignored","damage_taken":0,"max_hp_gain":0,"max_hp_loss":0,"event_name":"Liars Game","floor":2,"gold_loss":0},{"damage_healed":0,"gold_gain":0,"player_choice":"Lose Max HP","damage_taken":0,"relics_obtained":["Golden Idol"],"max_hp_gain":0,"max_hp_loss":7,"event_name":"Golden Idol","floor":3,"gold_loss":0},{"cards_removed":["Strike_B"],"damage_healed":0,"gold_gain":0,"player_choice":"Card Removal","damage_taken":0,"max_hp_gain":0,"max_hp_loss":0,"event_name":"Wheel of Change","floor":4,"gold_loss":0},{"damage_healed":0,"gold_gain":0,"player_choice":"Gave Idol","damage_taken":0,"relics_obtained":["Bloody Idol"],"max_hp_gain":0,"max_hp_loss":0,"event_name":"Forgotten Altar","floor":19,"relics_lost":["Golden Idol"],"gold_loss":0},{"cards_removed":["Strike_B"],"damage_healed":0,"gold_gain":0,"player_choice":"Elegance","damage_taken":0,"max_hp_gain":0,"max_hp_loss":0,"event_name":"Back to Basics","floor":21,"gold_loss":0}],"is_beta":false,"boss_relics":[{"not_picked":["Inserter","Tiny House"],"picked":"Sozu"}],"items_purged_floors":[14],"is_endless":false,"potions_floor_spawned":[5,13,16,24],"killed_by":"3 Cultists","ascension_level":20}