{"gold_per_floor":[110,123,135,135,135,135,146,176,176,176,193,193,207,44,44,123,123,139,151,162,162,25,25,51,51,77,89,89,124,124,139,139,139],"floor_reached":33,"playtime":2202,"items_purged":["Strike_R","Strike_R"],"score":574,"play_id":"5153dc06-e7d8-4fa6-b710-da8d1e80e6c7","local_time":"20190710232047","is_ascension_mode":true,"campfire_choices":[{"data":"Bash","floor":6,"key":"SMITH"},{"floor":10,"key":"REST"},{"data":"Shrug It Off","floor":12,"key":"SMITH"},{"data":"Inflame","floor":15,"key":"SMITH"},{"data":"Fiend Fire","floor":23,"key":"SMITH"},{"data":"Berserk","floor":25,"key":"SMITH"},{"floor":32,"key":"REST"}],"neow_cost":"NONE","seed_source_timestamp":91127264740054,"circlet_count":0,"master_deck":["AscendersBane","Defend_R+1","Defend_R+1","Bash+1","Cleave+1","Shrug It Off+1","Berserk+1","Ghostly Armor","Battle Trance","Battle Trance","Inflame+1","Fiend Fire+1","Rampage","Shrug It Off","Evolve","Ghostly","Ghostly","Ghostly","Spot Weakness","Clothesline","Intimidate"],"relics":["Burning Blood","War Paint","Centennial Puzzle","Paper Frog","Strawberry","Empty Cage","Whetstone","Boot","FossilizedHelix"],"potions_floor_usage":[8,11,20,29,33],"damage_taken":[{"damage":0,"enemies":"2 Louse","floor":1,"turns":3},{"damage":0,"enemies":"Cultist","floor":2,"turns":3},{"damage":10,"enemies":"Small Slimes","floor":3,"turns":3},{"damage":4,"enemies":"2 Fungi Beasts","floor":7,"turns":3},{"damage":30,"enemies":"3 Sentries","floor":8,"turns":8},{"damage":0,"enemies":"Blue Slaver","floor":11,"turns":4},{"damage":6,"enemies":"Large Slime","floor":13,"turns":6},{"damage":46,"enemies":"The Guardian","floor":16,"turns":11},{"damage":16,"enemies":"Chosen","floor":18,"turns":4},{"damage":20,"enemies":"Shell Parasite","floor":19,"turns":5},{"damage":16,"enemies":"Snake Plant","floor":20,"turns":7},{"damage":5,"enemies":"Book of Stabbing","floor":24,"turns":4},{"damage":1,"enemies":"Shelled Parasite and Fungi","floor":27,"turns":4},{"damage":18,"enemies":"Slavers","floor":29,"turns":5},{"damage":22,"enemies":"Sentry and Sphere","floor":31,"turns":7},{"damage":36,"enemies":"Champ","floor":33,"turns":13}],"seed_played":"8867404062598866592","potions_obtained":[{"floor":1,"key":"LiquidBronze"},{"floor":8,"key":"Block Potion"},{"floor":13,"key":"SkillPotion"},{"floor":16,"key":"FearPotion"},{"floor":18,"key":"AttackPotion"},{"floor":27,"key":"GamblersBrew"},{"floor":29,"key":"SteroidPotion"}],"is_trial":false,"path_per_floor":["M","M","M","?","?","R","M","E","T","R","M","R","M","$","R","B",null,"M","M","M","?","$","R","E","R","T","M","?","E","?","M","R","B"],"character_chosen":"IRONCLAD","items_purchased":["Inflame","Spot Weakness"],"campfire_rested":2,"item_purchase_floors":[14,22],"current_hp_per_floor":[74,75,71,36,36,36,38,14,21,45,51,51,51,51,51,11,64,54,40,30,30,30,30,31,31,31,36,36,24,24,8,20,0],"gold":139,"neow_bonus":"RANDOM_COMMON_RELIC","is_prod":false,"is_daily":false,"chose_seed":false,"campfire_upgraded":5,"win_rate":0,"timestamp":1562793647,"path_taken":["M","M","M","?","?","R","?","E","T","R","M","R","M","?","R","BOSS","M","M","M","?","$","R","E","R","T","M","?","E","?","M","R","BOSS"],"build_version":"2019-07-05","purchased_purges":2,"victory":false,"max_hp_per_floor":[75,75,75,75,75,75,75,75,82,82,82,82,82,82,82,82,82,82,82,82,41,41,41,41,41,41,41,41,41,41,41,41,41],"card_choices":[{"not_picked":["Dual Wield","True Grit","Armaments"],"picked":"SKIP","floor":1},{"not_picked":["Ghostly Armor","Shockwave"],"picked":"Cleave","floor":2},{"not_picked":["Iron Wave","Clash"],"picked":"Shrug It Off","floor":3},{"not_picked":["Flex","Warcry"],"picked":"Berserk","floor":7},{"not_picked":["Perfected Strike","Blood for Blood"],"picked":"Ghostly Armor","floor":8},{"not_picked":["Perfected Strike","Sword Boomerang"],"picked":"Battle Trance","floor":11},{"not_picked":["Twin Strike","Reckless Charge"],"picked":"Battle Trance","floor":13},{"not_picked":["Offering","Exhume"],"picked":"Fiend Fire","floor":16},{"not_picked":["Anger","Armaments+1"],"picked":"Rampage","floor":18},{"not_picked":["Thunderclap","Havoc"],"picked":"Shrug It Off","floor":19},{"not_picked":["Blood for Blood","Twin Strike"],"picked":"Evolve","floor":20},{"not_picked":["Perfected Strike","Impervious","Armaments"],"picked":"SKIP","floor":24},{"not_picked":["Anger","Perfected Strike+1","Havoc+1"],"picked":"SKIP","floor":27},{"not_picked":["Cleave","Combust","Battle Trance"],"picked":"SKIP","floor":29},{"not_picked":["Cleave","Combust","Battle Trance"],"picked":"SKIP","floor":29},{"not_picked":["Body Slam","Clothesline","Intimidate"],"picked":"SKIP","floor":31}],"player_experience":685485,"relics_obtained":[{"floor":8,"key":"Paper Frog"},{"floor":9,"key":"Strawberry"},{"floor":24,"key":"Whetstone"},{"floor":26,"key":"Boot"},{"floor":29,"key":"FossilizedHelix"}],"event_choices":[{"damage_healed":0,"gold_gain":0,"player_choice":"Success","damage_taken":35,"relics_obtained":["Centennial Puzzle"],"max_hp_gain":0,"max_hp_loss":0,"event_name":"Scrap Ooze","floor":4,"gold_loss":0},{"damage_healed":0,"gold_gain":0,"cards_transformed":["Strike_R"],"player_choice":"Transformed","damage_taken":0,"max_hp_gain":0,"max_hp_loss":0,"event_name":"Transmorgrifier","floor":5,"gold_loss":0,"cards_obtained":["Perfected Strike"]},{"damage_healed":0,"gold_gain":0,"player_choice":"Became a Ghost","damage_taken":0,"max_hp_gain":0,"max_hp_loss":41,"event_name":"Ghosts","floor":21,"gold_loss":0,"cards_obtained":["Ghostly","Ghostly","Ghostly"]},{"cards_removed":["Defend_R"],"damage_healed":0,"gold_gain":0,"player_choice":"Elegance","damage_taken":0,"max_hp_gain":0,"max_hp_loss":0,"event_name":"Back to Basics","floor":28,"gold_loss":0},{"damage_healed":0,"gold_gain":0,"cards_transformed":["Defend_R","Strike_R"],"player_choice":"Became Test Subject","damage_taken":0,"max_hp_gain":0,"max_hp_loss":0,"event_name":"Drug Dealer","floor":30,"gold_loss":0,"cards_obtained":["Clothesline","Intimidate"]}],"is_beta":false,"boss_relics":[{"not_picked":["Cursed Key","Tiny House"],"picked":"Empty Cage"}],"items_purged_floors":[14,22],"is_endless":false,"potions_floor_spawned":[1,8,13,16,18,27,29],"killed_by":"Champ","ascension_level":20}