{"gold_per_floor":[119,0,0,20,20,20,345,270,270,270,270],"floor_reached":11,"playtime":105,"items_purged":["Strike_G"],"score":188,"play_id":"00aa0235-fb19-4044-b84b-9b6ae061c48f","local_time":"20190127160609","is_ascension_mode":true,"campfire_choices":[{"data":"Neutralize","floor":6,"key":"SMITH"},{"data":"Cloak And Dagger","floor":10,"key":"SMITH"}],"neow_cost":"NONE","seed_source_timestamp":9589571245559,"circlet_count":0,"master_deck":["AscendersBane","Defend_G","Defend_G","Defend_G","Defend_G","Defend_G","Strike_G","Strike_G","Strike_G","Survivor","Neutralize+1","Cloak And Dagger+1","Tactician","After Image"],"relics":["Ring of the Snake","NeowsBlessing","Pear","Paper Crane","Old Coin"],"potions_floor_usage":[],"damage_taken":[{"damage":0,"enemies":"Cultist","floor":1,"turns":1},{"damage":0,"enemies":"Small Slimes","floor":4,"turns":1},{"damage":0,"enemies":"3 Sentries","floor":7,"turns":1},{"damage":0,"enemies":"3 Sentries","floor":11,"turns":1}],"seed_played":"658631652182396018","potions_obtained":[{"floor":7,"key":"Explosive Potion"}],"is_trial":false,"path_per_floor":["M","$","T","M","?","R","E","?","T","R","?"],"character_chosen":"THE_SILENT","items_purchased":["Tactician"],"campfire_rested":0,"item_purchase_floors":[2],"current_hp_per_floor":[59,59,69,69,34,34,34,34,34,34,34],"gold":270,"neow_bonus":"THREE_ENEMY_KILL","is_prod":false,"is_daily":false,"chose_seed":false,"campfire_upgraded":2,"win_rate":0,"timestamp":1548576369,"path_taken":["M","$","?","M","?","R","E","?","T","R","?"],"build_version":"2019-01-23","purchased_purges":1,"victory":false,"max_hp_per_floor":[66,66,76,76,76,76,76,76,76,76,76],"card_choices":[{"not_picked":["Dodge and Roll","Flying Knee"],"picked":"Cloak And Dagger","floor":1},{"not_picked":["Endless Agony","Deadly Poison"],"picked":"After Image","floor":4},{"not_picked":["Sucker Punch","Outmaneuver","Cloak And Dagger"],"picked":"SKIP","floor":7}],"player_experience":2322301,"relics_obtained":[{"floor":3,"key":"Pear"},{"floor":7,"key":"Old Coin"}],"event_choices":[{"damage_healed":0,"gold_gain":0,"player_choice":"Success","damage_taken":35,"relics_obtained":["Paper Crane"],"max_hp_gain":0,"max_hp_loss":0,"event_name":"Scrap Ooze","floor":5,"gold_loss":0},{"cards_removed":["Strike_G"],"damage_healed":0,"gold_gain":0,"player_choice":"Card Removal","damage_taken":0,"max_hp_gain":0,"max_hp_loss":0,"event_name":"The Cleric","floor":8,"gold_loss":75}],"is_beta":false,"boss_relics":[],"items_purged_floors":[2],"is_endless":false,"potions_floor_spawned":[7],"killed_by":"3 Sentries","ascension_level":20}