{"gold_per_floor":[111,128,128,53,11,11,11,11,36,65,39,54,89,109,109,181,181,195,214,114,114,129,129,157,157,157,170,187,187,219,233,233,312,312,328,328,344,360,5,5],"floor_reached":40,"playtime":1164,"items_purged":["Strike_B","Strike_B","Strike_B+1"],"score":922,"play_id":"11856394-8069-4c8f-91e4-241278615e71","local_time":"20190310012252","is_ascension_mode":true,"campfire_choices":[{"data":"Dualcast","floor":6,"key":"SMITH"},{"data":"Zap","floor":8,"key":"SMITH"},{"data":"Conserve Battery","floor":15,"key":"SMITH"},{"data":"Biased Cognition","floor":23,"key":"SMITH"},{"floor":25,"key":"RECALL"},{"floor":29,"key":"REST"},{"data":"Tempest","floor":32,"key":"SMITH"}],"neow_cost":"NONE","seed_source_timestamp":47149475264008,"circlet_count":0,"master_deck":["AscendersBane","Strike_B+1","Defend_B+1","Defend_B","Zap+1","Dualcast+1","Sunder+1","Cold Snap","Genetic Algorithm","Conserve Battery+1","Ball Lightning+1","Meteor Strike","Biased Cognition+1","Hologram+1","Consume+1","Electrodynamics","Tempest+1","Rainbow"],"relics":["Cracked Core","NeowsBlessing","Blood Vial","Vajra","Whetstone","Busted Crown","Calipers","Art of War","Runic Dome","OrangePellets"],"potions_floor_usage":[18,22,30,30,33],"damage_taken":[{"damage":0,"enemies":"2 Louse","floor":1,"turns":1},{"damage":0,"enemies":"Cultist","floor":2,"turns":1},{"damage":0,"enemies":"Gremlin Nob","floor":10,"turns":1},{"damage":5,"enemies":"Jaw Worm","floor":12,"turns":3},{"damage":3,"enemies":"3 Sentries","floor":13,"turns":5},{"damage":1,"enemies":"Blue Slaver","floor":14,"turns":2},{"damage":32,"enemies":"The Guardian","floor":16,"turns":10},{"damage":17,"enemies":"Shell Parasite","floor":18,"turns":5},{"damage":4,"enemies":"2 Thieves","floor":19,"turns":3},{"damage":3,"enemies":"Sentry and Sphere","floor":22,"turns":5},{"damage":15,"enemies":"Book of Stabbing","floor":24,"turns":5},{"damage":2,"enemies":"Snake Plant","floor":27,"turns":4},{"damage":4,"enemies":"Shelled Parasite and Fungi","floor":28,"turns":5},{"damage":27,"enemies":"Slavers","floor":30,"turns":5},{"damage":0,"enemies":"Snecko","floor":31,"turns":3},{"damage":25,"enemies":"Collector","floor":33,"turns":7},{"damage":8,"enemies":"Orb Walker","floor":35,"turns":3},{"damage":25,"enemies":"3 Darklings","floor":37,"turns":3},{"damage":18,"enemies":"Maw","floor":38,"turns":5},{"damage":28,"enemies":"Nemesis","floor":40,"turns":6}],"seed_played":"-5775066838156598985","potions_obtained":[{"floor":1,"key":"GamblersBrew"},{"floor":12,"key":"SmokeBomb"},{"floor":14,"key":"Regen Potion"},{"floor":18,"key":"Fire Potion"},{"floor":28,"key":"SteroidPotion"},{"floor":30,"key":"SneckoOil"}],"is_trial":false,"path_per_floor":["M","M","?","$","$","R","?","R","T","E","$","M","E","M","R","B",null,"M","M","$","?","M","R","E","R","T","M","M","R","E","M","R","B",null,"M","?","M","M","$","E"],"character_chosen":"DEFECT","items_purchased":["Genetic Algorithm","Ball Lightning","OrangePellets"],"campfire_rested":1,"item_purchase_floors":[5,11,39],"current_hp_per_floor":[64,64,64,64,64,64,43,43,43,45,45,42,41,42,42,12,56,50,48,48,48,47,47,34,34,34,34,32,53,28,30,30,7,55,49,49,26,10,10,0],"gold":5,"neow_bonus":"THREE_ENEMY_KILL","is_prod":false,"is_daily":false,"chose_seed":false,"campfire_upgraded":5,"win_rate":0,"timestamp":1552152172,"path_taken":["M","M","?","?","$","R","?","R","T","E","?","M","E","M","R","BOSS","M","M","$","?","M","R","E","R","T","M","?","R","E","M","R","BOSS","M","?","M","M","$","E"],"build_version":"2019-01-23","purchased_purges":3,"victory":false,"max_hp_per_floor":[71,71,71,71,71,71,71,71,71,71,71,71,71,71,71,71,71,71,71,71,71,71,71,71,71,71,71,71,71,71,71,71,71,71,71,71,71,71,71,71],"card_choices":[{"not_picked":["Hello World","Skim"],"picked":"Sunder","floor":1},{"not_picked":["Blizzard","Gash"],"picked":"Cold Snap","floor":2},{"not_picked":["Tempest","Auto Shields"],"picked":"Conserve Battery","floor":10},{"not_picked":["Conserve Battery","Streamline","Compile Driver"],"picked":"SKIP","floor":12},{"not_picked":["Redo","Hologram"],"picked":"Meteor Strike","floor":13},{"not_picked":["Melter","Compile Driver","Barrage"],"picked":"SKIP","floor":14},{"not_picked":["Electrodynamics","Reboot"],"picked":"Biased Cognition","floor":16},{"not_picked":["Steam"],"picked":"SKIP","floor":18},{"not_picked":["Gash"],"picked":"SKIP","floor":19},{"not_picked":[],"picked":"Hologram+1","floor":22},{"not_picked":[],"picked":"Consume+1","floor":24},{"not_picked":["Rebound"],"picked":"SKIP","floor":27},{"not_picked":["Genetic Algorithm"],"picked":"SKIP","floor":28},{"not_picked":[],"picked":"Electrodynamics","floor":30},{"not_picked":[],"picked":"Tempest","floor":31},{"not_picked":[],"picked":"Rainbow","floor":33},{"not_picked":["Hologram"],"picked":"SKIP","floor":35},{"not_picked":["Auto Shields"],"picked":"SKIP","floor":37},{"not_picked":["Hello World"],"picked":"SKIP","floor":38}],"player_experience":3452147,"relics_obtained":[{"floor":9,"key":"Blood Vial"},{"floor":10,"key":"Vajra"},{"floor":13,"key":"Whetstone"},{"floor":24,"key":"Calipers"},{"floor":30,"key":"Art of War"}],"event_choices":[{"damage_healed":0,"gold_gain":0,"player_choice":"Upgraded","damage_taken":0,"max_hp_gain":0,"max_hp_loss":0,"event_name":"Upgrade Shrine","floor":3,"gold_loss":0,"cards_upgraded":["Sunder"]},{"damage_healed":0,"gold_gain":0,"player_choice":"Entered Light","damage_taken":21,"max_hp_gain":0,"max_hp_loss":0,"event_name":"Shining Light","floor":7,"gold_loss":0,"cards_upgraded":["Strike_B","Defend_B"]},{"cards_removed":["Defend_B"],"damage_healed":0,"gold_gain":0,"player_choice":"Purged","damage_taken":0,"max_hp_gain":0,"max_hp_loss":0,"event_name":"Purifier","floor":21,"gold_loss":0},{"cards_removed":["Defend_B"],"damage_healed":0,"gold_gain":0,"player_choice":"Purged","damage_taken":0,"max_hp_gain":0,"max_hp_loss":0,"event_name":"Purifier","floor":36,"gold_loss":0}],"is_beta":false,"boss_relics":[{"not_picked":["Black Star","Ectoplasm"],"picked":"Busted Crown"},{"not_picked":["Fusion Hammer","Tiny House"],"picked":"Runic Dome"}],"items_purged_floors":[4,20,39],"is_endless":false,"potions_floor_spawned":[1,12,14,16,18,28,30],"killed_by":"Nemesis","ascension_level":20}