{"gold_per_floor":[109,122,132,20,32,32,61,61,61,61,61,61,61,80,80,80],"floor_reached":16,"playtime":624,"items_purged":["Strike_G"],"score":200,"play_id":"aaa2bfe0-ceef-444b-ab36-d0abafee24f4","local_time":"20190106144532","is_ascension_mode":true,"campfire_choices":[{"data":"Noxious Fumes","floor":6.0,"key":"SMITH"},{"data":"Noxious Fumes","floor":8.0,"key":"SMITH"},{"data":"Neutralize","floor":15,"key":"SMITH"}],"neow_cost":"PERCENT_DAMAGE","seed_source_timestamp":11796494607857,"circlet_count":0,"master_deck":["AscendersBane","Defend_G","Defend_G","Defend_G","Defend_G","Defend_G","Strike_G","Strike_G","Strike_G","Survivor","Neutralize+1","Concentrate","Calculated Gamble","Noxious Fumes+1","Masterful Stab","Noxious Fumes+1","Leg Sweep"],"special_seed":0,"relics":["Ring of the Snake","Pocketwatch","Anchor","The Specimen"],"potions_floor_usage":[14],"damage_taken":[{"damage":6.0,"enemies":"Cultist","floor":1.0,"turns":6.0},{"damage":2.0,"enemies":"2 Louse","floor":2.0,"turns":4.0},{"damage":0.0,"enemies":"Small Slimes","floor":3.0,"turns":3.0},{"damage":1.0,"enemies":"Looter","floor":5.0,"turns":4.0},{"damage":16.0,"enemies":"3 Sentries","floor":7.0,"turns":4.0},{"damage":9,"enemies":"Exordium Thugs","floor":14,"turns":5},{"damage":0,"enemies":"Slime Boss","floor":16,"turns":1}],"seed_played":"5512559334028498694","potions_obtained":[{"floor":1.0,"key":"PowerPotion"},{"floor":3.0,"key":"SkillPotion"},{"floor":7.0,"key":"AttackPotion"},{"floor":14,"key":"Energy Potion"}],"is_trial":false,"path_per_floor":["M","M","M","$","M","R","E","R","T","$","$","?","?","M","R","B"],"character_chosen":"THE_SILENT","items_purchased":["Masterful Stab"],"campfire_rested":0,"item_purchase_floors":[4],"current_hp_per_floor":[38,36,36,36,35,35,19,19,19,19,19,19,19,10,10,10],"gold":80,"neow_bonus":"ONE_RARE_RELIC","is_prod":false,"is_daily":false,"chose_seed":false,"campfire_upgraded":3,"win_rate":0,"timestamp":1546757132,"path_taken":["M","M","M","$","M","R","E","R","T","?","$","?","?","M","R","BOSS"],"build_version":"2019-01-03v4","purchased_purges":1,"victory":false,"max_hp_per_floor":[66,66,66,66,66,66,66,66,66,66,66,66,66,66,66,66],"card_choices":[{"not_picked":["Poisoned Stab","Reflex"],"picked":"Concentrate","floor":1.0},{"not_picked":["Riddle With Holes","Dagger Throw"],"picked":"Calculated Gamble","floor":2.0},{"not_picked":["Sucker Punch","Endless Agony"],"picked":"Noxious Fumes","floor":3.0},{"not_picked":["PiercingWail","Riddle With Holes"],"picked":"Noxious Fumes","floor":5.0},{"not_picked":["Predator","Blade Dance"],"picked":"Leg Sweep","floor":7.0},{"not_picked":["Dodge and Roll","Deflect","Blade Dance"],"picked":"SKIP","floor":14}],"player_experience":1776997,"relics_obtained":[{"floor":7.0,"key":"Anchor"}],"event_choices":[{"damage_healed":0.0,"max_hp_gain":0.0,"max_hp_loss":0.0,"gold_gain":0.0,"event_name":"Dead Adventurer","player_choice":"Searched \u00271\u0027 times","floor":12.0,"gold_loss":0.0,"damage_taken":0.0,"relics_obtained":["The Specimen"]},{"cards_removed":["Strike_G"],"damage_healed":0,"gold_gain":0,"player_choice":"Forget","damage_taken":0,"max_hp_gain":0,"max_hp_loss":0,"event_name":"Living Wall","floor":13,"gold_loss":0}],"is_beta":false,"boss_relics":[],"items_purged_floors":[4],"is_endless":false,"potions_floor_spawned":[1,3,7,14],"killed_by":"Slime Boss","ascension_level":20}