{"gold_per_floor":[109,109,109,184,204,204,204,73,73,18,37,37,49,117,117,195,195,212,212,232,232,251,251,15,15,15,15,33,52,102,121,121,121],"floor_reached":33,"playtime":1127,"items_purged":["Writhe"],"score":495,"play_id":"3d53804a-48de-4440-bc7e-03757bc6c51c","local_time":"20190216100244","is_ascension_mode":true,"campfire_choices":[{"data":"Deadly Poison","floor":6.0,"key":"SMITH"},{"data":"Calculated Gamble","floor":12.0,"key":"SMITH"},{"data":"Noxious Fumes","floor":15.0,"key":"SMITH"},{"data":"Prepared","floor":23.0,"key":"SMITH"},{"data":"Reflex","floor":25.0,"key":"SMITH"},{"data":"Neutralize","floor":32,"key":"SMITH"}],"neow_cost":"CURSE","seed_source_timestamp":3307156920771,"circlet_count":0,"master_deck":["AscendersBane","Defend_G","Defend_G","Defend_G","Defend_G","Defend_G","Survivor","Neutralize+1","Adrenaline","Deadly Poison+1","Endless Agony","Calculated Gamble+1","Noxious Fumes+1","Escape Plan","Prepared+1","Grand Finale","Reflex+1","Bite","Bite","Bite","Bite","Bite","Pain","Terror","Backflip","Well Laid Plans+1"],"special_seed":0,"relics":["Ring of the Snake","Tingsha","Letter Opener","Shuriken","Lizard Tail","Bird Faced Urn","Lantern","Mummified Hand","WarpedTongs"],"potions_floor_usage":[],"damage_taken":[{"damage":0.0,"enemies":"2 Louse","floor":1.0,"turns":6.0},{"damage":0.0,"enemies":"Small Slimes","floor":5.0,"turns":4.0},{"damage":0.0,"enemies":"Cultist","floor":11.0,"turns":3.0},{"damage":8.0,"enemies":"Large Slime","floor":13.0,"turns":6.0},{"damage":18.0,"enemies":"Slime Boss","floor":16.0,"turns":7.0},{"damage":0.0,"enemies":"Shell Parasite","floor":18.0,"turns":2.0},{"damage":1.0,"enemies":"2 Thieves","floor":20.0,"turns":3.0},{"damage":37.0,"enemies":"Centurion and Healer","floor":22.0,"turns":8.0},{"damage":2.0,"enemies":"3 Cultists","floor":28.0,"turns":4.0},{"damage":53,"enemies":"Cultist and Chosen","floor":29,"turns":8},{"damage":40,"enemies":"Sentry and Sphere","floor":31,"turns":6},{"damage":40,"enemies":"Champ","floor":33,"turns":9}],"seed_played":"-6691692358244041624","potions_obtained":[{"floor":11.0,"key":"GhostInAJar"},{"floor":16.0,"key":"AttackPotion"},{"floor":18.0,"key":"Fire Potion"},{"floor":28.0,"key":"FearPotion"}],"is_trial":false,"path_per_floor":["M","?","?","?","M","R","?","$","T","$","M","R","M","T","R","B",null,"M","?","M","?","M","R","$","R","T","?","M","M","?","M","R","B"],"character_chosen":"THE_SILENT","items_purchased":["Calculated Gamble","Noxious Fumes","Explosive Potion","Lantern"],"campfire_rested":0,"item_purchase_floors":[8,8,10,24],"current_hp_per_floor":[59,59,59,48,48,48,41,41,41,41,41,41,33,33,33,15,53,53,53,52,46,28,28,28,28,28,28,41,8,8,16,16,3],"gold":121,"neow_bonus":"THREE_RARE_CARDS","is_prod":false,"is_daily":false,"chose_seed":false,"campfire_upgraded":6,"win_rate":0,"timestamp":1550282564,"path_taken":["M","?","?","?","M","R","?","$","T","$","M","R","M","?","R","BOSS","M","?","M","?","M","R","$","R","T","?","?","M","?","M","R","BOSS"],"build_version":"2019-01-23","purchased_purges":1,"victory":false,"max_hp_per_floor":[66,66,66,66,66,66,66,66,66,66,66,66,66,66,66,66,66,66,66,66,46,46,46,46,46,46,46,46,46,46,46,46,46],"card_choices":[{"not_picked":["Wraith Form v2","Unload"],"picked":"Adrenaline","floor":0.0},{"not_picked":["PiercingWail","Underhanded Strike"],"picked":"Deadly Poison","floor":1.0},{"not_picked":["Heel Hook","Deadly Poison"],"picked":"Endless Agony","floor":5.0},{"not_picked":["Cloak And Dagger","Slice"],"picked":"Escape Plan","floor":11.0},{"not_picked":["PiercingWail","Eviscerate"],"picked":"Prepared","floor":13.0},{"not_picked":["A Thousand Cuts","Malaise"],"picked":"Grand Finale","floor":16.0},{"not_picked":["Outmaneuver","Terror","Deadly Poison"],"picked":"SKIP","floor":18.0},{"not_picked":["PiercingWail","Malaise"],"picked":"Reflex","floor":20.0},{"not_picked":["Deadly Poison","Blur","Sucker Punch"],"picked":"SKIP","floor":22.0},{"not_picked":["Riddle With Holes","Quick Slash"],"picked":"Terror","floor":28.0},{"not_picked":["Flying Knee","Blade Dance"],"picked":"Backflip","floor":29},{"not_picked":["Blade Dance","Prepared"],"picked":"Well Laid Plans+1","floor":31}],"player_experience":2807108,"relics_obtained":[{"floor":9.0,"key":"Letter Opener"},{"floor":14.0,"key":"Shuriken"},{"floor":26.0,"key":"Mummified Hand"}],"event_choices":[{"damage_healed":0.0,"max_hp_gain":0.0,"max_hp_loss":0.0,"gold_gain":0.0,"event_name":"Big Fish","player_choice":"Box","floor":2.0,"gold_loss":0.0,"damage_taken":0.0,"relics_obtained":["Tingsha"],"cards_obtained":["Regret"]},{"cards_removed":["Regret"],"damage_healed":0.0,"max_hp_gain":0.0,"max_hp_loss":0.0,"gold_gain":0.0,"event_name":"Living Wall","player_choice":"Forget","floor":3.0,"gold_loss":0.0,"damage_taken":0.0},{"damage_healed":0.0,"max_hp_gain":0.0,"max_hp_loss":0.0,"gold_gain":75.0,"event_name":"World of Goop","player_choice":"Gather Gold","floor":4.0,"gold_loss":0.0,"damage_taken":11.0},{"cards_removed":["Shame"],"damage_healed":0.0,"max_hp_gain":0.0,"max_hp_loss":0.0,"gold_gain":0.0,"event_name":"Golden Wing","player_choice":"Card Removal","floor":7.0,"gold_loss":0.0,"damage_taken":7.0},{"damage_healed":0.0,"max_hp_gain":0.0,"max_hp_loss":0.0,"gold_gain":0.0,"event_name":"The Mausoleum","player_choice":"Opened","floor":19.0,"gold_loss":0.0,"damage_taken":0.0,"relics_obtained":["Bird Faced Urn"],"cards_obtained":["Writhe"]},{"damage_healed":0.0,"max_hp_gain":0.0,"max_hp_loss":20.0,"gold_gain":0.0,"event_name":"Vampires","player_choice":"Became a vampire","floor":21.0,"gold_loss":0.0,"damage_taken":0.0,"cards_obtained":["Bite","Bite","Bite","Bite","Bite"]},{"damage_healed":0.0,"max_hp_gain":0.0,"max_hp_loss":0.0,"gold_gain":0.0,"event_name":"Accursed Blacksmith","player_choice":"Rummage","floor":27.0,"gold_loss":0.0,"damage_taken":0.0,"relics_obtained":["WarpedTongs"],"cards_obtained":["Pain"]},{"damage_healed":0,"gold_gain":50,"player_choice":"Stole From Cult","damage_taken":0,"max_hp_gain":0,"max_hp_loss":0,"event_name":"Nest","floor":30,"gold_loss":0}],"is_beta":false,"boss_relics":[{"not_picked":["Snecko Eye","Orrery"],"picked":"Lizard Tail"}],"items_purged_floors":[24],"is_endless":false,"potions_floor_spawned":[11,16,18,28],"killed_by":"Champ","ascension_level":20}