{"gold_per_floor":[114,114,159,159,179,204,204,234,234,265,265,265,265],"floor_reached":13,"playtime":180,"items_purged":[],"score":248,"play_id":"2282de94-ff0e-47b5-8840-cb870a87bd1d","local_time":"20190607134636","is_ascension_mode":true,"campfire_choices":[{"data":"Dualcast","floor":7.0,"key":"SMITH"}],"neow_cost":"NONE","seed_source_timestamp":91105013250716,"circlet_count":0,"master_deck":["AscendersBane","Strike_B","Strike_B","Strike_B","Defend_B","Defend_B","Defend_B","Defend_B","Zap","Dualcast+1","Darkness","Turbo","Glacier"],"special_seed":0,"relics":["Cracked Core","NeowsBlessing","Boot","Emotion Chip","Question Card","The Courier","Singing Bowl","Golden Idol"],"potions_floor_usage":[13],"damage_taken":[{"damage":0.0,"enemies":"Jaw Worm","floor":1.0,"turns":1.0},{"damage":0.0,"enemies":"Cultist","floor":5.0,"turns":1.0},{"damage":0.0,"enemies":"3 Sentries","floor":6.0,"turns":1.0},{"damage":44,"enemies":"Gremlin Nob","floor":8,"turns":4},{"damage":10,"enemies":"3 Sentries","floor":10,"turns":9},{"damage":6,"enemies":"Gremlin Nob","floor":13,"turns":2}],"seed_played":"3743969507475407640","potions_obtained":[{"floor":1.0,"key":"Swift Potion"},{"floor":10,"key":"SkillPotion"}],"is_trial":false,"path_per_floor":["M","?","T","?","M","E","R","E","T","E","?","?","E"],"character_chosen":"DEFECT","items_purchased":[],"campfire_rested":0,"item_purchase_floors":[],"current_hp_per_floor":[64,57,57,57,57,57,57,13,13,5,5,5,0],"gold":265,"neow_bonus":"THREE_ENEMY_KILL","is_prod":false,"is_daily":false,"chose_seed":false,"campfire_upgraded":1,"win_rate":0,"timestamp":1559882796,"path_taken":["M","?","?","?","?","E","R","E","T","E","?","?","E"],"build_version":"2019-01-23","purchased_purges":0,"victory":false,"max_hp_per_floor":[71,71,71,71,71,71,71,71,71,73,66,66,66],"card_choices":[{"not_picked":["Sunder","Sweeping Beam"],"picked":"Darkness","floor":1.0},{"not_picked":["Steam","Cold Snap"],"picked":"Turbo","floor":5.0},{"not_picked":["Sweeping Beam","Static Discharge","Leap"],"picked":"SKIP","floor":6.0},{"not_picked":["Sweeping Beam","Conserve Battery"],"picked":"Glacier","floor":8},{"not_picked":["Hello World","Streamline","Turbo","Double Energy"],"picked":"Singing Bowl","floor":10}],"player_experience":563713,"relics_obtained":[{"floor":6.0,"key":"Emotion Chip"},{"floor":8,"key":"Question Card"},{"floor":9,"key":"The Courier"},{"floor":10,"key":"Singing Bowl"}],"event_choices":[{"cards_removed":["Strike_B"],"damage_healed":0.0,"max_hp_gain":0.0,"max_hp_loss":0.0,"gold_gain":0.0,"event_name":"Golden Wing","player_choice":"Card Removal","floor":2.0,"gold_loss":0.0,"damage_taken":7.0},{"damage_healed":0.0,"max_hp_gain":0.0,"max_hp_loss":0.0,"gold_gain":0.0,"event_name":"WeMeetAgain","player_choice":"Gave Potion","floor":4.0,"gold_loss":0.0,"damage_taken":0.0,"relics_obtained":["Boot"]},{"damage_healed":0,"gold_gain":0,"player_choice":"Lose Max HP","damage_taken":0,"relics_obtained":["Golden Idol"],"max_hp_gain":0,"max_hp_loss":7,"event_name":"Golden Idol","floor":11,"gold_loss":0},{"damage_healed":0,"gold_gain":0,"player_choice":"Ignored","damage_taken":0,"max_hp_gain":0,"max_hp_loss":0,"event_name":"Liars Game","floor":12,"gold_loss":0}],"is_beta":false,"boss_relics":[],"items_purged_floors":[],"is_endless":false,"potions_floor_spawned":[1,10],"killed_by":"Gremlin Nob","ascension_level":20}