{"gold_per_floor":[115,126,142,21,35,35,60,60,60,87,105,123,123,142,142,243,243,232,182,201,214,226,226,251,251,275,26,36,36,36,66,66,66],"floor_reached":33,"playtime":2921,"items_purged":[],"score":340,"play_id":"8b1793bf-9f12-4d36-9d7a-10c01687f0d2","local_time":"20190806015822","is_ascension_mode":true,"campfire_choices":[{"data":"Offering","floor":6,"key":"SMITH"},{"floor":13,"key":"DIG"},{"floor":15,"key":"DIG"},{"floor":23,"key":"DIG"},{"floor":25,"key":"REST"},{"floor":30,"key":"REST"},{"floor":32,"key":"REST"}],"neow_cost":"NONE","seed_source_timestamp":2328971820865422,"circlet_count":0,"master_deck":["Strike_R+1","Strike_R","Strike_R","Strike_R","Defend_R+1","Defend_R+1","Defend_R","Defend_R","Bash","Offering+1","Combust","Flame Barrier","Brutality","Rupture","Anger","Twin Strike","Pommel Strike+1","Sword Boomerang","Cleave","Limit Break","Fiend Fire","Havoc+1","Pommel Strike+1","Heavy Blade","Rage","Metallicize","Whirlwind+1","Twin Strike+1"],"relics":["Burning Blood","Peace Pipe","Shovel","Torii","War Paint","Oddly Smooth Stone","Sozu","Whetstone","Ice Cream","Omamori","Shuriken","Dead Branch"],"potions_floor_usage":[10,16,24],"damage_taken":[{"damage":12,"enemies":"Cultist","floor":1,"turns":3},{"damage":9,"enemies":"Jaw Worm","floor":2,"turns":2},{"damage":7,"enemies":"Small Slimes","floor":3,"turns":2},{"damage":18,"enemies":"Red Slaver","floor":5,"turns":4},{"damage":11,"enemies":"Lagavulin","floor":7,"turns":4},{"damage":12,"enemies":"Gremlin Nob","floor":10,"turns":3},{"damage":4,"enemies":"3 Louse","floor":11,"turns":2},{"damage":7,"enemies":"Exordium Thugs","floor":12,"turns":2},{"damage":6,"enemies":"Blue Slaver","floor":14,"turns":3},{"damage":16,"enemies":"Slime Boss","floor":16,"turns":6},{"damage":1,"enemies":"2 Thieves","floor":18,"turns":4},{"damage":23,"enemies":"Shell Parasite","floor":20,"turns":4},{"damage":21,"enemies":"3 Cultists","floor":21,"turns":3},{"damage":25,"enemies":"Centurion and Healer","floor":22,"turns":4},{"damage":24,"enemies":"Gremlin Leader","floor":24,"turns":4},{"damage":15,"enemies":"Snake Plant","floor":28,"turns":4},{"damage":42,"enemies":"Book of Stabbing","floor":31,"turns":4},{"damage":45,"enemies":"Collector","floor":33,"turns":5}],"seed_played":"-2494725502401943536","potions_obtained":[{"floor":1,"key":"Weak Potion"},{"floor":5,"key":"Energy Potion"},{"floor":14,"key":"LiquidBronze"}],"is_trial":false,"path_per_floor":["M","M","M","$","M","R","E","?","T","E","M","M","R","M","R","B",null,"M","?","M","M","M","R","E","R","T","$","M","$","R","E","R","B"],"character_chosen":"IRONCLAD","items_purchased":["Rupture","Anger","Shuriken"],"campfire_rested":3,"item_purchase_floors":[4,4,27],"current_hp_per_floor":[74,71,70,70,58,58,53,46,46,40,42,41,41,41,41,31,80,80,80,63,48,29,29,11,35,35,35,26,26,50,14,38,0],"gold":66,"neow_bonus":"ONE_RANDOM_RARE_CARD","is_prod":false,"is_daily":false,"chose_seed":false,"campfire_upgraded":1,"win_rate":0,"timestamp":1565045902,"path_taken":["M","?","M","$","M","R","E","?","T","E","M","M","R","M","R","BOSS","M","?","M","?","M","R","E","R","T","$","M","$","R","E","R","BOSS"],"build_version":"2019-07-17","purchased_purges":0,"victory":false,"max_hp_per_floor":[80,80,80,80,80,80,80,80,80,80,80,80,80,80,80,80,80,80,80,80,80,80,80,80,80,80,80,80,80,80,80,80,80],"card_choices":[{"not_picked":["Power Through","Perfected Strike"],"picked":"Combust","floor":1},{"not_picked":["Anger","Sword Boomerang"],"picked":"Flame Barrier","floor":2},{"not_picked":["Havoc","Wild Strike"],"picked":"Brutality","floor":3},{"not_picked":["Rupture","Searing Blow"],"picked":"Twin Strike","floor":5},{"not_picked":["Perfected Strike","Headbutt"],"picked":"Pommel Strike","floor":7},{"not_picked":["Rupture","Perfected Strike"],"picked":"Sword Boomerang","floor":10},{"not_picked":["Headbutt","Flex"],"picked":"Cleave","floor":11},{"not_picked":["Evolve","Headbutt","Heavy Blade"],"picked":"SKIP","floor":12},{"not_picked":["Wild Strike","Thunderclap"],"picked":"Limit Break","floor":14},{"not_picked":["Double Tap","Barricade"],"picked":"Fiend Fire","floor":16},{"not_picked":["Seeing Red","Second Wind"],"picked":"Havoc+1","floor":18},{"not_picked":["Entrench","Wild Strike"],"picked":"Pommel Strike+1","floor":20},{"not_picked":["Whirlwind","Pommel Strike"],"picked":"Heavy Blade","floor":21},{"not_picked":["Clothesline+1","Seeing Red"],"picked":"Rage","floor":22},{"not_picked":["Armaments","Twin Strike"],"picked":"Metallicize","floor":24},{"not_picked":["Corruption","Wild Strike"],"picked":"Whirlwind+1","floor":28},{"not_picked":["Evolve+1","Reckless Charge"],"picked":"Twin Strike+1","floor":31}],"player_experience":129061,"relics_obtained":[{"floor":7,"key":"Peace Pipe"},{"floor":9,"key":"Shovel"},{"floor":10,"key":"Torii"},{"floor":13,"key":"War Paint"},{"floor":15,"key":"Oddly Smooth Stone"},{"floor":23,"key":"Whetstone"},{"floor":24,"key":"Ice Cream"},{"floor":26,"key":"Omamori"},{"floor":31,"key":"Dead Branch"}],"event_choices":[{"cards_removed":["Strike_R"],"damage_healed":0,"gold_gain":0,"player_choice":"Card Removal","damage_taken":7,"max_hp_gain":0,"max_hp_loss":0,"event_name":"Golden Wing","floor":8,"gold_loss":0},{"damage_healed":0,"gold_gain":0,"player_choice":"Bet on Murderer","damage_taken":0,"max_hp_gain":0,"max_hp_loss":0,"event_name":"The Joust","floor":19,"gold_loss":50}],"is_beta":false,"boss_relics":[{"not_picked":["Cursed Key","Velvet Choker"],"picked":"Sozu"}],"items_purged_floors":[],"is_endless":false,"potions_floor_spawned":[1,5,14,20,21,22,31],"killed_by":"Collector","ascension_level":1}