{"gold_per_floor":[110,10,20,20,31,31,0,0,21,21,46,88,101,117,117,180,180,197,147,147,12,12],"floor_reached":22,"playtime":452,"items_purged":["Strike_R","Pain"],"score":410,"play_id":"58557cd2-a2c2-4434-b3e7-3ac9b8769d19","local_time":"20190131002437","is_ascension_mode":true,"campfire_choices":[{"data":"Immolate","floor":6.0,"key":"SMITH"},{"data":"Bash","floor":8.0,"key":"SMITH"},{"data":"Dropkick","floor":10.0,"key":"SMITH"},{"data":"Uppercut","floor":15.0,"key":"SMITH"}],"neow_cost":"PERCENT_DAMAGE","seed_source_timestamp":45838163444713,"circlet_count":0,"master_deck":["AscendersBane","Strike_R+1","Strike_R+1","Strike_R+1","Defend_R+1","Defend_R","Bash+1","Immolate+1","Dropkick+1","Uppercut+1","Limit Break","Dual Wield"],"special_seed":0,"relics":["Burning Blood","AscMod:CursedFlame","AscMod:MegaStarOfAscension","AscMod:CursedBank","Smiling Mask","Whetstone","Strawberry","Busted Crown","theJungle:SpiritDisease","theJungle:Flamango"],"potions_floor_usage":[16,18],"damage_taken":[{"damage":3.0,"enemies":"Small Slimes","floor":1.0,"turns":2.0},{"damage":0.0,"enemies":"2 Louse","floor":3.0,"turns":1.0},{"damage":7.0,"enemies":"Jaw Worm","floor":5.0,"turns":3.0},{"damage":6.0,"enemies":"Gremlin Nob","floor":11.0,"turns":3.0},{"damage":7.0,"enemies":"Lots of Slimes","floor":13.0,"turns":2.0},{"damage":1.0,"enemies":"Exordium Thugs","floor":14.0,"turns":3.0},{"damage":5,"enemies":"Slime Boss","floor":16,"turns":7},{"damage":38,"enemies":"theJungle:Flameango_and_Byrd","floor":18,"turns":6},{"damage":0,"enemies":"theJungle:5_Spyders","floor":22,"turns":1}],"seed_played":"-7764028831675158151","potions_obtained":[{"floor":3.0,"key":"Poison Potion"},{"floor":11.0,"key":"PowerPotion"},{"floor":18,"key":"EssenceOfSteel"}],"is_trial":false,"path_per_floor":["M","$","M","?","M","R","?","R","T","R","E","T","M","M","R","B",null,"M","$","?","?","M"],"character_chosen":"IRONCLAD","items_purchased":[],"campfire_rested":0,"item_purchase_floors":[],"current_hp_per_floor":[52,52,57,34,32,32,32,32,32,32,31,37,35,39,39,39,65,32,32,32,32,32],"gold":12,"neow_bonus":"THREE_RARE_CARDS","is_prod":false,"is_daily":false,"chose_seed":false,"campfire_upgraded":4,"win_rate":0,"timestamp":1548865477,"path_taken":["M","$","M","?","M","R","?","R","T","R","E","?","?","M","R","BOSS","M","$","?","?","M"],"build_version":"2019-01-23","purchased_purges":2,"victory":false,"max_hp_per_floor":[75,75,75,75,75,75,75,75,75,75,75,82,82,82,82,82,82,82,82,82,82,82],"card_choices":[{"not_picked":["Feed","Dark Embrace"],"picked":"Immolate","floor":0.0},{"not_picked":["Body Slam","Headbutt","Metallicize"],"picked":"SKIP","floor":1.0},{"not_picked":["Rupture","Pommel Strike","Combust"],"picked":"SKIP","floor":3.0},{"not_picked":["Iron Wave","Thunderclap"],"picked":"Dropkick","floor":5.0},{"not_picked":["Iron Wave","Reckless Charge","Rampage"],"picked":"SKIP","floor":11.0},{"not_picked":["Anger","Clothesline","Hemokinesis"],"picked":"SKIP","floor":13.0},{"not_picked":["Warcry","Armaments"],"picked":"Uppercut","floor":14.0},{"not_picked":["Double Tap","Bludgeon"],"picked":"Limit Break","floor":16},{"not_picked":[],"picked":"Dual Wield","floor":18}],"player_experience":2420855,"relics_obtained":[{"floor":9.0,"key":"Smiling Mask"},{"floor":11.0,"key":"Whetstone"},{"floor":12.0,"key":"Strawberry"}],"event_choices":[{"damage_healed":0.0,"max_hp_gain":0.0,"max_hp_loss":0.0,"gold_gain":0.0,"event_name":"Shining Light","player_choice":"Entered Light","floor":4.0,"gold_loss":0.0,"damage_taken":23.0,"cards_upgraded":["Strike_R","Defend_R"]},{"damage_healed":0.0,"max_hp_gain":0.0,"max_hp_loss":0.0,"gold_gain":0.0,"event_name":"World of Goop","player_choice":"Left Gold","floor":7.0,"gold_loss":31.0,"damage_taken":0.0}],"is_beta":false,"boss_relics":[{"not_picked":["Fusion Hammer","Sozu"],"picked":"Busted Crown"}],"items_purged_floors":[2,19],"is_endless":false,"potions_floor_spawned":[3,11,14,18],"killed_by":"theJungle:5_Spyders","ascension_level":25}