{"gold_per_floor":[362,362,201,218,218,218,231,231,231,266,266,266,266,286,286,384,447,461,496,520,332,332,332,345,345,345,345,368,368,387,406,406,500,500,523,523,745,763,783,783,817,817,817,817,817,817],"floor_reached":46,"playtime":1649,"items_purged":["Strike_G","Strike_G"],"score":1007,"play_id":"0586c140-f75c-42c7-ac28-c7b36a5879ab","local_time":"20181223223228","is_ascension_mode":true,"campfire_choices":[{"data":"Noxious Fumes","floor":6.0,"key":"SMITH"},{"data":"Footwork","floor":8.0,"key":"SMITH"},{"data":"Backflip","floor":11.0,"key":"SMITH"},{"data":"Survivor","floor":13.0,"key":"SMITH"},{"data":"Deadly Poison","floor":15.0,"key":"SMITH"},{"data":"Catalyst","floor":23.0,"key":"SMITH"},{"data":"Well Laid Plans","floor":25.0,"key":"SMITH"},{"floor":27.0,"key":"REST"},{"data":"Corpse Explosion","floor":32.0,"key":"SMITH"},{"data":"Footwork","floor":40,"key":"SMITH"},{"floor":42,"key":"RECALL"},{"data":"Backflip","floor":44,"key":"SMITH"}],"neow_cost":"TEN_PERCENT_HP_LOSS","seed_source_timestamp":39259354101216,"circlet_count":0,"master_deck":["AscendersBane","Defend_G","Defend_G","Defend_G","Defend_G","Strike_G+1","Strike_G","Strike_G","Survivor+1","Neutralize+1","Footwork+1","Noxious Fumes+1","Backflip+1","Deadly Poison+1","Corpse Explosion+1","Catalyst+1","Blur","Blur","Well Laid Plans+1","Purity","Footwork+1","Backflip+1","After Image"],"special_seed":0,"relics":["Ring of the Snake","Golden Idol","Smiling Mask","Tiny House","Red Mask","Darkstone Periapt","Busted Crown","Kunai","Strawberry"],"potions_floor_usage":[46,46],"damage_taken":[{"damage":0.0,"enemies":"Small Slimes","floor":1.0,"turns":5.0},{"damage":0.0,"enemies":"Cultist","floor":4.0,"turns":5.0},{"damage":1.0,"enemies":"2 Louse","floor":7.0,"turns":4.0},{"damage":29.0,"enemies":"Gremlin Nob","floor":10.0,"turns":6.0},{"damage":0.0,"enemies":"2 Fungi Beasts","floor":14.0,"turns":4.0},{"damage":6.0,"enemies":"Hexaghost","floor":16.0,"turns":11.0},{"damage":2.0,"enemies":"3 Byrds","floor":18.0,"turns":4.0},{"damage":12.0,"enemies":"Masked Bandits","floor":19.0,"turns":2.0},{"damage":16.0,"enemies":"2 Thieves","floor":20.0,"turns":3.0},{"damage":14.0,"enemies":"Shelled Parasite and Fungi","floor":24.0,"turns":7.0},{"damage":1.0,"enemies":"Chosen and Byrds","floor":28.0,"turns":5.0},{"damage":0.0,"enemies":"Gremlin Leader","floor":29.0,"turns":2.0},{"damage":3.0,"enemies":"Snecko","floor":30.0,"turns":6.0},{"damage":18.0,"enemies":"Shelled Parasite and Fungi","floor":31.0,"turns":5.0},{"damage":8.0,"enemies":"Champ","floor":33.0,"turns":10.0},{"damage":7.0,"enemies":"3 Darklings","floor":35.0,"turns":2.0},{"damage":0.0,"enemies":"3 Shapes","floor":38.0,"turns":5.0},{"damage":11,"enemies":"3 Darklings","floor":39,"turns":6},{"damage":19,"enemies":"Nemesis","floor":41,"turns":9},{"damage":41,"enemies":"Transient","floor":46,"turns":4}],"seed_played":"471571300775853222","potions_obtained":[{"floor":1.0,"key":"Poison Potion"},{"floor":4.0,"key":"Ancient Potion"},{"floor":14.0,"key":"Block Potion"},{"floor":18.0,"key":"Ancient Potion"},{"floor":20.0,"key":"Regen Potion"},{"floor":28.0,"key":"SmokeBomb"},{"floor":38.0,"key":"FearPotion"},{"floor":41,"key":"Block Potion"}],"is_trial":false,"path_per_floor":["M","?","$","M","?","R","M","R","T","E","R","?","R","M","R","B",null,"M","?","M","$","?","R","M","R","T","R","M","E","M","M","R","B",null,"M","?","?","M","M","R","E","R","T","R","?","M"],"character_chosen":"THE_SILENT","items_purchased":["Noxious Fumes","Well Laid Plans","Purity"],"campfire_rested":1,"item_purchase_floors":[3,21,21],"current_hp_per_floor":[59,59,59,59,38,38,37,37,37,8,8,8,8,8,8,2,51,49,37,21,21,21,21,22,22,22,41,40,40,37,19,19,11,52,45,45,45,45,34,34,15,15,22,22,22,0],"gold":817,"neow_bonus":"TWO_FIFTY_GOLD","is_prod":false,"is_daily":false,"chose_seed":false,"campfire_upgraded":10,"win_rate":0,"timestamp":1545575548,"path_taken":["M","?","$","?","?","R","M","R","T","E","R","?","R","M","R","BOSS","M","?","M","$","?","R","M","R","T","R","M","E","M","M","R","BOSS","M","?","?","M","M","R","E","R","T","R","?","M"],"build_version":"2018-12-20","purchased_purges":2,"victory":false,"max_hp_per_floor":[60,60,60,60,60,60,60,60,60,60,60,60,60,60,60,60,65,65,65,65,65,65,65,65,65,65,65,65,65,65,65,65,65,65,65,65,65,65,65,65,65,65,72,72,72,72],"card_choices":[{"not_picked":["Blur","Cloak And Dagger"],"picked":"Footwork","floor":1.0},{"not_picked":["Dagger Throw","Flying Knee","Dodge and Roll"],"picked":"SKIP","floor":4.0},{"not_picked":["Quick Slash","Poisoned Stab"],"picked":"Backflip","floor":7.0},{"not_picked":["Dagger Spray","Backstab","Bane"],"picked":"SKIP","floor":10.0},{"not_picked":["Concentrate","Setup"],"picked":"Deadly Poison","floor":14.0},{"not_picked":["Storm of Steel","Grand Finale"],"picked":"Corpse Explosion","floor":16.0},{"not_picked":["Dash","Sucker Punch"],"picked":"Catalyst","floor":17.0},{"not_picked":["Cloak And Dagger","Heel Hook","Sucker Punch"],"picked":"SKIP","floor":18.0},{"not_picked":["Quick Slash","Deflect"],"picked":"Blur","floor":19.0},{"not_picked":["Doppelganger","Underhanded Strike"],"picked":"Blur","floor":20.0},{"not_picked":["Blur","Dodge and Roll"],"picked":"Footwork","floor":24.0},{"not_picked":["Dash","PiercingWail","Slice"],"picked":"SKIP","floor":28.0},{"not_picked":["Riddle With Holes","Poisoned Stab"],"picked":"Backflip","floor":30.0},{"not_picked":["Dodge and Roll","Slice","Sucker Punch+1"],"picked":"SKIP","floor":31.0},{"not_picked":["Storm of Steel","Envenom"],"picked":"After Image","floor":33.0},{"not_picked":["Bane+1"],"picked":"SKIP","floor":35.0},{"not_picked":["Bane+1"],"picked":"SKIP","floor":38.0},{"not_picked":["Flying Knee"],"picked":"SKIP","floor":39},{"not_picked":["Slice"],"picked":"SKIP","floor":41}],"player_experience":1446828,"relics_obtained":[{"floor":10.0,"key":"Smiling Mask"},{"floor":19.0,"key":"Red Mask"},{"floor":26.0,"key":"Darkstone Periapt"},{"floor":41,"key":"Kunai"},{"floor":43,"key":"Strawberry"}],"event_choices":[{"damage_healed":0.0,"max_hp_gain":0.0,"max_hp_loss":0.0,"gold_gain":0.0,"event_name":"Upgrade Shrine","player_choice":"Upgraded","floor":2.0,"gold_loss":0.0,"damage_taken":0.0,"cards_upgraded":["Neutralize"]},{"damage_healed":0.0,"max_hp_gain":0.0,"max_hp_loss":0.0,"gold_gain":0.0,"event_name":"Golden Idol","player_choice":"Take Damage","floor":5.0,"gold_loss":0.0,"damage_taken":21.0,"relics_obtained":["Golden Idol"]},{"damage_healed":0.0,"max_hp_gain":0.0,"max_hp_loss":0.0,"gold_gain":0.0,"event_name":"Liars Game","player_choice":"Ignored","floor":12.0,"gold_loss":0.0,"damage_taken":0.0},{"damage_healed":0.0,"max_hp_gain":0.0,"max_hp_loss":0.0,"gold_gain":0.0,"event_name":"Masked Bandits","player_choice":"Fought Bandits","floor":19.0,"gold_loss":0.0,"damage_taken":0.0},{"damage_healed":0.0,"max_hp_gain":0.0,"max_hp_loss":0.0,"gold_gain":0.0,"event_name":"Cursed Tome","player_choice":"Ignored","floor":22.0,"gold_loss":0.0,"damage_taken":0.0},{"damage_healed":0.0,"max_hp_gain":0.0,"max_hp_loss":0.0,"gold_gain":0.0,"event_name":"Mysterious Sphere","player_choice":"Ignored","floor":36.0,"gold_loss":0.0,"damage_taken":0.0},{"damage_healed":0.0,"max_hp_gain":0.0,"max_hp_loss":0.0,"gold_gain":222.0,"event_name":"Tomb of Lord Red Mask","player_choice":"Wore Mask","floor":37.0,"gold_loss":0.0,"damage_taken":0.0},{"cards_removed":["Defend_G"],"damage_healed":0,"gold_gain":0,"player_choice":"Removed Skill","damage_taken":0,"max_hp_gain":0,"max_hp_loss":0,"event_name":"Falling","floor":45,"gold_loss":0}],"is_beta":false,"boss_relics":[{"not_picked":["Calling Bell","White Beast Statue"],"picked":"Tiny House"},{"not_picked":["Runic Dome","WristBlade"],"picked":"Busted Crown"}],"items_purged_floors":[3,21],"is_endless":false,"potions_floor_spawned":[1,4,14,18,20,28,38,41],"killed_by":"Transient","ascension_level":20}