{"gold_per_floor":[118,43,43,43,54,89,89,103,103,28,48,48,82,82,82,82],"floor_reached":16,"playtime":384,"items_purged":["Defend_G"],"score":266,"play_id":"3a2c5ceb-519f-4094-b931-a78df99e1e79","local_time":"20190103121540","is_ascension_mode":true,"campfire_choices":[{"data":"Escape Plan","floor":7,"key":"SMITH"},{"data":"Deadly Poison","floor":12,"key":"SMITH"},{"data":"Footwork","floor":15,"key":"SMITH"}],"neow_cost":"NONE","seed_source_timestamp":908144993490,"circlet_count":0,"master_deck":["AscendersBane","Defend_G","Defend_G","Defend_G","Defend_G","Strike_G","Strike_G","Strike_G","Strike_G","Survivor","Neutralize+1","Escape Plan+1","Escape Plan","Footwork+1","Deadly Poison+1","Blur"],"relics":["Ring of the Snake","NeowsBlessing","Strawberry","Mercury Hourglass","Nunchaku"],"potions_floor_usage":[],"damage_taken":[{"damage":0,"enemies":"Small Slimes","floor":1,"turns":1},{"damage":0,"enemies":"Jaw Worm","floor":5,"turns":1},{"damage":0,"enemies":"Gremlin Nob","floor":6,"turns":1},{"damage":1,"enemies":"Cultist","floor":8,"turns":6},{"damage":4,"enemies":"3 Louse","floor":11,"turns":5},{"damage":29,"enemies":"3 Sentries","floor":13,"turns":8},{"damage":28,"enemies":"Slime Boss","floor":16,"turns":10}],"seed_played":"-4002685025136560782","potions_obtained":[{"floor":6,"key":"LiquidBronze"}],"is_trial":false,"path_per_floor":["M","?","$","?","M","E","R","M","T","$","M","R","E","$","R","B"],"character_chosen":"THE_SILENT","items_purchased":[],"campfire_rested":0,"item_purchase_floors":[],"current_hp_per_floor":[59,59,59,59,59,66,66,65,65,65,61,61,32,32,32,4],"gold":82,"neow_bonus":"THREE_ENEMY_KILL","is_prod":false,"is_daily":false,"chose_seed":false,"campfire_upgraded":3,"win_rate":0,"timestamp":1546488940,"path_taken":["M","?","$","?","?","E","R","M","T","$","M","R","E","$","R","BOSS"],"build_version":"2018-12-20","purchased_purges":1,"victory":false,"max_hp_per_floor":[66,66,66,66,66,73,73,73,73,73,73,73,73,73,73,73],"card_choices":[{"not_picked":["Quick Slash","Flechettes","Sucker Punch"],"picked":"SKIP","floor":1},{"not_picked":["Skewer","Cloak And Dagger"],"picked":"Escape Plan","floor":5},{"not_picked":["Predator","Flying Knee"],"picked":"Escape Plan","floor":6},{"not_picked":["Concentrate","Finisher"],"picked":"Footwork","floor":8},{"not_picked":["Concentrate","Terror"],"picked":"Deadly Poison","floor":11},{"not_picked":["Leg Sweep","Dagger Throw"],"picked":"Blur","floor":13}],"player_experience":1683605,"relics_obtained":[{"floor":6,"key":"Strawberry"},{"floor":9,"key":"Mercury Hourglass"},{"floor":13,"key":"Nunchaku"}],"event_choices":[{"cards_removed":["Strike_G"],"damage_healed":0,"gold_gain":0,"player_choice":"Card Removal","damage_taken":0,"max_hp_gain":0,"max_hp_loss":0,"event_name":"The Cleric","floor":2,"gold_loss":75},{"damage_healed":0,"gold_gain":0,"player_choice":"Upgraded","damage_taken":0,"max_hp_gain":0,"max_hp_loss":0,"event_name":"Upgrade Shrine","floor":4,"gold_loss":0,"cards_upgraded":["Neutralize"]}],"is_beta":false,"boss_relics":[],"items_purged_floors":[10],"is_endless":false,"potions_floor_spawned":[6],"killed_by":"Slime Boss","ascension_level":20}