{"gold_per_floor":[117,117,42,60,60,90,38,113,140,140,170,170,198,212,212,287,287,303,173,173,173,223,252,127,143,167,92,92],"floor_reached":28,"playtime":1455,"items_purged":["Strike_G","Strike_G+1","Defend_G"],"score":600,"play_id":"ee57cecf-07c2-45bd-b5a2-f97a3d96838a","local_time":"20190107175209","is_ascension_mode":true,"campfire_choices":[{"data":"Neutralize","floor":12.0,"key":"SMITH"},{"data":"Catalyst","floor":15.0,"key":"SMITH"}],"neow_cost":"NONE","seed_source_timestamp":19598858729411,"circlet_count":0,"master_deck":["AscendersBane","Defend_G","Defend_G","Survivor","Neutralize+1","Grand Finale+1","Catalyst+1","Calculated Gamble","Backflip","Deadly Poison","Malaise","Prepared+1","Acrobatics","Die Die Die","Catalyst","Corpse Explosion","Backflip"],"special_seed":0,"relics":["Ring of the Snake","NeowsBlessing","Pear","PreservedInsect","Letter Opener","Whetstone","Eternal Feather","Shovel","Snake Skull"],"potions_floor_usage":[],"damage_taken":[{"damage":0.0,"enemies":"2 Louse","floor":1.0,"turns":1.0},{"damage":0.0,"enemies":"Cultist","floor":4.0,"turns":1.0},{"damage":0.0,"enemies":"Gremlin Nob","floor":6.0,"turns":1.0},{"damage":10.0,"enemies":"Lagavulin","floor":11.0,"turns":7.0},{"damage":0.0,"enemies":"Gremlin Nob","floor":13.0,"turns":2.0},{"damage":0.0,"enemies":"Jaw Worm","floor":14.0,"turns":3.0},{"damage":16.0,"enemies":"The Guardian","floor":16.0,"turns":9.0},{"damage":6,"enemies":"2 Thieves","floor":18,"turns":4},{"damage":39,"enemies":"Book of Stabbing","floor":23,"turns":5},{"damage":0,"enemies":"Spheric Guardian","floor":25,"turns":2},{"damage":0,"enemies":"Snecko","floor":28,"turns":2}],"seed_played":"1472868288078449837","potions_obtained":[{"floor":6.0,"key":"GhostInAJar"},{"floor":11.0,"key":"PowerPotion"}],"is_trial":false,"path_per_floor":["M","?","$","M","?","E","$","?","T","?","E","R","E","M","R","B",null,"M","$","?","?","?","E","$","M","T","?","M"],"character_chosen":"THE_SILENT","items_purchased":["Backflip","Acrobatics"],"campfire_rested":0,"item_purchase_floors":[7,19],"current_hp_per_floor":[59,59,59,59,59,69,69,58,58,58,48,48,48,48,48,32,65,59,59,59,59,59,20,20,20,20,20,20],"gold":92,"neow_bonus":"THREE_ENEMY_KILL","is_prod":false,"is_daily":false,"chose_seed":false,"campfire_upgraded":2,"win_rate":0,"timestamp":1546854729,"path_taken":["M","?","$","?","?","E","?","?","T","?","E","R","E","?","R","BOSS","M","$","?","?","?","E","$","?","T","?","M"],"build_version":"2019-01-03v4","purchased_purges":3,"victory":false,"max_hp_per_floor":[66,66,66,66,66,76,76,76,76,76,76,76,76,76,76,76,76,76,76,76,76,76,76,76,76,76,76,76],"card_choices":[{"not_picked":["Deflect","Poisoned Stab","Expertise"],"picked":"SKIP","floor":1.0},{"not_picked":["Cloak And Dagger","Infinite Blades"],"picked":"Catalyst","floor":4.0},{"not_picked":["Outmaneuver","Riddle With Holes"],"picked":"Calculated Gamble","floor":6.0},{"not_picked":["Blur","Flechettes","Infinite Blades"],"picked":"SKIP","floor":11.0},{"not_picked":["Prepared","Calculated Gamble"],"picked":"Deadly Poison","floor":13.0},{"not_picked":["Underhanded Strike","Dagger Spray","Bouncing Flask"],"picked":"SKIP","floor":14.0},{"not_picked":["A Thousand Cuts","Glass Knife"],"picked":"Malaise","floor":16.0},{"not_picked":["Dagger Spray","Dash"],"picked":"Prepared+1","floor":18},{"not_picked":["Outmaneuver","Backflip+1"],"picked":"Corpse Explosion","floor":23},{"not_picked":["Masterful Stab","Bane"],"picked":"Backflip","floor":25}],"player_experience":1820461,"relics_obtained":[{"floor":6.0,"key":"Pear"},{"floor":9.0,"key":"PreservedInsect"},{"floor":11.0,"key":"Letter Opener"},{"floor":13.0,"key":"Whetstone"},{"floor":23,"key":"Shovel"},{"floor":26,"key":"Snake Skull"}],"event_choices":[{"damage_healed":0.0,"max_hp_gain":0.0,"max_hp_loss":0.0,"gold_gain":0.0,"cards_transformed":["Strike_G"],"event_name":"Transmorgrifier","player_choice":"Transformed","floor":2.0,"gold_loss":0.0,"damage_taken":0.0,"cards_obtained":["Grand Finale"]},{"damage_healed":0.0,"max_hp_gain":0.0,"max_hp_loss":0.0,"gold_gain":0.0,"event_name":"Upgrade Shrine","player_choice":"Upgraded","floor":5.0,"gold_loss":0.0,"damage_taken":0.0,"cards_upgraded":["Grand Finale"]},{"damage_healed":0.0,"max_hp_gain":0.0,"max_hp_loss":0.0,"gold_gain":75.0,"event_name":"World of Goop","player_choice":"Gather Gold","floor":8.0,"gold_loss":0.0,"damage_taken":11.0},{"cards_removed":["Strike_G"],"damage_healed":0.0,"max_hp_gain":0.0,"max_hp_loss":0.0,"gold_gain":0.0,"event_name":"Living Wall","player_choice":"Forget","floor":10.0,"gold_loss":0.0,"damage_taken":0.0},{"damage_healed":0,"gold_gain":0,"cards_transformed":["Strike_G","Defend_G"],"player_choice":"Became Test Subject","damage_taken":0,"max_hp_gain":0,"max_hp_loss":0,"event_name":"Drug Dealer","floor":20,"gold_loss":0,"cards_obtained":["Die Die Die","Catalyst"]},{"damage_healed":0,"gold_gain":0,"player_choice":"Ignored","damage_taken":0,"max_hp_gain":0,"max_hp_loss":0,"event_name":"Vampires","floor":21,"gold_loss":0},{"damage_healed":0,"gold_gain":100,"player_choice":"Bet on Murderer","damage_taken":0,"max_hp_gain":0,"max_hp_loss":0,"event_name":"The Joust","floor":22,"gold_loss":50},{"cards_removed":["Defend_G"],"damage_healed":0,"gold_gain":0,"player_choice":"Gave Gold","damage_taken":0,"max_hp_gain":0,"max_hp_loss":0,"event_name":"Beggar","floor":27,"gold_loss":75}],"is_beta":false,"boss_relics":[{"not_picked":["Ectoplasm","Calling Bell"],"picked":"Eternal Feather"}],"items_purged_floors":[3,19,24],"is_endless":false,"potions_floor_spawned":[6,11,25],"killed_by":"Snecko","ascension_level":20}