{"gold_per_floor":[112,37,37,52,52,52,78,98,124,124,124,124,162,186,186,280,280,293,293,86,70,89,89,133,183,183,199,199,243,32,47,47,143,143,167,167,190,205,55,89,89,127,127,150,150,483,511,511,511,511,511,511,511,15,47,47],"floor_reached":57,"playtime":2625,"items_purged":["Strike_R","Strike_R","Strike_R","Strike_R","Strike_R+1"],"score":3151,"play_id":"18d58fea-8183-48c7-aef9-63148633286d","local_time":"20190726134429","is_ascension_mode":true,"campfire_choices":[{"data":"Carnage","floor":6.0,"key":"SMITH"},{"data":"True Grit","floor":12.0,"key":"SMITH"},{"data":"Evolve","floor":15.0,"key":"SMITH"},{"data":"Armaments","floor":23.0,"key":"SMITH"},{"data":"Offering","floor":32.0,"key":"SMITH"},{"floor":49.0,"key":"RECALL"},{"data":"Dark Embrace","floor":53.0,"key":"SMITH"}],"neow_cost":"NONE","seed_source_timestamp":643830982076600,"circlet_count":0,"master_deck":["AscendersBane","Defend_R","Defend_R","Defend_R","Defend_R+1","Bash","Shrug It Off","True Grit+1","Evolve+1","Juggernaut","Body Slam","Armaments+1","Shrug It Off","Feel No Pain","Second Wind","Offering+1","Dark Embrace+1","Burning Pact","Impervious","Warcry+1","Sentinel","Finesse","Madness"],"special_seed":0,"relics":["Burning Blood","Strawberry","Ancient Tea Set","Bronze Scales","Mark of Pain","Oddly Smooth Stone","Pocketwatch","Calling Bell","Pen Nib","Question Card","StoneCalendar","Bag of Marbles","Regal Pillow","Molten Egg 2","Centennial Puzzle","Self Forming Clay","Mummified Hand"],"potions_floor_usage":[56,56],"damage_taken":[{"damage":9.0,"enemies":"Small Slimes","floor":1.0,"turns":4.0},{"damage":0.0,"enemies":"2 Louse","floor":4.0,"turns":2.0},{"damage":21.0,"enemies":"3 Sentries","floor":7.0,"turns":7.0},{"damage":7.0,"enemies":"Jaw Worm","floor":8.0,"turns":3.0},{"damage":0.0,"enemies":"Gremlin Gang","floor":10.0,"turns":1.0},{"damage":8.0,"enemies":"Gremlin Nob","floor":13.0,"turns":3.0},{"damage":5.0,"enemies":"Large Slime","floor":14.0,"turns":5.0},{"damage":15.0,"enemies":"Slime Boss","floor":16.0,"turns":7.0},{"damage":2.0,"enemies":"Chosen","floor":18.0,"turns":5.0},{"damage":12.0,"enemies":"2 Thieves","floor":21.0,"turns":4.0},{"damage":13.0,"enemies":"3 Cultists","floor":22.0,"turns":5.0},{"damage":66.0,"enemies":"Slavers","floor":24.0,"turns":7.0},{"damage":6.0,"enemies":"Snecko","floor":27.0,"turns":4.0},{"damage":61.0,"enemies":"Gremlin Leader","floor":29.0,"turns":8.0},{"damage":15.0,"enemies":"Shelled Parasite and Fungi","floor":31.0,"turns":3.0},{"damage":6.0,"enemies":"Champ","floor":33.0,"turns":8.0},{"damage":6.0,"enemies":"Orb Walker","floor":35.0,"turns":3.0},{"damage":13.0,"enemies":"3 Shapes","floor":37.0,"turns":6.0},{"damage":6.0,"enemies":"3 Darklings","floor":38.0,"turns":4.0},{"damage":6.0,"enemies":"Reptomancer","floor":40.0,"turns":3.0},{"damage":21.0,"enemies":"Nemesis","floor":42.0,"turns":3.0},{"damage":1.0,"enemies":"Maw","floor":44.0,"turns":5.0},{"damage":15.0,"enemies":"Reptomancer","floor":47.0,"turns":3.0},{"damage":24.0,"enemies":"Awakened One","floor":50.0,"turns":5.0},{"damage":6.0,"enemies":"Time Eater","floor":51.0,"turns":7.0},{"damage":6.0,"enemies":"Shield and Spear","floor":55.0,"turns":2.0},{"damage":14,"enemies":"The Heart","floor":56,"turns":5}],"seed_played":"7506719617026999749","potions_obtained":[{"floor":1.0,"key":"SmokeBomb"},{"floor":14.0,"key":"Poison Potion"},{"floor":16.0,"key":"PowerPotion"},{"floor":18.0,"key":"Explosive Potion"},{"floor":21.0,"key":"BloodPotion"},{"floor":27.0,"key":"PowerPotion"},{"floor":29.0,"key":"AttackPotion"},{"floor":37.0,"key":"Block Potion"},{"floor":42.0,"key":"Weak Potion"},{"floor":47.0,"key":"BloodPotion"}],"is_trial":false,"path_per_floor":["M","$","?","M","?","R","E","M","T","M","?","R","E","M","R","B",null,"M","?","$","M","M","R","E","?","T","M","?","E","$","M","R","B",null,"M","?","M","M","$","E","?","E","T","M","$","?","E","?","R","B","B",null,"R","$","E","B",null],"character_chosen":"IRONCLAD","items_purchased":["Armaments","Shrug It Off","Second Wind","Self Forming Clay","PowerPotion"],"campfire_rested":0,"item_purchase_floors":[20,20,30,54,54],"current_hp_per_floor":[65,65,65,71,48,48,40,39,39,45,45,45,43,44,44,35,64,68,68,68,62,55,55,13,13,13,13,74,19,19,10,10,10,58,58,58,51,51,51,51,51,36,36,41,41,41,32,22,22,22,22,61,61,61,61,53],"gold":47,"neow_bonus":"THREE_CARDS","is_prod":false,"is_daily":false,"chose_seed":false,"campfire_upgraded":6,"win_rate":0,"timestamp":1564119869,"path_taken":["M","$","?","M","?","R","E","M","T","M","?","R","E","M","R","BOSS","M","?","$","M","M","R","E","?","T","?","?","E","$","M","R","BOSS","M","?","M","M","$","E","?","E","T","?","$","?","E","?","R","BOSS","BOSS","R","$","E","BOSS"],"build_version":"2019-07-17","purchased_purges":5,"victory":true,"max_hp_per_floor":[75,75,75,75,75,75,82,82,82,82,74,74,74,74,74,74,74,74,74,74,74,74,74,74,74,74,74,74,74,74,74,74,74,74,74,74,74,74,74,74,74,74,74,74,74,74,74,74,74,74,74,74,74,74,74,74],"card_choices":[{"not_picked":["Rage","Whirlwind"],"picked":"Carnage","floor":0.0},{"not_picked":["Ghostly Armor","Corruption"],"picked":"Shrug It Off","floor":1.0},{"not_picked":["Searing Blow","Corruption","Twin Strike"],"picked":"SKIP","floor":4.0},{"not_picked":["Flex","Thunderclap"],"picked":"True Grit","floor":7.0},{"not_picked":["Reckless Charge","Combust"],"picked":"Evolve","floor":8.0},{"not_picked":["Perfected Strike","Reckless Charge","Bludgeon"],"picked":"SKIP","floor":13.0},{"not_picked":["Perfected Strike","Reckless Charge","Bludgeon"],"picked":"SKIP","floor":13.0},{"not_picked":["Twin Strike","Corruption","Infernal Blade"],"picked":"SKIP","floor":14.0},{"not_picked":["Exhume","Demon Form"],"picked":"Juggernaut","floor":16.0},{"not_picked":["Sword Boomerang","Rage","True Grit"],"picked":"SKIP","floor":18.0},{"not_picked":["Sever Soul","Corruption","Combust"],"picked":"SKIP","floor":21.0},{"not_picked":["Entrench","Reckless Charge+1"],"picked":"Feel No Pain","floor":22.0},{"not_picked":["Pommel Strike","Sentinel","Body Slam"],"picked":"SKIP","floor":24.0},{"not_picked":["Feel No Pain","Cleave","Havoc"],"picked":"SKIP","floor":27.0},{"not_picked":["Wild Strike","Anger+1","Flex"],"picked":"SKIP","floor":29.0},{"not_picked":["Armaments","Clothesline"],"picked":"Offering","floor":31.0},{"not_picked":["Berserk","Bludgeon"],"picked":"Dark Embrace","floor":33.0},{"not_picked":["Armaments","Bloodletting","Iron Wave+1","Anger"],"picked":"SKIP","floor":35.0},{"not_picked":["Spot Weakness","Shockwave","Flex","Cleave"],"picked":"SKIP","floor":37.0},{"not_picked":["Wild Strike+1","Anger+1","Sword Boomerang"],"picked":"Burning Pact","floor":38.0},{"not_picked":["Rampage","Shrug It Off+1","Iron Wave"],"picked":"Impervious","floor":40.0},{"not_picked":["Thunderclap","Hemokinesis+1","Second Wind+1"],"picked":"Warcry+1","floor":42.0},{"not_picked":["Seeing Red","Ghostly Armor+1","Headbutt+1"],"picked":"Sentinel","floor":44.0},{"not_picked":["Flex","Fire Breathing","Juggernaut","Shrug It Off+1"],"picked":"SKIP","floor":47.0},{"not_picked":["Dark Shackles","HandOfGreed+1","Master of Strategy"],"picked":"Finesse","floor":48.0},{"not_picked":["Dark Shackles","Transmutation","Violence"],"picked":"Madness","floor":48.0},{"not_picked":["Wild Strike+1","Armaments","Havoc","Shrug It Off"],"picked":"SKIP","floor":55.0}],"player_experience":681447,"relics_obtained":[{"floor":7.0,"key":"Strawberry"},{"floor":9.0,"key":"Ancient Tea Set"},{"floor":13.0,"key":"Bronze Scales"},{"floor":24.0,"key":"Oddly Smooth Stone"},{"floor":29.0,"key":"Pocketwatch"},{"floor":34.0,"key":"Pen Nib"},{"floor":34.0,"key":"Question Card"},{"floor":34.0,"key":"StoneCalendar"},{"floor":40.0,"key":"Bag of Marbles"},{"floor":42.0,"key":"Regal Pillow"},{"floor":43.0,"key":"Molten Egg 2"},{"floor":47.0,"key":"Centennial Puzzle"},{"floor":55.0,"key":"Mummified Hand"}],"event_choices":[{"damage_healed":0.0,"max_hp_gain":0.0,"max_hp_loss":0.0,"gold_gain":0.0,"event_name":"The Cleric","player_choice":"Leave","floor":3.0,"gold_loss":0.0,"damage_taken":0.0},{"damage_healed":0.0,"max_hp_gain":0.0,"max_hp_loss":0.0,"gold_gain":0.0,"event_name":"Shining Light","player_choice":"Entered Light","floor":5.0,"gold_loss":0.0,"damage_taken":23.0,"cards_upgraded":["Strike_R","Defend_R"]},{"damage_healed":0.0,"max_hp_gain":0.0,"max_hp_loss":8.0,"gold_gain":0.0,"event_name":"Golden Idol","player_choice":"Lose Max HP","floor":11.0,"gold_loss":0.0,"damage_taken":0.0,"relics_obtained":["Golden Idol"]},{"damage_healed":0.0,"max_hp_gain":0.0,"max_hp_loss":0.0,"gold_gain":0.0,"event_name":"The Library","player_choice":"Read","floor":19.0,"gold_loss":0.0,"damage_taken":0.0,"cards_obtained":["Body Slam"]},{"damage_healed":0.0,"max_hp_gain":0.0,"max_hp_loss":0.0,"gold_gain":50.0,"event_name":"Golden Shrine","player_choice":"Pray","floor":25.0,"gold_loss":0.0,"damage_taken":0.0},{"damage_healed":61.0,"max_hp_gain":0.0,"max_hp_loss":0.0,"gold_gain":0.0,"event_name":"Wheel of Change","player_choice":"Full Heal","floor":28.0,"gold_loss":0.0,"damage_taken":0.0},{"damage_healed":0.0,"max_hp_gain":0.0,"max_hp_loss":0.0,"gold_gain":0.0,"event_name":"Tomb of Lord Red Mask","player_choice":"Ignored","floor":36.0,"gold_loss":0.0,"damage_taken":0.0},{"cards_removed":["Carnage"],"damage_healed":0.0,"max_hp_gain":0.0,"max_hp_loss":0.0,"gold_gain":0.0,"event_name":"Falling","player_choice":"Removed Attack","floor":41.0,"gold_loss":0.0,"damage_taken":0.0},{"damage_healed":0.0,"max_hp_gain":0.0,"max_hp_loss":0.0,"gold_gain":333.0,"event_name":"The Moai Head","player_choice":"Gave Idol","floor":46.0,"relics_lost":["Golden Idol"],"gold_loss":0.0,"damage_taken":0.0},{"damage_healed":0.0,"max_hp_gain":0.0,"max_hp_loss":0.0,"gold_gain":0.0,"event_name":"SensoryStone","player_choice":"Memory 3","floor":48.0,"gold_loss":0.0,"damage_taken":10.0}],"is_beta":false,"boss_relics":[{"not_picked":["Black Star","Empty Cage"],"picked":"Mark of Pain"},{"not_picked":["Cursed Key","Eternal Feather"],"picked":"Calling Bell"}],"items_purged_floors":[2,20,30,39,54],"is_endless":false,"potions_floor_spawned":[1,10,14,16,18,21,27,29,35,37,42,47],"ascension_level":20}