{"gold_per_floor":[119,137,149,74,224,224,299,299,299,219,219,231,251,268,268,268],"floor_reached":16,"playtime":425,"items_purged":["Strike_G","Doubt"],"score":184,"play_id":"3f919a43-b5e4-4e56-8a42-b5fdcc6d2dc4","local_time":"20190105111909","is_ascension_mode":true,"campfire_choices":[{"data":"Deadly Poison","floor":6,"key":"SMITH"},{"data":"Neutralize","floor":8,"key":"SMITH"},{"data":"Acrobatics","floor":11,"key":"SMITH"},{"data":"Leg Sweep","floor":15,"key":"SMITH"}],"neow_cost":"NONE","seed_source_timestamp":2966412078303,"circlet_count":0,"master_deck":["AscendersBane","Defend_G","Defend_G","Defend_G","Defend_G","Defend_G","Strike_G","Strike_G","Strike_G","Strike_G","Survivor","Neutralize+1","Acrobatics+1","Deadly Poison+1","Leg Sweep+1"],"relics":["Ring of the Snake","Centennial Puzzle","The Courier"],"potions_floor_usage":[],"damage_taken":[{"damage":1,"enemies":"Small Slimes","floor":1,"turns":5},{"damage":1,"enemies":"2 Louse","floor":2,"turns":4},{"damage":1,"enemies":"Jaw Worm","floor":3,"turns":4},{"damage":1,"enemies":"2 Fungi Beasts","floor":12,"turns":5},{"damage":5,"enemies":"Large Slime","floor":13,"turns":7},{"damage":1,"enemies":"Blue Slaver","floor":14,"turns":4},{"damage":31,"enemies":"Hexaghost","floor":16,"turns":10}],"seed_played":"8659471336791601569","potions_obtained":[{"floor":2,"key":"Energy Potion"},{"floor":12,"key":"Weak Potion"}],"is_trial":false,"path_per_floor":["M","M","M","$","?","R","?","R","T","$","R","M","M","M","R","B"],"character_chosen":"THE_SILENT","items_purchased":[],"campfire_rested":0,"item_purchase_floors":[],"current_hp_per_floor":[58,57,56,56,56,56,45,45,45,45,45,44,39,38,38,7],"gold":268,"neow_bonus":"RANDOM_COMMON_RELIC","is_prod":false,"is_daily":false,"chose_seed":false,"campfire_upgraded":4,"win_rate":0,"timestamp":1546658349,"path_taken":["M","M","M","$","?","R","?","R","T","$","R","M","M","M","R","BOSS"],"build_version":"2019-01-03v4","purchased_purges":2,"victory":false,"max_hp_per_floor":[66,66,66,66,66,66,66,66,66,66,66,66,66,66,66,66],"card_choices":[{"not_picked":["Flying Knee","Dagger Throw"],"picked":"Acrobatics","floor":1},{"not_picked":["Distraction","Backstab"],"picked":"Deadly Poison","floor":2},{"not_picked":["Cloak And Dagger","Underhanded Strike","Heel Hook"],"picked":"SKIP","floor":3},{"not_picked":["Poisoned Stab","Heel Hook"],"picked":"Leg Sweep","floor":12},{"not_picked":["Accuracy","Terror","Crippling Poison"],"picked":"SKIP","floor":13},{"not_picked":["Finisher","Outmaneuver","Acrobatics"],"picked":"SKIP","floor":14}],"player_experience":1740560,"relics_obtained":[{"floor":9,"key":"The Courier"}],"event_choices":[{"damage_healed":0,"gold_gain":150,"player_choice":"AGREE","damage_taken":0,"max_hp_gain":0,"max_hp_loss":0,"event_name":"Liars Game","floor":5,"gold_loss":0,"cards_obtained":["Doubt"]},{"damage_healed":0,"gold_gain":75,"player_choice":"Gather Gold","damage_taken":11,"max_hp_gain":0,"max_hp_loss":0,"event_name":"World of Goop","floor":7,"gold_loss":0}],"is_beta":false,"boss_relics":[],"items_purged_floors":[4,10],"is_endless":false,"potions_floor_spawned":[2,12,13,14],"killed_by":"Hexaghost","ascension_level":20}