{"gold_per_floor":[113,113,131,56,75,75,86,117,140,140,158,169,204,204,204,278,278,298,111,83,83,83],"floor_reached":22,"playtime":681,"items_purged":["Strike_R","Defend_R"],"score":363,"play_id":"fe2f3992-9c76-459b-935d-d7b636c75f91","local_time":"20180923154229","is_ascension_mode":true,"campfire_choices":[{"data":"Armaments","floor":6.0,"key":"SMITH"},{"data":"Feed","floor":15.0,"key":"SMITH"}],"neow_cost":"NONE","seed_source_timestamp":183985231005673,"circlet_count":0,"master_deck":["Strike_R","Strike_R","Strike_R","Strike_R","Defend_R+1","Defend_R","Bash","AscendersBane","Cleave","Armaments+1","Shrug It Off+1","Shrug It Off","Feed+1","Double Tap","Rupture+1","Battle Trance"],"special_seed":0,"relics":["Cursed Key","Art of War","Boot","War Paint","Dream Catcher","Velvet Choker"],"potions_floor_usage":[],"damage_taken":[{"damage":9.0,"enemies":"Jaw Worm","floor":1.0,"turns":3.0},{"damage":0.0,"enemies":"2 Louse","floor":3.0,"turns":2.0},{"damage":0.0,"enemies":"Small Slimes","floor":5.0,"turns":2.0},{"damage":7.0,"enemies":"Gremlin Gang","floor":7.0,"turns":4.0},{"damage":5.0,"enemies":"Lagavulin","floor":8.0,"turns":7.0},{"damage":3.0,"enemies":"Blue Slaver","floor":11.0,"turns":4.0},{"damage":1.0,"enemies":"3 Louse","floor":12.0,"turns":3.0},{"damage":17.0,"enemies":"Gremlin Nob","floor":13.0,"turns":5.0},{"damage":15.0,"enemies":"Hexaghost","floor":16.0,"turns":13.0},{"damage":18,"enemies":"Chosen","floor":18,"turns":5},{"damage":28,"enemies":"2 Thieves","floor":20,"turns":4},{"damage":22,"enemies":"Sentry and Sphere","floor":22,"turns":5}],"seed_played":"-8058687404809633849","potions_obtained":[{"floor":7.0,"key":"Ancient Potion"},{"floor":8.0,"key":"EssenceOfSteel"},{"floor":12.0,"key":"Block Potion"},{"floor":20,"key":"EssenceOfSteel"}],"is_trial":false,"path_per_floor":["M","?","M","$","M","R","M","E","T","?","M","M","E","?","R","B",null,"M","$","M","?"],"character_chosen":"IRONCLAD","items_purchased":["Battle Trance"],"campfire_rested":0,"item_purchase_floors":[19],"current_hp_per_floor":[59,64,64,64,64,64,57,52,52,47,44,43,26,26,26,11,63,45,45,21,21,0],"gold":83,"neow_bonus":"BOSS_RELIC","is_prod":false,"is_daily":false,"chose_seed":false,"campfire_upgraded":2,"win_rate":0,"timestamp":1537688549,"path_taken":["M","?","M","$","?","R","M","E","T","?","?","M","E","?","R","BOSS","M","$","M","?","?"],"build_version":"2018-09-20","purchased_purges":2,"victory":false,"max_hp_per_floor":[75,80,80,80,80,80,80,80,80,80,80,80,80,80,80,80,80,80,80,84,84,84],"card_choices":[{"not_picked":["Headbutt","Clash"],"picked":"Cleave","floor":1.0},{"not_picked":["Warcry","True Grit"],"picked":"Armaments","floor":3.0},{"not_picked":["Havoc","Evolve"],"picked":"Shrug It Off","floor":5.0},{"not_picked":["Sword Boomerang","Armaments","Cleave"],"picked":"SKIP","floor":7.0},{"not_picked":["Twin Strike","Burning Pact"],"picked":"Shrug It Off","floor":8.0},{"not_picked":["Iron Wave","Havoc","Headbutt"],"picked":"SKIP","floor":11.0},{"not_picked":["Bloodletting","Double Tap","Perfected Strike"],"picked":"SKIP","floor":12.0},{"not_picked":["Bloodletting","Double Tap","Perfected Strike"],"picked":"SKIP","floor":12.0},{"not_picked":["Infernal Blade","True Grit"],"picked":"Feed","floor":13.0},{"not_picked":["Bludgeon","Fiend Fire"],"picked":"Double Tap","floor":16.0},{"not_picked":["Ghostly Armor","Heavy Blade"],"picked":"Rupture+1","floor":18},{"not_picked":["Entrench","Rampage","True Grit"],"picked":"SKIP","floor":20}],"player_experience":104638,"relics_obtained":[{"floor":8.0,"key":"Art of War"},{"floor":9.0,"key":"Boot"},{"floor":13.0,"key":"Dream Catcher"}],"event_choices":[{"event_name":"Big Fish","player_choice":"Donut","floor":2.0,"damage_taken":0.0},{"event_name":"Scrap Ooze","player_choice":"success","floor":10.0,"damage_taken":5.0},{"event_name":"Fountain of Cleansing","player_choice":"Removed Curse","floor":14.0,"damage_taken":0.0},{"event_name":"Back to Basics","player_choice":"Elegance","floor":21,"damage_taken":0}],"is_beta":false,"boss_relics":[{"not_picked":["Tiny House","Calling Bell"],"picked":"Velvet Choker"}],"items_purged_floors":[4,19],"is_endless":false,"potions_floor_spawned":[7,8,11,12,20],"killed_by":"Sentry and Sphere","ascension_level":17}