{"path_per_floor":["M","?","?","M","M","E","M","R","T","?","$","M","$","?","R","B",null,"M","M","?","$","M","R","M","R","T","M","?","M","M","$","R","B",null,"M","M","?","$","M","R","M","R","T","?","R","M","?","M","R","B"],"character_chosen":"IRONCLAD","items_purchased":["Pummel","Spot Weakness","Shuriken","Infernal Blade"],"gold_per_floor":[19,19,19,30,48,73,91,91,91,146,30,47,47,12,12,107,107,123,142,342,54,64,64,82,82,82,101,101,116,129,129,129,225,225,235,253,253,178,195,195,213,213,213,213,213,230,230,244,244,244],"floor_reached":51,"campfire_rested":2,"playtime":1667,"current_hp_per_floor":[80,80,73,73,72,38,38,38,38,44,44,40,40,60,60,32,80,80,76,76,76,78,78,66,66,66,60,60,58,46,46,46,21,80,64,49,49,49,51,51,30,54,54,54,54,51,41,39,63,19],"items_purged":["Writhe"],"gold":244,"score":651,"play_id":"d7f42d63-7132-44c8-a412-c9ab8355b466","local_time":"20180325173530","is_prod":false,"is_daily":false,"is_ascension_mode":false,"campfire_upgraded":7,"timestamp":1521992130,"path_taken":["M","?","?","M","M","E","M","R","T","?","$","?","?","?","R","BOSS","M","M","?","$","M","R","M","R","T","M","?","?","M","$","R","BOSS","M","M","?","$","M","R","M","R","T","?","R","?","?","M","R","BOSS"],"build_version":"2018-03-22v2","purchased_purges":3,"victory":true,"master_deck":["Strike_R","Strike_R","Strike_R","Strike_R","Strike_R","Bash","Thunderclap","Flex+1","Dual Wield","Dropkick","Ghostly Armor","Clash","Clothesline","Pummel","Spot Weakness+1","Sword Boomerang","Limit Break+1","Perfected Strike+1","Disarm","Infernal Blade","Pommel Strike+1","Flex+1","Inflame+1","Heavy Blade+1","Heavy Blade+1","Limit Break+1","Perfected Strike+1","Heavy Blade+1","Rage+1","Pummel+1","Blood for Blood","Madness","Madness","Limit Break"],"max_hp_per_floor":[80,80,80,80,80,80,80,80,80,80,80,80,80,80,80,80,80,80,80,80,80,80,80,80,80,80,80,80,80,80,80,80,80,80,80,80,80,80,80,80,80,80,80,80,80,80,80,80,80,80],"relics":["Burning Blood","Ginger","Bag of Marbles","Prayer Wheel","Mark of Pain","Shuriken","Charon\u0027s Ashes","Blood Vial","Velvet Choker","Peace Pipe"],"card_choices":[{"not_picked":["Shrug It Off","Flame Barrier"],"picked":"Thunderclap","floor":1.0},{"not_picked":["Sword Boomerang","Reckless Charge"],"picked":"Dual Wield","floor":4.0},{"not_picked":["Thunderclap","Warcry"],"picked":"Dropkick","floor":5.0},{"not_picked":["Havoc","Corruption"],"picked":"Ghostly Armor","floor":6.0},{"not_picked":["Armaments","Shrug It Off"],"picked":"Clash","floor":7.0},{"not_picked":["Rupture","Sword Boomerang"],"picked":"Clothesline","floor":10.0},{"not_picked":["Dual Wield","Twin Strike"],"picked":"Sword Boomerang","floor":12.0},{"not_picked":["Barricade","Juggernaut"],"picked":"Limit Break","floor":16.0},{"not_picked":["Fire Breathing","Pommel Strike"],"picked":"Perfected Strike","floor":18.0},{"not_picked":["Body Slam","Warcry"],"picked":"Disarm","floor":19.0},{"not_picked":["Havoc","Body Slam"],"picked":"Pommel Strike","floor":22.0},{"not_picked":["Cleave","Uppercut"],"picked":"Flex","floor":24.0},{"not_picked":["Disarm","Twin Strike"],"picked":"Inflame","floor":26.0},{"not_picked":["Ghostly Armor","Flex"],"picked":"Heavy Blade","floor":27},{"not_picked":["Clothesline","Whirlwind"],"picked":"Heavy Blade","floor":30},{"not_picked":["Demon Form","Berserk"],"picked":"Limit Break","floor":33},{"not_picked":["Feel No Pain","True Grit"],"picked":"Perfected Strike","floor":35},{"not_picked":["Perfected Strike","Anger"],"picked":"Heavy Blade","floor":39},{"not_picked":["Clash","Cleave"],"picked":"Rage","floor":41},{"not_picked":["Anger","True Grit"],"picked":"Pummel","floor":43},{"not_picked":["Corruption","Sentinel"],"picked":"Blood for Blood","floor":46},{"not_picked":["Warcry","Rupture"],"picked":"Limit Break","floor":48}],"player_experience":186698,"potions_floor_usage":[30,33,39,50,50],"damage_taken":[{"damage":6.0,"enemies":"2 Louse","floor":1.0,"turns":3.0},{"damage":6.0,"enemies":"Cultist","floor":4.0,"turns":3.0},{"damage":7.0,"enemies":"Small Slimes","floor":5.0,"turns":2.0},{"damage":40.0,"enemies":"3 Sentries","floor":6.0,"turns":6.0},{"damage":6.0,"enemies":"Exordium Wildlife","floor":7.0,"turns":2.0},{"damage":0.0,"enemies":"Gremlin Nob","floor":10.0,"turns":3.0},{"damage":10.0,"enemies":"Looter","floor":12.0,"turns":2.0},{"damage":34.0,"enemies":"The Guardian","floor":16.0,"turns":6.0},{"damage":0.0,"enemies":"Chosen","floor":18.0,"turns":2.0},{"damage":10.0,"enemies":"Spheric Guardian","floor":19.0,"turns":3.0},{"damage":4.0,"enemies":"Cultist and Chosen","floor":22.0,"turns":4.0},{"damage":18.0,"enemies":"Chosen and Byrds","floor":24.0,"turns":4.0},{"damage":12,"enemies":"Centurion and Healer","floor":27,"turns":4},{"damage":10,"enemies":"Cultist and Chosen","floor":29,"turns":3},{"damage":20,"enemies":"Snake Plant","floor":30,"turns":3},{"damage":33,"enemies":"Collector","floor":33,"turns":7},{"damage":22,"enemies":"3 Shapes","floor":35,"turns":2},{"damage":23,"enemies":"3 Darklings","floor":36,"turns":4},{"damage":6,"enemies":"4 Shapes","floor":39,"turns":3},{"damage":29,"enemies":"Maw","floor":41,"turns":4},{"damage":11,"enemies":"3 Darklings","floor":46,"turns":3},{"damage":10,"enemies":"Sphere and 2 Shapes","floor":48,"turns":3},{"damage":52,"enemies":"Donu and Deca","floor":50,"turns":5}],"event_choices":[{"event_name":"Transmorgrifier","player_choice":"Transform","floor":2.0,"damage_taken":0.0},{"event_name":"Golden Wing","player_choice":"Card Removal","floor":3.0,"damage_taken":0.0},{"event_name":"Dead Adventurer","player_choice":"Searched \u00272\u0027 times","floor":10.0,"damage_taken":0.0},{"event_name":"The Cleric","player_choice":"Healed","floor":14.0,"damage_taken":0.0},{"event_name":"The Joust","player_choice":"Bet on Owner","floor":20.0,"damage_taken":0.0},{"event_name":"The Mausoleum","player_choice":"Yes","floor":28,"damage_taken":0},{"event_name":"Tomb of Lord Red Mask","player_choice":"Ignored","floor":37,"damage_taken":0},{"event_name":"The Lab","player_choice":"Got Potions","floor":44,"damage_taken":0},{"event_name":"Winding Halls","player_choice":"Embrace Madness","floor":47,"damage_taken":0}],"boss_relics":[{"not_picked":["Runic Dome","Cursed Key"],"picked":"Velvet Choker"}],"potions_floor_spawned":[5,6,7,12,22,27,36,39,41,48],"seed_played":"-932927406965896760","ascension_level":0,"is_trial":false}