{"gold_per_floor":[116,116,116,116,140,140,153,176,176,176,191,191,116,16,16,145,145,166,166,161,175,50,50,68,68,68,92,108,32,32,32,32,151,151,169,33,48,62,78,91,91,107,178,96,96,112,137,137,137,137],"floor_reached":51,"playtime":1507,"items_purged":["Strike_G","Strike_G","Defend_G"],"score":718,"play_id":"5adaacab-71b1-4a3a-945d-4d031278d395","local_time":"20181124141632","is_ascension_mode":false,"campfire_choices":[{"data":"Poisoned Stab","floor":6.0,"key":"SMITH"},{"data":"Poisoned Stab","floor":12.0,"key":"SMITH"},{"data":"Neutralize","floor":15.0,"key":"SMITH"},{"data":"Footwork","floor":23.0,"key":"SMITH"},{"data":"Burst","floor":25.0,"key":"SMITH"},{"data":"Catalyst","floor":32.0,"key":"SMITH"},{"data":"Catalyst","floor":41,"key":"SMITH"},{"data":"Well Laid Plans","floor":45,"key":"SMITH"},{"data":"Catalyst","floor":49,"key":"SMITH"}],"neow_cost":"NONE","seed_source_timestamp":16395404658883,"circlet_count":0,"master_deck":["Defend_G+1","Defend_G","Defend_G+1","Strike_G","Survivor","Neutralize+1","Poisoned Stab+1","Poisoned Stab+1","Footwork+1","Burst+1","Blur+1","Leg Sweep+1","Dodge and Roll","Corpse Explosion","Deflect","Envenom","Catalyst+1","Grand Finale","Catalyst+1","Well Laid Plans+1","Purity","Catalyst+1"],"special_seed":0,"relics":["Ring of the Snake","Golden Idol","Coffee Dripper","Ninja Scroll","Sozu","Kunai"],"potions_floor_usage":[40],"damage_taken":[{"damage":0.0,"enemies":"2 Louse","floor":1.0,"turns":4.0},{"damage":0.0,"enemies":"Small Slimes","floor":5.0,"turns":4.0},{"damage":0.0,"enemies":"Jaw Worm","floor":7.0,"turns":2.0},{"damage":0.0,"enemies":"Blue Slaver","floor":8.0,"turns":4.0},{"damage":3.0,"enemies":"Lots of Slimes","floor":11.0,"turns":6.0},{"damage":0.0,"enemies":"Hexaghost","floor":16.0,"turns":9.0},{"damage":3.0,"enemies":"3 Byrds","floor":18.0,"turns":7.0},{"damage":2.0,"enemies":"2 Thieves","floor":20.0,"turns":4.0},{"damage":1.0,"enemies":"Chosen and Byrds","floor":21.0,"turns":6.0},{"damage":0.0,"enemies":"Centurion and Healer","floor":24.0,"turns":10.0},{"damage":0.0,"enemies":"3 Cultists","floor":27.0,"turns":9.0},{"damage":0.0,"enemies":"Chosen and Byrds","floor":28.0,"turns":10.0},{"damage":27.0,"enemies":"Automaton","floor":33.0,"turns":14.0},{"damage":0.0,"enemies":"3 Darklings","floor":35.0,"turns":3.0},{"damage":0.0,"enemies":"3 Shapes","floor":37.0,"turns":2.0},{"damage":0.0,"enemies":"Maw","floor":38.0,"turns":5.0},{"damage":0,"enemies":"3 Darklings","floor":39,"turns":2},{"damage":7,"enemies":"Sphere and 2 Shapes","floor":40,"turns":9},{"damage":0,"enemies":"Transient","floor":42,"turns":5},{"damage":6,"enemies":"Maw","floor":46,"turns":5},{"damage":0,"enemies":"3 Darklings","floor":47,"turns":3},{"damage":1,"enemies":"Time Eater","floor":50,"turns":4}],"seed_played":"7129858183269968216","potions_obtained":[{"floor":1.0,"key":"EssenceOfSteel"},{"floor":7.0,"key":"EssenceOfSteel"},{"floor":20.0,"key":"Fire Potion"},{"floor":27.0,"key":"Swift Potion"},{"floor":28.0,"key":"SkillPotion"}],"is_trial":false,"path_per_floor":["M","?","?","?","M","R","M","M","T","?","M","R","$","$","R","B",null,"M","?","M","M","$","R","M","R","T","M","M","$","?","?","R","B",null,"M","$","M","M","M","M","R","M","T","$","R","M","M","?","R","B",null],"character_chosen":"THE_SILENT","items_purchased":["Corpse Explosion","Catalyst","Well Laid Plans","Purity"],"campfire_rested":0,"item_purchase_floors":[29,36,36,44],"current_hp_per_floor":[70,70,53,39,39,39,39,39,39,32,29,29,29,29,29,29,70,67,67,65,64,64,64,64,64,64,64,64,64,64,64,64,37,70,70,70,70,70,70,63,63,63,63,63,63,57,57,57,57,56],"gold":137,"neow_bonus":"REMOVE_CARD","is_prod":false,"is_daily":false,"chose_seed":false,"campfire_upgraded":9,"win_rate":0,"timestamp":1543040192,"path_taken":["M","?","?","?","?","R","M","M","T","?","?","R","?","$","R","BOSS","M","?","M","M","$","R","M","R","T","M","M","$","?","?","R","BOSS","M","$","M","M","M","M","R","M","T","$","R","M","M","?","R","BOSS"],"build_version":"2018-11-15","purchased_purges":3,"victory":true,"max_hp_per_floor":[70,70,70,70,70,70,70,70,70,70,70,70,70,70,70,70,70,70,70,70,70,70,70,70,70,70,70,70,70,70,70,70,70,70,70,70,70,70,70,70,70,70,70,70,70,70,70,66,66,66],"card_choices":[{"not_picked":["Reflex","Quick Slash","Slice"],"picked":"SKIP","floor":1.0},{"not_picked":["Flechettes","Dodge and Roll"],"picked":"Poisoned Stab","floor":5.0},{"not_picked":["Dodge and Roll","Predator"],"picked":"Poisoned Stab","floor":7.0},{"not_picked":["Slice","Reflex"],"picked":"Footwork","floor":8.0},{"not_picked":["Prepared","Cloak And Dagger","Flying Knee"],"picked":"SKIP","floor":11.0},{"not_picked":["Glass Knife","A Thousand Cuts"],"picked":"Burst","floor":16.0},{"not_picked":["Flechettes","Acrobatics+1","Heel Hook"],"picked":"SKIP","floor":18.0},{"not_picked":["Quick Slash","Blade Dance","Deflect"],"picked":"SKIP","floor":20.0},{"not_picked":["Bane+1","Slice"],"picked":"Blur+1","floor":21.0},{"not_picked":["Caltrops","Blade Dance"],"picked":"Leg Sweep+1","floor":24.0},{"not_picked":["Deflect","Distraction"],"picked":"Dodge and Roll","floor":27.0},{"not_picked":["PiercingWail","Flying Knee","Bane"],"picked":"SKIP","floor":28.0},{"not_picked":["Die Die Die","Burst"],"picked":"Grand Finale","floor":33.0},{"not_picked":["Crippling Poison","Sucker Punch","Dash"],"picked":"SKIP","floor":35.0},{"not_picked":["Deflect+1","Dagger Throw","Cloak And Dagger+1"],"picked":"SKIP","floor":37.0},{"not_picked":["Crippling Poison","Outmaneuver+1","Leg Sweep"],"picked":"SKIP","floor":38.0},{"not_picked":["Outmaneuver","Blade Dance+1","Cloak And Dagger+1"],"picked":"SKIP","floor":39},{"not_picked":["Outmaneuver+1","Quick Slash+1","PiercingWail+1"],"picked":"SKIP","floor":40},{"not_picked":["After Image","Slice","Predator"],"picked":"SKIP","floor":42},{"not_picked":["Prepared","Leg Sweep+1"],"picked":"Catalyst","floor":46},{"not_picked":["Dodge and Roll+1","Infinite Blades","Caltrops"],"picked":"SKIP","floor":47}],"player_experience":1143365,"relics_obtained":[{"floor":26.0,"key":"Ninja Scroll"},{"floor":43,"key":"Kunai"}],"event_choices":[{"damage_healed":0.0,"max_hp_gain":0.0,"max_hp_loss":0.0,"gold_gain":0.0,"event_name":"Liars Game","player_choice":"Ignored","floor":2.0,"gold_loss":0.0,"damage_taken":0.0},{"damage_healed":0.0,"max_hp_gain":0.0,"max_hp_loss":0.0,"gold_gain":0.0,"event_name":"Golden Idol","player_choice":"Take Damage","floor":3.0,"gold_loss":0.0,"damage_taken":17.0,"relics_obtained":["Golden Idol"]},{"damage_healed":0.0,"max_hp_gain":0.0,"max_hp_loss":0.0,"gold_gain":0.0,"event_name":"Shining Light","player_choice":"Entered Light","floor":4.0,"gold_loss":0.0,"damage_taken":14.0,"cards_upgraded":["Defend_G","Defend_G"]},{"damage_healed":0.0,"max_hp_gain":0.0,"max_hp_loss":0.0,"gold_gain":0.0,"event_name":"Wheel of Change","player_choice":"Damaged","floor":10.0,"gold_loss":0.0,"damage_taken":7.0},{"damage_healed":0.0,"max_hp_gain":0.0,"max_hp_loss":0.0,"gold_gain":0.0,"event_name":"The Mausoleum","player_choice":"Ignored","floor":19.0,"gold_loss":0.0,"damage_taken":0.0},{"damage_healed":0.0,"max_hp_gain":0.0,"max_hp_loss":0.0,"gold_gain":0.0,"cards_transformed":["Strike_G","Defend_G"],"event_name":"Drug Dealer","player_choice":"Became Test Subject","floor":30.0,"gold_loss":0.0,"damage_taken":0.0,"cards_obtained":["Deflect","Envenom"]},{"damage_healed":0.0,"max_hp_gain":0.0,"max_hp_loss":0.0,"gold_gain":0.0,"event_name":"The Library","player_choice":"Read","floor":31.0,"gold_loss":0.0,"damage_taken":0.0,"cards_obtained":["Catalyst"]},{"damage_healed":0,"gold_gain":0,"player_choice":"Max HP","damage_taken":0,"max_hp_gain":0,"max_hp_loss":4,"event_name":"Winding Halls","floor":48,"gold_loss":0}],"is_beta":false,"boss_relics":[{"not_picked":["Tiny House","Lizard Tail"],"picked":"Coffee Dripper"},{"not_picked":["Pandora\u0027s Box","Runic Dome"],"picked":"Sozu"}],"items_purged_floors":[13,14,22],"is_endless":false,"potions_floor_spawned":[1,7,20,27,28,35,38,47],"ascension_level":0}