{"gold_per_floor":[117,136,153,153,171,171,171,171,195,195,28,43,43,59,59,156,156,156,156,156,156,81,81,81,81,81,81,81,81,81,81,81,81,81,81,81,81,81,0,0,0,0,0,0,0,0,0,0,0,0],"floor_reached":51,"playtime":1991,"items_purged":["Strike_B"],"score":718,"play_id":"9030805b-5c67-4eef-8d0d-00742d834921","local_time":"20190618134931","is_ascension_mode":false,"campfire_choices":[{"data":"Zap","floor":6.0,"key":"SMITH"},{"data":"Capacitor","floor":8.0,"key":"SMITH"},{"data":"Blizzard","floor":10.0,"key":"SMITH"},{"data":"Coolheaded","floor":13.0,"key":"SMITH"},{"data":"Rainbow","floor":15.0,"key":"SMITH"},{"data":"Biased Cognition","floor":23,"key":"SMITH"},{"data":"Rainbow","floor":30,"key":"SMITH"},{"data":"Undo","floor":32,"key":"SMITH"},{"data":"Buffer","floor":40,"key":"SMITH"},{"data":"Chill","floor":45,"key":"SMITH"},{"data":"Ghostly","floor":49,"key":"SMITH"}],"neow_cost":"NONE","seed_source_timestamp":12013826790613,"circlet_count":0,"master_deck":["Strike_B","Strike_B","Strike_B","Defend_B","Defend_B","Defend_B","Defend_B","Zap+1","Dualcast+1","Capacitor+1","Blizzard+1","Chill+1","Coolheaded+1","Self Repair","Undo+1","Biased Cognition+1","BootSequence+1","Rainbow+1","Compile Driver+1","Buffer+1","Storm+1","Capacitor+1","Ghostly+1","Chill+1","Storm+1","Storm+1","Self Repair+1","Undo+1"],"special_seed":0,"relics":["Cracked Core","Anchor","DataDisk","Ectoplasm","Enchiridion","Gambling Chip","Shuriken","Bag of Marbles","GremlinMask","Velvet Choker","Red Mask","Bag of Preparation"],"potions_floor_usage":[50],"damage_taken":[{"damage":0.0,"enemies":"2 Louse","floor":1.0,"turns":2.0},{"damage":1.0,"enemies":"Cultist","floor":2.0,"turns":3.0},{"damage":6.0,"enemies":"Jaw Worm","floor":3.0,"turns":2.0},{"damage":13.0,"enemies":"Exordium Thugs","floor":5.0,"turns":6.0},{"damage":2.0,"enemies":"3 Louse","floor":12.0,"turns":3.0},{"damage":8.0,"enemies":"Exordium Wildlife","floor":14.0,"turns":5.0},{"damage":16.0,"enemies":"Hexaghost","floor":16.0,"turns":9.0},{"damage":0,"enemies":"3 Byrds","floor":18,"turns":5},{"damage":0,"enemies":"Shell Parasite","floor":19,"turns":5},{"damage":4,"enemies":"Sentry and Sphere","floor":21,"turns":4},{"damage":1,"enemies":"Colosseum Slavers","floor":24,"turns":4},{"damage":21,"enemies":"Colosseum Nobs","floor":24,"turns":6},{"damage":5,"enemies":"Shelled Parasite and Fungi","floor":27,"turns":5},{"damage":0,"enemies":"Centurion and Healer","floor":31,"turns":6},{"damage":17,"enemies":"Collector","floor":33,"turns":9},{"damage":0,"enemies":"Orb Walker","floor":35,"turns":2},{"damage":0,"enemies":"3 Shapes","floor":36,"turns":3},{"damage":0,"enemies":"Transient","floor":37,"turns":5},{"damage":0,"enemies":"Spire Growth","floor":42,"turns":3},{"damage":0,"enemies":"3 Darklings","floor":44,"turns":4},{"damage":0,"enemies":"4 Shapes","floor":46,"turns":3},{"damage":0,"enemies":"Spire Growth","floor":47,"turns":3},{"damage":0,"enemies":"3 Darklings","floor":48,"turns":3},{"damage":0,"enemies":"Donu and Deca","floor":50,"turns":5}],"seed_played":"-1150399234683036710","potions_obtained":[{"floor":3.0,"key":"SkillPotion"},{"floor":4.0,"key":"PowerPotion"},{"floor":4.0,"key":"PowerPotion"},{"floor":12.0,"key":"SkillPotion"},{"floor":16.0,"key":"GamblersBrew"},{"floor":33,"key":"GamblersBrew"}],"is_trial":false,"path_per_floor":["M","M","M","?","M","R","?","R","T","R","$","M","R","M","R","B",null,"M","M","?","M","$","R","?","$","T","M","?","?","R","M","R","B",null,"M","M","M","?","?","R","?","M","T","M","R","M","M","M","R","B",null],"character_chosen":"DEFECT","items_purchased":["DataDisk","Coolheaded"],"campfire_rested":0,"item_purchase_floors":[11,11],"current_hp_per_floor":[75,74,68,68,55,55,48,48,48,48,48,46,46,45,45,36,75,75,75,59,62,62,62,54,54,54,56,42,42,42,49,49,39,80,80,80,80,80,80,80,80,80,80,80,80,80,80,80,80,80],"gold":0,"neow_bonus":"UPGRADE_CARD","is_prod":false,"is_daily":false,"chose_seed":false,"campfire_upgraded":11,"win_rate":0,"timestamp":1560836971,"path_taken":["M","M","M","?","?","R","?","R","T","R","$","M","R","M","R","BOSS","M","M","?","M","$","R","?","?","T","?","?","?","R","M","R","BOSS","M","?","M","?","?","R","?","M","T","M","R","M","?","?","R","BOSS"],"build_version":"2019-01-23","purchased_purges":1,"victory":true,"max_hp_per_floor":[75,75,75,75,75,75,75,75,75,75,75,75,75,75,75,75,75,75,75,75,75,75,75,75,75,75,75,80,80,80,80,80,80,80,80,80,80,80,80,80,80,80,80,80,80,80,80,80,80,80],"card_choices":[{"not_picked":["Stack","Coolheaded"],"picked":"Capacitor","floor":1.0},{"not_picked":["Reprogram","White Noise"],"picked":"Blizzard","floor":2.0},{"not_picked":["Barrage","FTL"],"picked":"Rainbow","floor":3.0},{"not_picked":["Barrage","Ball Lightning"],"picked":"Chill","floor":5.0},{"not_picked":["Streamline","Barrage"],"picked":"Self Repair","floor":12.0},{"not_picked":["Redo","Doom and Gloom"],"picked":"Undo","floor":14.0},{"not_picked":["Meteor Strike","Hyperbeam"],"picked":"Biased Cognition","floor":16.0},{"not_picked":["Stack","Go for the Eyes","Leap"],"picked":"SKIP","floor":18},{"not_picked":["Conserve Battery","Barrage","Gash"],"picked":"SKIP","floor":19},{"not_picked":["Blizzard","Gash+1"],"picked":"BootSequence+1","floor":21},{"not_picked":["Streamline","Loop"],"picked":"Rainbow","floor":27},{"not_picked":["Scrape","Barrage+1"],"picked":"Compile Driver+1","floor":31},{"not_picked":["Hyperbeam","Echo Form"],"picked":"Buffer","floor":33},{"not_picked":["Ball Lightning","Leap+1"],"picked":"Storm+1","floor":35},{"not_picked":["Steam","Reinforced Body+1"],"picked":"Capacitor+1","floor":36},{"not_picked":["Coolheaded","Go for the Eyes+1","Hologram"],"picked":"SKIP","floor":37},{"not_picked":["Sweeping Beam","Conserve Battery+1"],"picked":"Chill+1","floor":42},{"not_picked":["Redo","White Noise+1"],"picked":"Storm+1","floor":44},{"not_picked":["Chaos+1","Go for the Eyes+1"],"picked":"Storm+1","floor":46},{"not_picked":["Aggregate+1","Compile Driver"],"picked":"Self Repair+1","floor":47},{"not_picked":["Go for the Eyes+1","Cold Snap"],"picked":"Undo+1","floor":48}],"player_experience":5394518,"relics_obtained":[{"floor":9.0,"key":"Anchor"},{"floor":20,"key":"Enchiridion"},{"floor":24,"key":"Gambling Chip"},{"floor":24,"key":"Shuriken"},{"floor":26,"key":"Bag of Marbles"},{"floor":43,"key":"Bag of Preparation"}],"event_choices":[{"damage_healed":0.0,"max_hp_gain":0.0,"max_hp_loss":0.0,"gold_gain":0.0,"event_name":"Lab","player_choice":"Got Potions","floor":4.0,"gold_loss":0.0,"damage_taken":0.0},{"damage_healed":0.0,"max_hp_gain":0.0,"max_hp_loss":0.0,"gold_gain":0.0,"event_name":"Wheel of Change","player_choice":"Damaged","floor":7.0,"gold_loss":0.0,"damage_taken":7.0},{"damage_healed":0,"gold_gain":0,"player_choice":"Obtained Book","damage_taken":16,"max_hp_gain":0,"max_hp_loss":0,"event_name":"Cursed Tome","floor":20,"gold_loss":0},{"damage_healed":0,"gold_gain":0,"player_choice":"Fight","damage_taken":0,"max_hp_gain":0,"max_hp_loss":0,"event_name":"Colosseum","floor":24,"gold_loss":0},{"damage_healed":0,"gold_gain":0,"player_choice":"Fought Nobs","damage_taken":0,"max_hp_gain":0,"max_hp_loss":0,"event_name":"Colosseum","floor":24,"gold_loss":0},{"damage_healed":0,"gold_gain":0,"player_choice":"Shed Blood","damage_taken":19,"max_hp_gain":5,"max_hp_loss":0,"event_name":"Forgotten Altar","floor":28,"gold_loss":0},{"damage_healed":0,"gold_gain":0,"player_choice":"Trade","damage_taken":0,"relics_obtained":["GremlinMask"],"max_hp_gain":0,"max_hp_loss":0,"event_name":"FaceTrader","floor":29,"gold_loss":0},{"damage_healed":0,"gold_gain":0,"player_choice":"Ignored","damage_taken":0,"max_hp_gain":0,"max_hp_loss":0,"event_name":"Mysterious Sphere","floor":38,"gold_loss":0},{"damage_healed":0,"gold_gain":0,"player_choice":"Paid","damage_taken":0,"relics_obtained":["Red Mask"],"max_hp_gain":0,"max_hp_loss":0,"event_name":"Tomb of Lord Red Mask","floor":39,"gold_loss":81},{"cards_removed":["Rainbow"],"damage_healed":0,"gold_gain":0,"player_choice":"Took Card","damage_taken":0,"max_hp_gain":0,"max_hp_loss":0,"event_name":"NoteForYourself","floor":41,"gold_loss":0,"cards_obtained":["Ghostly"]}],"is_beta":false,"boss_relics":[{"not_picked":["Orrery","Eternal Feather"],"picked":"Ectoplasm"},{"not_picked":["Nuclear Battery","Calling Bell"],"picked":"Velvet Choker"}],"items_purged_floors":[22],"is_endless":false,"potions_floor_spawned":[3,12,16,19,24,31,33,37,42,48],"ascension_level":0}