{"gold_per_floor":[112,62,62,62,62,62,88,108,181,192,192,206,206,131,131,232,232,251,251,265,165,182,182,202,202,202,202,227,227,256,273,273,374,374,394,394,410,285,285,285,299,299,299,299,149,168,168,178,178,178],"floor_reached":51,"playtime":1794,"items_purged":["Strike_G","Defend_G","Defend_G","Defend_G+1"],"score":858,"play_id":"42f1f0ac-74c2-41ce-8ff0-6603555bed2f","local_time":"20181020171654","is_ascension_mode":false,"campfire_choices":[{"data":"Footwork","floor":6.0,"key":"SMITH"},{"data":"Corpse Explosion","floor":11.0,"key":"SMITH"},{"data":"Neutralize","floor":13.0,"key":"SMITH"},{"data":"Adrenaline","floor":15.0,"key":"SMITH"},{"data":"Backflip","floor":23,"key":"SMITH"},{"data":"Survivor","floor":25,"key":"SMITH"},{"data":"Defend_G","floor":27,"key":"SMITH"},{"data":"Catalyst","floor":32,"key":"SMITH"},{"data":"Venomology","floor":40,"key":"SMITH"},{"data":"Strike_G","floor":44,"key":"PURGE"},{"data":"Defend_G+1","floor":49,"key":"PURGE"}],"neow_cost":"TEN_PERCENT_HP_LOSS","seed_source_timestamp":23636416020972,"circlet_count":0,"master_deck":["Survivor+1","Neutralize+1","Corpse Explosion+1","Footwork+1","Adrenaline+1","Backflip+1","Prepared+1","Dash+1","Catalyst+1","Venomology+1","Catalyst+1"],"special_seed":0,"relics":["Ring of the Snake","Potion Belt","Bronze Scales","Philosopher\u0027s Stone","Ornamental Fan","Meat on the Bone","Pantograph","Orichalcum","Empty Cage","Peace Pipe","Mango"],"potions_floor_usage":[22,41,41,42,50],"damage_taken":[{"damage":0.0,"enemies":"Small Slimes","floor":1.0,"turns":4.0},{"damage":24.0,"enemies":"Gremlin Nob","floor":7.0,"turns":5.0},{"damage":0.0,"enemies":"2 Louse","floor":8.0,"turns":2.0},{"damage":1.0,"enemies":"Jaw Worm","floor":10.0,"turns":4.0},{"damage":0.0,"enemies":"2 Fungi Beasts","floor":12.0,"turns":2.0},{"damage":0.0,"enemies":"The Guardian","floor":16.0,"turns":8.0},{"damage":0.0,"enemies":"3 Byrds","floor":18.0,"turns":2.0},{"damage":0,"enemies":"Colosseum Slavers","floor":19,"turns":4},{"damage":0,"enemies":"Spheric Guardian","floor":20,"turns":5},{"damage":3,"enemies":"Snake Plant","floor":22,"turns":4},{"damage":0,"enemies":"Centurion and Healer","floor":24,"turns":5},{"damage":0,"enemies":"Book of Stabbing","floor":28,"turns":6},{"damage":15,"enemies":"Gremlin Leader","floor":30,"turns":10},{"damage":0,"enemies":"Sentry and Sphere","floor":31,"turns":4},{"damage":17,"enemies":"Champ","floor":33,"turns":8},{"damage":0,"enemies":"Orb Walker","floor":35,"turns":4},{"damage":0,"enemies":"3 Shapes","floor":37,"turns":2},{"damage":0,"enemies":"Maw","floor":41,"turns":6},{"damage":0,"enemies":"Mind Bloom Boss Battle","floor":42,"turns":5},{"damage":0,"enemies":"Spire Growth","floor":46,"turns":3},{"damage":0,"enemies":"4 Shapes","floor":48,"turns":1},{"damage":0,"enemies":"Awakened One","floor":50,"turns":20}],"seed_played":"-515600038149842179","potions_obtained":[{"floor":1.0,"key":"Dexterity Potion"},{"floor":7.0,"key":"EssenceOfSteel"},{"floor":10.0,"key":"Ancient Potion"},{"floor":12.0,"key":"Regen Potion"},{"floor":20,"key":"Ancient Potion"},{"floor":28,"key":"Regen Potion"},{"floor":31,"key":"Ancient Potion"},{"floor":33,"key":"Regen Potion"},{"floor":48,"key":"PowerPotion"}],"is_trial":false,"path_per_floor":["M","?","?","?","?","R","E","M","T","M","R","M","R","$","R","B",null,"M","?","M","$","M","R","M","R","T","R","E","T","E","M","R","B",null,"M","?","M","$","?","R","M","?","T","R","$","M","?","M","R","B"],"character_chosen":"THE_SILENT","items_purchased":[],"campfire_rested":0,"item_purchase_floors":[],"current_hp_per_floor":[63,63,51,51,44,44,20,20,20,19,19,19,19,19,19,19,63,63,63,63,63,60,60,60,60,60,60,60,60,45,45,45,46,63,63,73,73,73,73,73,73,73,87,87,87,87,87,87,87,87],"gold":178,"neow_bonus":"THREE_RARE_CARDS","is_prod":false,"is_daily":false,"chose_seed":false,"campfire_upgraded":9,"win_rate":0,"timestamp":1540027014,"path_taken":["M","?","?","?","?","R","E","M","T","M","R","M","R","$","R","BOSS","M","?","M","$","M","R","M","R","T","R","E","?","E","M","R","BOSS","M","?","M","$","?","R","M","?","T","R","$","M","?","M","R","BOSS"],"build_version":"2018-10-18","purchased_purges":4,"victory":true,"max_hp_per_floor":[63,63,63,63,63,63,63,63,63,63,63,63,63,63,63,63,63,63,63,63,63,63,63,63,63,63,63,63,63,63,63,63,63,63,63,73,73,73,73,73,73,73,87,87,87,87,87,87,87,87],"card_choices":[{"not_picked":["Burst","Tools of the Trade"],"picked":"Corpse Explosion","floor":0.0},{"not_picked":["Reflex","Infinite Blades"],"picked":"Backstab","floor":1.0},{"not_picked":["Dodge and Roll","Riddle With Holes"],"picked":"Adrenaline","floor":7.0},{"not_picked":["Sucker Punch","Dash","Prepared"],"picked":"SKIP","floor":8.0},{"not_picked":["Blade Dance","Slice","Cloak And Dagger"],"picked":"SKIP","floor":10.0},{"not_picked":["Slice","Infinite Blades","Flying Knee"],"picked":"SKIP","floor":12.0},{"not_picked":["Envenom","Bullet Time"],"picked":"After Image","floor":16.0},{"not_picked":["Deadly Poison","Terror+1"],"picked":"Backflip","floor":18.0},{"not_picked":["Sucker Punch","Deflect"],"picked":"Prepared+1","floor":20},{"not_picked":["Poisoned Stab","Bane","Bullet Time"],"picked":"SKIP","floor":22},{"not_picked":["Dodge and Roll","Flechettes","Accuracy"],"picked":"SKIP","floor":24},{"not_picked":["Dagger Throw","Slice"],"picked":"Dash+1","floor":28},{"not_picked":["Slice","Underhanded Strike+1","Dagger Spray"],"picked":"SKIP","floor":30},{"not_picked":["Backflip","Leg Sweep"],"picked":"Catalyst","floor":31},{"not_picked":["Envenom","Phantasmal Killer"],"picked":"Venomology","floor":33},{"not_picked":["All Out Attack","Bane+1","Caltrops"],"picked":"SKIP","floor":35},{"not_picked":["Acrobatics","Underhanded Strike+1","Poisoned Stab"],"picked":"SKIP","floor":37},{"not_picked":["Terror+1","Deadly Poison","Endless Agony+1"],"picked":"SKIP","floor":41},{"not_picked":["Poisoned Stab+1","Deadly Poison"],"picked":"Catalyst+1","floor":42},{"not_picked":["Bane","Glass Knife","Flying Knee"],"picked":"SKIP","floor":46},{"not_picked":["Infinite Blades","Slice","Prepared+1"],"picked":"SKIP","floor":48}],"player_experience":408407,"relics_obtained":[{"floor":7.0,"key":"Bronze Scales"},{"floor":26,"key":"Ornamental Fan"},{"floor":28,"key":"Meat on the Bone"},{"floor":29,"key":"Pantograph"},{"floor":30,"key":"Orichalcum"},{"floor":42,"key":"Peace Pipe"},{"floor":43,"key":"Mango"}],"event_choices":[{"cards_removed":["Strike_G"],"damage_healed":0.0,"max_hp_gain":0.0,"max_hp_loss":0.0,"gold_gain":0.0,"event_name":"The Cleric","player_choice":"Card Removal","floor":2.0,"gold_loss":50.0,"damage_taken":0.0},{"damage_healed":0.0,"max_hp_gain":0.0,"max_hp_loss":0.0,"gold_gain":0.0,"event_name":"Scrap Ooze","player_choice":"Success","floor":3.0,"gold_loss":0.0,"damage_taken":12.0,"relics_obtained":["Potion Belt"]},{"damage_healed":0.0,"max_hp_gain":0.0,"max_hp_loss":0.0,"gold_gain":0.0,"event_name":"Match and Keep!","player_choice":"1 cards matched","floor":4.0,"gold_loss":0.0,"damage_taken":0.0,"cards_obtained":["Footwork"]},{"cards_removed":["Strike_G"],"damage_healed":0.0,"max_hp_gain":0.0,"max_hp_loss":0.0,"gold_gain":0.0,"event_name":"Golden Wing","player_choice":"Card Removal","floor":5.0,"gold_loss":0.0,"damage_taken":7.0},{"damage_healed":0,"gold_gain":0,"player_choice":"Fight","damage_taken":0,"max_hp_gain":0,"max_hp_loss":0,"event_name":"Colosseum","floor":19,"gold_loss":0},{"damage_healed":0,"gold_gain":0,"player_choice":"Fled From Nobs","damage_taken":0,"max_hp_gain":0,"max_hp_loss":0,"event_name":"Colosseum","floor":19,"gold_loss":0},{"cards_removed":["After Image"],"damage_healed":0,"gold_gain":0,"player_choice":"Offered Rare","damage_taken":0,"max_hp_gain":10,"max_hp_loss":0,"event_name":"Bonfire Elementals","floor":36,"gold_loss":0},{"damage_healed":0,"gold_gain":0,"player_choice":"Upgraded","damage_taken":0,"max_hp_gain":0,"max_hp_loss":0,"event_name":"Upgrade Shrine","floor":39,"gold_loss":0,"cards_upgraded":["Defend_G"]},{"damage_healed":0,"gold_gain":0,"player_choice":"Fight","damage_taken":0,"max_hp_gain":0,"max_hp_loss":0,"event_name":"MindBloom","floor":42,"gold_loss":0},{"cards_removed":["Backstab"],"damage_healed":0,"gold_gain":0,"player_choice":"Removed Attack","damage_taken":0,"max_hp_gain":0,"max_hp_loss":0,"event_name":"Falling","floor":47,"gold_loss":0}],"is_beta":false,"boss_relics":[{"not_picked":["White Beast Statue","Busted Crown"],"picked":"Philosopher\u0027s Stone"},{"not_picked":["Calling Bell","Runic Dome"],"picked":"Empty Cage"}],"items_purged_floors":[14,21,38,45],"is_endless":false,"potions_floor_spawned":[1,7,10,12,19,20,28,31,33,35,37,48],"ascension_level":0}