{"gold_per_floor":[110,60,60,75,86,86,104,104,104,123,123,138,63,74,74,173,173,189,172,72,89,89,89,89,101,153,115,115,127,127,142,142,244,244,258,258,271,73,89,89,89,121,121,121,141,141,156,175,175,175],"floor_reached":51,"playtime":1469,"items_purged":["Strike_G","Strike_G","Terror"],"score":723,"play_id":"e81d21b7-13ac-427c-b6e5-e6ca2213b479","local_time":"20181024155211","is_ascension_mode":false,"campfire_choices":[{"data":"Deadly Poison","floor":6.0,"key":"SMITH"},{"data":"Catalyst","floor":8.0,"key":"SMITH"},{"data":"Neutralize","floor":15.0,"key":"SMITH"},{"data":"Well Laid Plans","floor":23.0,"key":"SMITH"},{"data":"Well Laid Plans","floor":30.0,"key":"SMITH"},{"data":"Burst","floor":32.0,"key":"SMITH"},{"data":"Catalyst","floor":40,"key":"SMITH"},{"data":"Burst","floor":49,"key":"SMITH"}],"neow_cost":"NONE","seed_source_timestamp":19741013721385,"circlet_count":0,"master_deck":["Defend_G+1","Defend_G+1","Defend_G+1","Strike_G+1","Strike_G+1","Survivor+1","Neutralize+1","Backflip+1","Deadly Poison+1","Catalyst+1","Escape Plan+1","Burst+1","Well Laid Plans+1","Tactician+1","Venomology+1","Well Laid Plans+1","Deadly Poison+1","Wraith Form v2+1","Backflip+1","Catalyst+1","Deadly Poison+1","Footwork+1","Burst+1"],"special_seed":0,"relics":["Ring of the Snake","Dodecahedron","Runic Dome","Bag of Preparation","Velvet Choker","Turnip","Letter Opener","Mark of the Bloom"],"potions_floor_usage":[37,37,39,48,50,50,50],"damage_taken":[{"damage":0.0,"enemies":"Small Slimes","floor":1.0,"turns":3.0},{"damage":0.0,"enemies":"2 Louse","floor":4.0,"turns":2.0},{"damage":0.0,"enemies":"Cultist","floor":5.0,"turns":3.0},{"damage":1.0,"enemies":"Exordium Thugs","floor":7.0,"turns":7.0},{"damage":5.0,"enemies":"2 Fungi Beasts","floor":10.0,"turns":4.0},{"damage":0.0,"enemies":"3 Louse","floor":12.0,"turns":4.0},{"damage":5.0,"enemies":"Blue Slaver","floor":14.0,"turns":3.0},{"damage":6.0,"enemies":"Hexaghost","floor":16.0,"turns":7.0},{"damage":0.0,"enemies":"Shell Parasite","floor":18.0,"turns":2.0},{"damage":0.0,"enemies":"2 Thieves","floor":19.0,"turns":4.0},{"damage":11.0,"enemies":"Sentry and Sphere","floor":21.0,"turns":5.0},{"damage":0.0,"enemies":"3 Cultists","floor":25.0,"turns":5.0},{"damage":0.0,"enemies":"Centurion and Healer","floor":29.0,"turns":5.0},{"damage":0.0,"enemies":"Snake Plant","floor":31.0,"turns":2.0},{"damage":14.0,"enemies":"Collector","floor":33.0,"turns":3.0},{"damage":0.0,"enemies":"Orb Walker","floor":35.0,"turns":1.0},{"damage":7,"enemies":"3 Darklings","floor":37,"turns":6},{"damage":0,"enemies":"Transient","floor":39,"turns":5},{"damage":0,"enemies":"Nemesis","floor":42,"turns":1},{"damage":0,"enemies":"Maw","floor":45,"turns":3},{"damage":0,"enemies":"3 Darklings","floor":47,"turns":5},{"damage":2,"enemies":"Jaw Worm Horde","floor":48,"turns":5},{"damage":42,"enemies":"Donu and Deca","floor":50,"turns":5}],"seed_played":"13133831677088182","potions_obtained":[{"floor":5.0,"key":"EssenceOfSteel"},{"floor":10.0,"key":"Energy Potion"},{"floor":14.0,"key":"Regen Potion"},{"floor":29.0,"key":"SkillPotion"},{"floor":31.0,"key":"SpeedPotion"}],"is_trial":false,"path_per_floor":["M","?","$","M","M","R","M","R","T","M","?","M","$","M","R","B",null,"M","M","$","M","?","R","?","M","T","$","?","M","R","M","R","B",null,"M","?","M","$","M","R","?","E","T","$","M","?","M","M","R","B"],"character_chosen":"THE_SILENT","items_purchased":["Well Laid Plans","Catalyst"],"campfire_rested":0,"item_purchase_floors":[27,38],"current_hp_per_floor":[77,77,77,77,77,77,76,76,76,71,56,56,56,51,51,45,77,77,77,77,66,66,66,66,77,77,77,63,63,63,63,63,49,82,82,82,75,75,75,75,75,75,75,75,75,75,75,73,73,31],"gold":175,"neow_bonus":"TEN_PERCENT_HP_BONUS","is_prod":false,"is_daily":false,"chose_seed":false,"campfire_upgraded":8,"win_rate":0,"timestamp":1540367531,"path_taken":["M","?","?","M","M","R","M","R","T","M","?","?","$","M","R","BOSS","M","M","$","M","?","R","?","M","T","?","?","M","R","M","R","BOSS","M","?","M","$","M","R","?","E","T","$","M","?","?","M","R","BOSS"],"build_version":"2018-10-18","purchased_purges":3,"victory":true,"max_hp_per_floor":[77,77,77,77,77,77,77,77,77,77,77,77,77,77,77,77,77,77,77,77,77,77,77,77,77,77,77,82,82,82,82,82,82,82,82,82,82,82,82,82,78,78,78,78,78,78,78,78,78,78],"card_choices":[{"not_picked":["Deflect","Acrobatics"],"picked":"Backflip","floor":1.0},{"not_picked":["Quick Slash","Acrobatics","Dagger Spray"],"picked":"SKIP","floor":4.0},{"not_picked":["Finisher","Backflip"],"picked":"Deadly Poison","floor":5.0},{"not_picked":["Doppelganger","Riddle With Holes"],"picked":"Catalyst","floor":7.0},{"not_picked":["Dagger Spray","Sucker Punch","Calculated Gamble"],"picked":"SKIP","floor":10.0},{"not_picked":["Caltrops","Expertise"],"picked":"Escape Plan","floor":12.0},{"not_picked":["Sucker Punch","Poisoned Stab","Heel Hook"],"picked":"SKIP","floor":14.0},{"not_picked":["Tools of the Trade","Doppelganger"],"picked":"Burst","floor":16.0},{"not_picked":["Bane","All Out Attack","Dodge and Roll"],"picked":"SKIP","floor":18.0},{"not_picked":["Cloak And Dagger","Dagger Throw+1","Deflect"],"picked":"SKIP","floor":19.0},{"not_picked":["Flying Knee+1","Setup"],"picked":"Well Laid Plans","floor":21.0},{"not_picked":["Outmaneuver+1","Dagger Spray"],"picked":"Venomology","floor":25.0},{"not_picked":["Calculated Gamble","Underhanded Strike","Outmaneuver"],"picked":"SKIP","floor":29.0},{"not_picked":["Dagger Spray","Blade Dance"],"picked":"Deadly Poison","floor":31.0},{"not_picked":["Venomology","Grand Finale"],"picked":"Wraith Form v2","floor":33.0},{"not_picked":["Flying Knee","Sucker Punch","Terror"],"picked":"SKIP","floor":35.0},{"not_picked":["Concentrate","Blade Dance+1"],"picked":"Backflip+1","floor":37},{"not_picked":["Slice","Underhanded Strike+1"],"picked":"Deadly Poison+1","floor":39},{"not_picked":["Skewer","Escape Plan","Cloak And Dagger+1"],"picked":"SKIP","floor":42},{"not_picked":["Quick Slash+1","Sucker Punch"],"picked":"Footwork","floor":45},{"not_picked":["Backstab","Deflect+1"],"picked":"Burst","floor":47},{"not_picked":["Reflex","Underhanded Strike","Concentrate"],"picked":"SKIP","floor":48}],"player_experience":603543,"relics_obtained":[{"floor":9.0,"key":"Dodecahedron"},{"floor":26.0,"key":"Bag of Preparation"},{"floor":42,"key":"Turnip"},{"floor":43,"key":"Letter Opener"}],"event_choices":[{"cards_removed":["Defend_G"],"damage_healed":0.0,"max_hp_gain":0.0,"max_hp_loss":0.0,"gold_gain":0.0,"event_name":"The Cleric","player_choice":"Card Removal","floor":2.0,"gold_loss":50.0,"damage_taken":0.0},{"damage_healed":0.0,"max_hp_gain":0.0,"max_hp_loss":0.0,"gold_gain":0.0,"event_name":"Shining Light","player_choice":"Entered Light","floor":11.0,"gold_loss":0.0,"damage_taken":15.0,"cards_upgraded":["Strike_G","Strike_G"]},{"damage_healed":0.0,"max_hp_gain":0.0,"max_hp_loss":0.0,"gold_gain":0.0,"cards_transformed":["Defend_G","Strike_G"],"event_name":"Drug Dealer","player_choice":"Became Test Subject","floor":22.0,"gold_loss":0.0,"damage_taken":0.0,"cards_obtained":["Terror","Tactician"]},{"damage_healed":0.0,"max_hp_gain":0.0,"max_hp_loss":0.0,"gold_gain":0.0,"event_name":"The Mausoleum","player_choice":"Ignored","floor":24.0,"gold_loss":0.0,"damage_taken":0.0},{"damage_healed":0.0,"max_hp_gain":5.0,"max_hp_loss":0.0,"gold_gain":0.0,"event_name":"Forgotten Altar","player_choice":"Shed Blood","floor":28.0,"gold_loss":0.0,"damage_taken":19.0},{"damage_healed":0.0,"max_hp_gain":0.0,"max_hp_loss":0.0,"gold_gain":0.0,"event_name":"Mysterious Sphere","player_choice":"Ignored","floor":36.0,"gold_loss":0.0,"damage_taken":0.0},{"damage_healed":0,"gold_gain":0,"player_choice":"Max HP","damage_taken":0,"max_hp_gain":0,"max_hp_loss":4,"event_name":"Winding Halls","floor":41,"gold_loss":0},{"damage_healed":0,"gold_gain":0,"player_choice":"Upgrade","damage_taken":0,"relics_obtained":["Mark of the Bloom"],"max_hp_gain":0,"max_hp_loss":0,"event_name":"MindBloom","floor":46,"gold_loss":0,"cards_upgraded":["Defend_G","Defend_G","Defend_G","Survivor","Backflip","Escape Plan","Tactician","Venomology","Deadly Poison","Wraith Form v2","Footwork"]}],"is_beta":false,"boss_relics":[{"not_picked":["Tiny House","Calling Bell"],"picked":"Runic Dome"},{"not_picked":["Ring of the Serpent","Eternal Feather"],"picked":"Velvet Choker"}],"items_purged_floors":[13,20,38],"is_endless":false,"potions_floor_spawned":[5,10,14,19,21,29,31,33,35,45,47,48],"ascension_level":0}