{"gold_per_floor":[115,115,115,135,150,184,184,204,204,279,292,292,347,29,29,29],"floor_reached":16,"playtime":396,"items_purged":["Strike_G"],"score":200,"play_id":"74984d5e-d346-4189-968b-9400c2d0721c","local_time":"20190210174058","is_ascension_mode":true,"campfire_choices":[{"data":"Well Laid Plans","floor":7.0,"key":"SMITH"},{"data":"Calculated Gamble","floor":12.0,"key":"SMITH"},{"floor":15.0,"key":"REST"}],"neow_cost":"NONE","seed_source_timestamp":32328983538678,"circlet_count":0,"master_deck":["AscendersBane","Defend_G","Defend_G","Defend_G","Defend_G","Defend_G","Strike_G","Strike_G","Strike_G","Survivor","Neutralize","Reflex","Backstab","Bouncing Flask","Well Laid Plans+1","Prepared","Calculated Gamble+1","Apotheosis","Acrobatics"],"special_seed":0,"relics":["Ring of the Snake","NeowsBlessing","Question Card","Kunai","Tiny Chest"],"potions_floor_usage":[],"damage_taken":[{"damage":0.0,"enemies":"Jaw Worm","floor":1.0,"turns":1.0},{"damage":0.0,"enemies":"Small Slimes","floor":4.0,"turns":1.0},{"damage":0.0,"enemies":"Cultist","floor":5.0,"turns":1.0},{"damage":26.0,"enemies":"Gremlin Nob","floor":6.0,"turns":4.0},{"damage":6.0,"enemies":"2 Fungi Beasts","floor":8.0,"turns":5.0},{"damage":0.0,"enemies":"Large Slime","floor":11.0,"turns":5.0},{"damage":27,"enemies":"Slime Boss","floor":16,"turns":11}],"seed_played":"-6419225612968923159","potions_obtained":[{"floor":1.0,"key":"Fire Potion"},{"floor":8.0,"key":"Explosive Potion"}],"is_trial":false,"path_per_floor":["M","?","?","M","M","E","R","M","T","?","M","R","T","$","R","B"],"character_chosen":"THE_SILENT","items_purchased":["Apotheosis","Acrobatics"],"campfire_rested":1,"item_purchase_floors":[14,14],"current_hp_per_floor":[59,64,57,57,57,31,31,25,25,14,14,14,14,14,35,8],"gold":29,"neow_bonus":"THREE_ENEMY_KILL","is_prod":false,"is_daily":false,"chose_seed":false,"campfire_upgraded":2,"win_rate":0,"timestamp":1549791658,"path_taken":["M","?","?","?","M","E","R","M","T","?","M","R","?","$","R","BOSS"],"build_version":"2019-01-23","purchased_purges":1,"victory":false,"max_hp_per_floor":[66,71,71,71,71,71,71,71,71,71,71,71,71,71,71,71],"card_choices":[{"not_picked":["Predator","Outmaneuver"],"picked":"Reflex","floor":1.0},{"not_picked":["Finisher","Deadly Poison"],"picked":"Backstab","floor":4.0},{"not_picked":["Noxious Fumes","Quick Slash"],"picked":"Bouncing Flask","floor":5.0},{"not_picked":["Bane","Dodge and Roll"],"picked":"Well Laid Plans","floor":6.0},{"not_picked":["Outmaneuver","Backflip","Skewer"],"picked":"Prepared","floor":8.0},{"not_picked":["Deflect","Slice","Acrobatics"],"picked":"Calculated Gamble","floor":11.0}],"player_experience":2582567,"relics_obtained":[{"floor":6.0,"key":"Question Card"},{"floor":9.0,"key":"Kunai"},{"floor":13.0,"key":"Tiny Chest"}],"event_choices":[{"damage_healed":0.0,"max_hp_gain":5.0,"max_hp_loss":0.0,"gold_gain":0.0,"event_name":"Big Fish","player_choice":"Donut","floor":2.0,"gold_loss":0.0,"damage_taken":0.0},{"cards_removed":["Strike_G"],"damage_healed":0.0,"max_hp_gain":0.0,"max_hp_loss":0.0,"gold_gain":0.0,"event_name":"Golden Wing","player_choice":"Card Removal","floor":3.0,"gold_loss":0.0,"damage_taken":7.0},{"damage_healed":0.0,"max_hp_gain":0.0,"max_hp_loss":0.0,"gold_gain":75.0,"event_name":"World of Goop","player_choice":"Gather Gold","floor":10.0,"gold_loss":0.0,"damage_taken":11.0}],"is_beta":false,"boss_relics":[],"items_purged_floors":[14],"is_endless":false,"potions_floor_spawned":[1,8],"killed_by":"Slime Boss","ascension_level":20}