{"gold_per_floor":[99,99,99,99,99,99,99,99,99,99,49,49,49,49,49,49],"floor_reached":16,"playtime":963,"items_purged":[],"score":94,"play_id":"4bf2e772-d4f0-4520-aea4-dce8aad43ee1","local_time":"20181014123251","is_ascension_mode":false,"campfire_choices":[{"data":"Neutralize","floor":6,"key":"SMITH"},{"data":"Well Laid Plans","floor":8,"key":"SMITH"},{"data":"All Out Attack","floor":13,"key":"SMITH"},{"floor":15,"key":"REST"}],"neow_cost":"NONE","seed_source_timestamp":3496478624610,"circlet_count":0,"master_deck":["Defend_G","Defend_G","Defend_G","Defend_G","Defend_G","Strike_G","Strike_G","Strike_G","Strike_G","Survivor","Neutralize+1","All Out Attack+1","Well Laid Plans+1"],"special_seed":0,"relics":["Ectoplasm","Darkstone Periapt"],"potions_floor_usage":[],"damage_taken":[{"damage":0,"enemies":"2 Louse","floor":1,"turns":3},{"damage":3,"enemies":"Jaw Worm","floor":2,"turns":2},{"damage":0,"enemies":"Small Slimes","floor":3,"turns":3},{"damage":3,"enemies":"Red Slaver","floor":4,"turns":3},{"damage":0,"enemies":"Exordium Wildlife","floor":5,"turns":4},{"damage":4,"enemies":"Blue Slaver","floor":7,"turns":3},{"damage":0,"enemies":"3 Louse","floor":14,"turns":1},{"damage":0,"enemies":"Slime Boss","floor":16,"turns":1}],"seed_played":"2529882811280701027","potions_obtained":[{"floor":1,"key":"Weak Potion"},{"floor":3,"key":"Dexterity Potion"},{"floor":7,"key":"Weak Potion"}],"is_trial":false,"path_per_floor":["M","M","M","M","M","R","M","R","T","$","?","?","R","M","R"],"character_chosen":"THE_SILENT","items_purchased":[],"campfire_rested":1,"item_purchase_floors":[],"current_hp_per_floor":[70,67,67,64,64,64,60,60,60,60,60,60,60,60,70,70],"gold":49,"neow_bonus":"BOSS_RELIC","is_prod":false,"is_daily":false,"chose_seed":false,"campfire_upgraded":3,"win_rate":0,"timestamp":1539491571,"path_taken":["M","M","M","M","M","R","M","R","T","$","?","?","R","M","R","BOSS"],"build_version":"2018-10-11","purchased_purges":0,"victory":false,"max_hp_per_floor":[70,70,70,70,70,70,70,70,70,70,70,70,70,70,70,70],"card_choices":[{"not_picked":["Heel Hook","Blade Dance"],"picked":"All Out Attack","floor":1},{"not_picked":["Blur","Dagger Spray","Acrobatics"],"picked":"SKIP","floor":2},{"not_picked":["Slice","Dagger Throw","Dodge and Roll"],"picked":"SKIP","floor":3},{"not_picked":["Underhanded Strike","Cloak And Dagger","Dodge and Roll"],"picked":"SKIP","floor":4},{"not_picked":["Expertise","Sucker Punch","Cloak And Dagger"],"picked":"SKIP","floor":5},{"not_picked":["Backstab","Masterful Stab"],"picked":"Well Laid Plans","floor":7},{"not_picked":["Bullet Time","Quick Slash","Slice"],"picked":"SKIP","floor":14}],"player_experience":182603,"relics_obtained":[{"floor":9,"key":"Darkstone Periapt"}],"event_choices":[{"event_name":"The Cleric","player_choice":"Card Removal","floor":11,"damage_taken":0},{"event_name":"The Lab","player_choice":"Got Potions","floor":12,"damage_taken":0}],"is_beta":false,"boss_relics":[],"items_purged_floors":[],"is_endless":false,"potions_floor_spawned":[1,3,7],"killed_by":"Slime Boss","ascension_level":0}