{"gold_per_floor":[118,16,16,16,63,96,106,120,145,164,124],"floor_reached":11,"playtime":326,"items_purged":[],"score":146,"play_id":"39213df3-f558-4659-a64d-c245506d403b","local_time":"20190725105453","is_ascension_mode":true,"campfire_choices":[],"neow_cost":"TEN_PERCENT_HP_LOSS","seed_source_timestamp":786272557453489,"circlet_count":0,"master_deck":["AscendersBane","Strike_G+1","Strike_G","Strike_G","Defend_G","Defend_G+1","Defend_G","Defend_G+1","Defend_G","Survivor","Neutralize","Expertise","Quick Slash+1","PiercingWail","Bouncing Flask","Catalyst","Backflip"],"special_seed":0,"relics":["Ring of the Snake","Whetstone","Bag of Marbles","Ancient Tea Set"],"potions_floor_usage":[],"damage_taken":[{"damage":3.0,"enemies":"Cultist","floor":1.0,"turns":4.0},{"damage":37,"enemies":"3 Sentries","floor":6,"turns":12},{"damage":0,"enemies":"Jaw Worm","floor":7,"turns":5},{"damage":0,"enemies":"Small Slimes","floor":8,"turns":2},{"damage":0,"enemies":"Exordium Wildlife","floor":10,"turns":4},{"damage":3,"enemies":"Looter","floor":11,"turns":2}],"seed_played":"-5500433273102095518","potions_obtained":[{"floor":1.0,"key":"LiquidBronze"},{"floor":7,"key":"PowerPotion"}],"is_trial":false,"path_per_floor":["M","$","$","?","T","E","M","M","T","M","M"],"character_chosen":"THE_SILENT","items_purchased":["PiercingWail","Bouncing Flask"],"campfire_rested":0,"item_purchase_floors":[2,2],"current_hp_per_floor":[56,56,56,38,38,1,1,1,1,1,0],"gold":124,"neow_bonus":"TRANSFORM_TWO_CARDS","is_prod":false,"is_daily":false,"chose_seed":false,"campfire_upgraded":0,"win_rate":0,"timestamp":1564019693,"path_taken":["M","?","$","?","?","E","?","M","T","M","M"],"build_version":"2019-07-17","purchased_purges":0,"victory":false,"max_hp_per_floor":[60,60,60,60,60,60,60,60,60,60,60],"card_choices":[{"not_picked":["Underhanded Strike","Choke","Skewer"],"picked":"SKIP","floor":1.0},{"not_picked":["Underhanded Strike","Choke","Skewer"],"picked":"SKIP","floor":1.0},{"not_picked":["Flying Knee","Crippling Poison","Underhanded Strike"],"picked":"SKIP","floor":6},{"not_picked":["Outmaneuver","Underhanded Strike"],"picked":"Catalyst","floor":7},{"not_picked":["Escape Plan","Acrobatics"],"picked":"Backflip","floor":8},{"not_picked":["Bane","Blur","Dash"],"picked":"SKIP","floor":10}],"player_experience":661945,"relics_obtained":[{"floor":5.0,"key":"Whetstone"},{"floor":6,"key":"Bag of Marbles"},{"floor":9,"key":"Ancient Tea Set"}],"event_choices":[{"damage_healed":0.0,"max_hp_gain":0.0,"max_hp_loss":0.0,"gold_gain":0.0,"event_name":"Shining Light","player_choice":"Entered Light","floor":4.0,"gold_loss":0.0,"damage_taken":18.0,"cards_upgraded":["Defend_G","Defend_G"]}],"is_beta":false,"boss_relics":[],"items_purged_floors":[],"is_endless":false,"potions_floor_spawned":[1,7],"killed_by":"Looter","ascension_level":20}