{"gold_per_floor":[20,37,53,53,53,53,78,78,78,78],"floor_reached":10,"playtime":176,"items_purged":[],"score":132,"play_id":"11381cac-7255-481a-930c-58e79c58676b","local_time":"20190606223625","is_ascension_mode":true,"campfire_choices":[{"data":"Heatsinks","floor":6,"key":"SMITH"}],"neow_cost":"NO_GOLD","seed_source_timestamp":36494648426307,"circlet_count":0,"master_deck":["AscendersBane","Strike_B","Strike_B","Strike_B","Strike_B","Defend_B","Defend_B","Defend_B","Defend_B","Zap","Dualcast","Hyperbeam+1","Cold Snap","Heatsinks+1","Skim","Gash"],"special_seed":0,"relics":["Cracked Core","Kunai","Letter Opener"],"potions_floor_usage":[10],"damage_taken":[{"damage":0.0,"enemies":"Small Slimes","floor":1.0,"turns":2.0},{"damage":4.0,"enemies":"Cultist","floor":2.0,"turns":3.0},{"damage":2.0,"enemies":"Jaw Worm","floor":3.0,"turns":4.0},{"damage":56,"enemies":"Lagavulin","floor":7,"turns":8},{"damage":32,"enemies":"Gremlin Nob","floor":10,"turns":3}],"seed_played":"-6073661389730587962","potions_obtained":[{"floor":7,"key":"Regen Potion"}],"is_trial":false,"path_per_floor":["M","M","M","?","$","R","E","?","T","E"],"character_chosen":"DEFECT","items_purchased":[],"campfire_rested":0,"item_purchase_floors":[],"current_hp_per_floor":[64,60,58,58,58,58,2,2,2,0],"gold":78,"neow_bonus":"THREE_RARE_CARDS","is_prod":false,"is_daily":false,"chose_seed":false,"campfire_upgraded":1,"win_rate":0,"timestamp":1559828185,"path_taken":["M","M","M","?","$","R","E","?","T","E"],"build_version":"2019-01-23","purchased_purges":0,"victory":false,"max_hp_per_floor":[71,71,71,71,71,71,71,71,71,71],"card_choices":[{"not_picked":["Core Surge","Amplify"],"picked":"Hyperbeam","floor":0.0},{"not_picked":["Beam Cell","Coolheaded"],"picked":"Cold Snap","floor":1.0},{"not_picked":["Consume","Steam"],"picked":"Heatsinks","floor":2.0},{"not_picked":["Darkness","Compile Driver"],"picked":"Skim","floor":3.0},{"not_picked":["Beam Cell","Leap"],"picked":"Gash","floor":7}],"player_experience":561916,"relics_obtained":[{"floor":7,"key":"Kunai"},{"floor":9,"key":"Letter Opener"}],"event_choices":[{"damage_healed":0,"gold_gain":0,"player_choice":"Grow","damage_taken":0,"max_hp_gain":0,"max_hp_loss":0,"event_name":"Living Wall","floor":4,"gold_loss":0,"cards_upgraded":["Hyperbeam"]},{"damage_healed":0,"gold_gain":0,"player_choice":"Fled","damage_taken":0,"max_hp_gain":0,"max_hp_loss":0,"event_name":"Scrap Ooze","floor":8,"gold_loss":0}],"is_beta":false,"boss_relics":[],"items_purged_floors":[],"is_endless":false,"potions_floor_spawned":[7],"killed_by":"Gremlin Nob","ascension_level":20}