{"gold_per_floor":[109,21,33,33,47,47,77,77,77,77,97,97,128,151,151,249,249,265,306,306,306],"floor_reached":21,"playtime":1171,"items_purged":[],"score":374,"play_id":"67459b2d-bc16-4e43-bccd-131c29703229","local_time":"20190714111335","is_ascension_mode":true,"campfire_choices":[{"data":"Combust","floor":6,"key":"SMITH"},{"floor":10,"key":"REST"},{"data":"Disarm","floor":12,"key":"SMITH"},{"data":"Shockwave","floor":15,"key":"SMITH"}],"neow_cost":"NONE","seed_source_timestamp":33555171440949,"circlet_count":0,"master_deck":["AscendersBane","Strike_R","Strike_R+1","Strike_R","Strike_R+1","Strike_R","Defend_R","Defend_R","Defend_R","Defend_R","Bash","Headbutt","Combust+1","Headbutt","Disarm+1","Intimidate","Shockwave+1","Demon Form+1","Inflame"],"relics":["Burning Blood","Matryoshka","Golden Idol","Art of War","Bottled Lightning","Champion Belt","Velvet Choker","Red Mask"],"potions_floor_usage":[11,16,16,16,19,21],"damage_taken":[{"damage":1,"enemies":"Cultist","floor":1,"turns":3},{"damage":10,"enemies":"Jaw Worm","floor":3,"turns":4},{"damage":6,"enemies":"2 Louse","floor":5,"turns":3},{"damage":37,"enemies":"3 Sentries","floor":7,"turns":5},{"damage":0,"enemies":"Exordium Wildlife","floor":11,"turns":3},{"damage":27,"enemies":"Lagavulin","floor":13,"turns":6},{"damage":10,"enemies":"3 Louse","floor":14,"turns":4},{"damage":39,"enemies":"Hexaghost","floor":16,"turns":12},{"damage":13,"enemies":"Chosen","floor":18,"turns":6},{"damage":36,"enemies":"Masked Bandits","floor":19,"turns":4},{"damage":21,"enemies":"Spheric Guardian","floor":21,"turns":4}],"seed_played":"5132534320247417527","potions_obtained":[{"floor":5,"key":"BloodPotion"},{"floor":13,"key":"EntropicBrew"},{"floor":14,"key":"Weak Potion"},{"floor":16,"key":"EssenceOfSteel"}],"is_trial":false,"path_per_floor":["M","$","M","?","M","R","E","?","T","R","M","R","E","M","R","B",null,"M","?","?","M"],"character_chosen":"IRONCLAD","items_purchased":["Combust"],"campfire_rested":1,"item_purchase_floors":[2],"current_hp_per_floor":[80,80,76,51,51,51,20,20,20,42,66,66,45,41,41,8,58,51,21,21,0],"gold":306,"neow_bonus":"TEN_PERCENT_HP_BONUS","is_prod":false,"is_daily":false,"chose_seed":false,"campfire_upgraded":3,"win_rate":0,"timestamp":1563095615,"path_taken":["M","?","M","?","M","R","E","?","T","R","M","R","E","M","R","BOSS","M","?","?","M"],"build_version":"2019-07-05","purchased_purges":0,"victory":false,"max_hp_per_floor":[82,82,82,82,82,82,82,74,74,74,74,74,74,74,74,74,74,74,74,74,74],"card_choices":[{"not_picked":["Body Slam","Sever Soul"],"picked":"Headbutt","floor":1},{"not_picked":["Power Through","Sword Boomerang"],"picked":"Headbutt","floor":3},{"not_picked":["Dropkick","Body Slam"],"picked":"Disarm","floor":5},{"not_picked":["Warcry","Blood for Blood"],"picked":"Intimidate","floor":7},{"not_picked":["Battle Trance","Power Through"],"picked":"Shockwave","floor":11},{"not_picked":["Body Slam","Pommel Strike","Bloodletting"],"picked":"SKIP","floor":13},{"not_picked":["Wild Strike","True Grit","Warcry"],"picked":"SKIP","floor":14},{"not_picked":["Dark Embrace","Fiend Fire"],"picked":"Demon Form","floor":16},{"not_picked":["Rampage","Headbutt+1","Twin Strike"],"picked":"SKIP","floor":18},{"not_picked":["Combust","Burning Pact"],"picked":"Inflame","floor":19}],"player_experience":698348,"relics_obtained":[{"floor":7,"key":"Matryoshka"},{"floor":9,"key":"Art of War"},{"floor":9,"key":"Bottled Lightning"},{"floor":13,"key":"Champion Belt"},{"floor":19,"key":"Red Mask"}],"event_choices":[{"damage_healed":0,"gold_gain":0,"player_choice":"Entered Light","damage_taken":25,"max_hp_gain":0,"max_hp_loss":0,"event_name":"Shining Light","floor":4,"gold_loss":0,"cards_upgraded":["Strike_R","Strike_R"]},{"damage_healed":0,"gold_gain":0,"player_choice":"Lose Max HP","damage_taken":0,"relics_obtained":["Golden Idol"],"max_hp_gain":0,"max_hp_loss":8,"event_name":"Golden Idol","floor":8,"gold_loss":0},{"damage_healed":0,"gold_gain":0,"player_choice":"Fought Bandits","damage_taken":0,"max_hp_gain":0,"max_hp_loss":0,"event_name":"Masked Bandits","floor":19,"gold_loss":0},{"damage_healed":0,"gold_gain":0,"player_choice":"Upgraded","damage_taken":0,"max_hp_gain":0,"max_hp_loss":0,"event_name":"Upgrade Shrine","floor":20,"gold_loss":0,"cards_upgraded":["Demon Form"]}],"is_beta":false,"boss_relics":[{"not_picked":["Orrery","White Beast Statue"],"picked":"Velvet Choker"}],"items_purged_floors":[],"is_endless":false,"potions_floor_spawned":[5,13,14,16],"killed_by":"Spheric Guardian","ascension_level":20}