{"gold_per_floor":[116,25,25,75,91,120,120,131,131,131,144,176,176],"floor_reached":13,"playtime":213,"items_purged":[],"score":236,"play_id":"0d2be24e-3e6f-47b2-b6bc-3b5235b1a266","local_time":"20190223160352","is_ascension_mode":true,"campfire_choices":[{"data":"Zap","floor":7.0,"key":"SMITH"},{"data":"Loop","floor":10,"key":"SMITH"}],"neow_cost":"NONE","seed_source_timestamp":504704756551024,"circlet_count":0,"master_deck":["AscendersBane","Strike_B","Strike_B","Strike_B","Strike_B","Defend_B","Defend_B","Defend_B","Defend_B","Zap+1","Dualcast","Chill","Loop+1","Ball Lightning","Recycle","Coolheaded","Gash","Electrodynamics"],"special_seed":0,"relics":["Cracked Core","NeowsBlessing","Blue Candle","Smiling Mask"],"potions_floor_usage":[12],"damage_taken":[{"damage":0.0,"enemies":"Cultist","floor":1.0,"turns":1.0},{"damage":0.0,"enemies":"Jaw Worm","floor":5.0,"turns":1.0},{"damage":0.0,"enemies":"Lagavulin","floor":6.0,"turns":1.0},{"damage":3.0,"enemies":"Small Slimes","floor":8.0,"turns":4.0},{"damage":7,"enemies":"Blue Slaver","floor":11,"turns":3},{"damage":32,"enemies":"Gremlin Nob","floor":12,"turns":4},{"damage":28,"enemies":"Gremlin Nob","floor":13,"turns":3}],"seed_played":"4076751844874461568","potions_obtained":[{"floor":6.0,"key":"Energy Potion"},{"floor":8.0,"key":"Poison Potion"}],"is_trial":false,"path_per_floor":["M","$","?","?","M","E","R","M","T","R","M","E","?"],"character_chosen":"DEFECT","items_purchased":["Loop","Ball Lightning"],"campfire_rested":0,"item_purchase_floors":[2,2],"current_hp_per_floor":[64,64,64,64,64,64,64,61,61,61,54,22,0],"gold":176,"neow_bonus":"THREE_ENEMY_KILL","is_prod":false,"is_daily":false,"chose_seed":false,"campfire_upgraded":2,"win_rate":0,"timestamp":1550909032,"path_taken":["M","$","?","?","M","E","R","M","T","R","?","E","?"],"build_version":"2019-01-23","purchased_purges":0,"victory":false,"max_hp_per_floor":[71,71,71,71,71,71,71,71,71,71,71,71,71],"card_choices":[{"not_picked":["Redo","Steam"],"picked":"Chill","floor":1.0},{"not_picked":["Lockon","Sweeping Beam"],"picked":"Recycle","floor":5.0},{"not_picked":["Ball Lightning","Reprogram","Barrage"],"picked":"SKIP","floor":6.0},{"not_picked":["Rebound","Barrage"],"picked":"Coolheaded","floor":8.0},{"not_picked":["Loop","Storm"],"picked":"Gash","floor":11},{"not_picked":["Beam Cell","Cold Snap"],"picked":"Electrodynamics","floor":12}],"player_experience":936514,"relics_obtained":[{"floor":6.0,"key":"Blue Candle"},{"floor":12,"key":"Smiling Mask"}],"event_choices":[{"damage_healed":0.0,"max_hp_gain":0.0,"max_hp_loss":0.0,"gold_gain":0.0,"event_name":"The Cleric","player_choice":"Leave","floor":3.0,"gold_loss":0.0,"damage_taken":0.0},{"damage_healed":0.0,"max_hp_gain":0.0,"max_hp_loss":0.0,"gold_gain":50.0,"event_name":"Golden Shrine","player_choice":"Pray","floor":4.0,"gold_loss":0.0,"damage_taken":0.0},{"damage_healed":0,"gold_gain":0,"player_choice":"Searched \u00271\u0027 times","damage_taken":0,"max_hp_gain":0,"max_hp_loss":0,"event_name":"Dead Adventurer","floor":13,"gold_loss":0}],"is_beta":false,"boss_relics":[],"items_purged_floors":[],"is_endless":false,"potions_floor_spawned":[6,8],"killed_by":"Gremlin Nob","ascension_level":20}