{"path_per_floor":["M","?","M","$","M","R","?","M","T","?","M","M","?","M","R","B",null,"M","M","?","?","$","R","E","?","T","M","$","R"],"character_chosen":"THE_SILENT","items_purchased":["Madness","Well Laid Plans","Lantern","Accuracy","Dodge and Roll","Blur"],"gold_per_floor":[116,116,127,3,13,13,13,29,110,110,123,136,136,150,150,271,271,284,303,303,303,24,24,55,55,55,68,30,30],"floor_reached":30,"campfire_rested":0,"playtime":2710,"current_hp_per_floor":[70,63,63,63,63,63,63,63,63,63,46,46,52,45,45,7,76,63,59,76,76,76,76,52,52,52,40,40,40],"items_purged":[],"gold":30,"score":240,"play_id":"636ebe8d-8dc8-499a-a099-ca757a7a3e9c","local_time":"20180303110039","is_prod":false,"is_daily":false,"is_ascension_mode":false,"campfire_upgraded":4,"timestamp":1520071239,"path_taken":["M","?","?","$","M","R","?","M","T","?","M","M","?","M","R","BOSS","M","M","?","?","?","R","E","?","T","?","$","R","M"],"build_version":"2018-03-01-PROD1","purchased_purges":0,"victory":false,"master_deck":["Defend_G","Strike_G","Strike_G","Survivor","Neutralize","Blade Dance","Deadly Poison","Deadly Poison","Madness+1","Well Laid Plans","Leg Sweep+1","Distraction+1","Deflect","Prepared","Injury","Corpse Explosion","Endless Agony+1","Catalyst+1","Dagger Spray+1","Quick Slash","Catalyst+1","Accuracy","Dodge and Roll","Poisoned Stab+1","Footwork","Blur"],"max_hp_per_floor":[70,70,70,70,70,70,70,70,70,70,70,70,76,76,76,76,76,76,76,76,76,76,76,76,76,76,76,76,76],"relics":["Ring of the Snake","Darkstone Periapt","Golden Idol","Astrolabe","Lantern","Ninja Scroll","Toolbox"],"card_choices":[{"not_picked":["Poisoned Stab","Escape Plan"],"picked":"Deadly Poison"},{"not_picked":["Caltrops","Escape Plan"],"picked":"Deadly Poison"},{"not_picked":["Well Laid Plans","Sucker Punch"],"picked":"Leg Sweep"},{"not_picked":["Unload","Slice"],"picked":"Distraction"},{"not_picked":["Finisher","Deadly Poison"],"picked":"Deflect"},{"not_picked":["Dagger Spray","Deadly Poison"],"picked":"Prepared"},{"not_picked":["Underhanded Strike","Acrobatics"],"picked":"Endless Agony"},{"not_picked":["After Image","Night Terror"],"picked":"Corpse Explosion"},{"not_picked":["Acrobatics","PiercingWail"],"picked":"Quick Slash"},{"not_picked":["PiercingWail","Flying Knee"],"picked":"Catalyst"},{"not_picked":["Noxious Fumes","Deflect"],"picked":"Poisoned Stab"},{"not_picked":["Riddle With Holes","Underhanded Strike"],"picked":"Footwork"}],"player_experience":50369,"potions_floor_usage":[8,11,11,16,16,18,24],"damage_taken":[{"damage":0,"enemies":"2 Louse","floor":1,"turns":4},{"damage":0,"enemies":"Cultist","floor":3,"turns":4},{"damage":0,"enemies":"Jaw Worm","floor":5,"turns":3},{"damage":0,"enemies":"Gremlin Gang","floor":8,"turns":5},{"damage":17,"enemies":"Exordium Thugs","floor":11,"turns":6},{"damage":0,"enemies":"Large Slime","floor":12,"turns":10},{"damage":7,"enemies":"3 Louse","floor":14,"turns":4},{"damage":38,"enemies":"Hexaghost","floor":16,"turns":12},{"damage":22,"enemies":"2 Thieves","floor":18,"turns":4},{"damage":4,"enemies":"Shell Parasite","floor":19,"turns":4},{"damage":24,"enemies":"Book of Stabbing","floor":24,"turns":5},{"damage":12,"enemies":"Chosen and Byrds","floor":27,"turns":3},{"damage":60,"enemies":"Cultist and Chosen","floor":30,"turns":5}],"event_choices":[{"event_name":"Golden Wing","player_choice":"Card Removal","floor":2,"damage_taken":0},{"event_name":"The Lab","player_choice":"Got Potions","floor":7,"damage_taken":0},{"event_name":"Living Wall","player_choice":"Forget","floor":10,"damage_taken":0},{"event_name":"Golden Idol","player_choice":"Take Wound","floor":13,"damage_taken":0},{"event_name":"Bonfire Elementals","player_choice":"UNCOMMON","floor":20,"damage_taken":0},{"event_name":"Back to Basics","player_choice":"Elegance","floor":21,"damage_taken":0},{"event_name":"Cursed Tome","player_choice":"Ignored","floor":25,"damage_taken":0}],"boss_relics":[{"not_picked":["Runic Pyramid","Sozu"],"picked":"Astrolabe"}],"potions_floor_spawned":[3,11,12,14,16,18],"seed_played":"-406550002502959539","killed_by":"Cultist and Chosen","ascension_level":0,"is_trial":false}