{"gold_per_floor":[111,161,175,80,92,92,92,92,116,116,135,135,146,163,163,163],"floor_reached":16,"playtime":338,"items_purged":[],"score":184,"play_id":"d3a629fc-1a1c-4e62-90ed-e4c1eadbf3df","local_time":"20190729170221","is_ascension_mode":true,"campfire_choices":[{"data":"Body Slam","floor":6.0,"key":"SMITH"},{"data":"Bash","floor":8.0,"key":"SMITH"},{"floor":10.0,"key":"RECALL"},{"data":"Evolve","floor":12,"key":"SMITH"},{"data":"True Grit","floor":15,"key":"SMITH"}],"neow_cost":"TEN_PERCENT_HP_LOSS","seed_source_timestamp":173069460544700,"circlet_count":0,"master_deck":["AscendersBane","Strike_R","Strike_R","Strike_R","Defend_R","Defend_R","Defend_R","Defend_R","Bash+1","Reaper","Headbutt","Body Slam+1","Decay","Evolve+1","True Grit+1","Flame Barrier"],"special_seed":0,"relics":["Burning Blood","Potion Belt","Lantern"],"potions_floor_usage":[11,16,16],"damage_taken":[{"damage":0.0,"enemies":"2 Louse","floor":1.0,"turns":4.0},{"damage":2.0,"enemies":"Cultist","floor":3.0,"turns":4.0},{"damage":12.0,"enemies":"Small Slimes","floor":5.0,"turns":4.0},{"damage":13,"enemies":"Exordium Thugs","floor":11,"turns":2},{"damage":12,"enemies":"3 Louse","floor":13,"turns":3},{"damage":22,"enemies":"Blue Slaver","floor":14,"turns":5},{"damage":61,"enemies":"Slime Boss","floor":16,"turns":10}],"seed_played":"-3479088603275187204","potions_obtained":[{"floor":1.0,"key":"Block Potion"},{"floor":5.0,"key":"Explosive Potion"},{"floor":11,"key":"Regen Potion"},{"floor":14,"key":"Swift Potion"}],"is_trial":false,"path_per_floor":["M","?","M","?","M","R","?","R","T","R","M","R","M","M","R","B"],"character_chosen":"IRONCLAD","items_purchased":[],"campfire_rested":0,"item_purchase_floors":[],"current_hp_per_floor":[68,62,66,66,60,60,60,60,60,60,53,53,59,43,43,4],"gold":163,"neow_bonus":"TRANSFORM_TWO_CARDS","is_prod":false,"is_daily":false,"chose_seed":false,"campfire_upgraded":4,"win_rate":0,"timestamp":1564390941,"path_taken":["M","?","?","?","?","R","?","R","T","R","M","R","M","M","R","BOSS"],"build_version":"2019-07-17","purchased_purges":0,"victory":false,"max_hp_per_floor":[68,68,68,68,68,68,68,68,68,68,68,68,68,68,68,68],"card_choices":[{"not_picked":["Uppercut","Fire Breathing"],"picked":"Body Slam","floor":1.0},{"not_picked":["Heavy Blade","Thunderclap","Infernal Blade"],"picked":"SKIP","floor":3.0},{"not_picked":["Havoc","Anger","Sever Soul"],"picked":"SKIP","floor":5.0},{"not_picked":["Searing Blow","Heavy Blade"],"picked":"Evolve","floor":11},{"not_picked":["Havoc","Bludgeon"],"picked":"True Grit","floor":13},{"not_picked":["Thunderclap","Burning Pact"],"picked":"Flame Barrier","floor":14}],"player_experience":696936,"relics_obtained":[{"floor":9.0,"key":"Lantern"}],"event_choices":[{"damage_healed":0.0,"max_hp_gain":0.0,"max_hp_loss":0.0,"gold_gain":50.0,"event_name":"FaceTrader","player_choice":"Touch","floor":2.0,"gold_loss":0.0,"damage_taken":6.0},{"damage_healed":0.0,"max_hp_gain":0.0,"max_hp_loss":0.0,"gold_gain":0.0,"event_name":"WeMeetAgain","player_choice":"Paid Gold","floor":4.0,"gold_loss":95.0,"damage_taken":0.0,"relics_obtained":["Potion Belt"]},{"damage_healed":0.0,"max_hp_gain":0.0,"max_hp_loss":0.0,"gold_gain":0.0,"event_name":"Wheel of Change","player_choice":"Cursed","floor":7.0,"gold_loss":0.0,"damage_taken":0.0,"cards_obtained":["Decay"]}],"is_beta":false,"boss_relics":[],"items_purged_floors":[],"is_endless":false,"potions_floor_spawned":[1,5,11,14],"killed_by":"Slime Boss","ascension_level":20}