{"gold_per_floor":[119,44,61,75,75,101,101,101,148,162,162],"floor_reached":11,"playtime":370,"items_purged":["Strike_G"],"score":146,"play_id":"d4c1751b-d5e3-4c04-810f-3ed7b0c43d76","local_time":"20181227171744","is_ascension_mode":true,"campfire_choices":[{"floor":8.0,"key":"REST"}],"neow_cost":"NONE","seed_source_timestamp":20030297194862,"circlet_count":0,"master_deck":["AscendersBane","Defend_G","Defend_G","Defend_G","Defend_G","Strike_G","Survivor","Neutralize","Footwork+1","Acrobatics+1","Bouncing Flask+1","Backflip","Well Laid Plans","Footwork"],"special_seed":0,"relics":["Astrolabe","Dream Catcher","Smiling Mask"],"potions_floor_usage":[],"damage_taken":[{"damage":0.0,"enemies":"Small Slimes","floor":1.0,"turns":4.0},{"damage":0.0,"enemies":"2 Louse","floor":3.0,"turns":3.0},{"damage":0.0,"enemies":"Cultist","floor":4.0,"turns":3.0},{"damage":58.0,"enemies":"Gremlin Nob","floor":6.0,"turns":6.0},{"damage":0.0,"enemies":"Looter","floor":10.0,"turns":5.0},{"damage":12,"enemies":"Gremlin Gang","floor":11,"turns":3}],"seed_played":"-1980126641896638243","potions_obtained":[{"floor":4.0,"key":"PowerPotion"},{"floor":6.0,"key":"SpeedPotion"}],"is_trial":false,"path_per_floor":["M","$","M","M","?","E","?","R","T","M","M"],"character_chosen":"THE_SILENT","items_purchased":[],"campfire_rested":1,"item_purchase_floors":[],"current_hp_per_floor":[59,59,59,59,59,1,1,20,20,20,8],"gold":162,"neow_bonus":"BOSS_RELIC","is_prod":false,"is_daily":false,"chose_seed":false,"campfire_upgraded":0,"win_rate":0,"timestamp":1545902264,"path_taken":["M","$","M","M","?","E","?","R","T","M","M"],"build_version":"2018-12-20","purchased_purges":1,"victory":false,"max_hp_per_floor":[66,66,66,66,66,66,66,66,66,66,66],"card_choices":[{"not_picked":["Poisoned Stab","Backstab","Slice"],"picked":"SKIP","floor":1.0},{"not_picked":["Poisoned Stab","Dagger Spray"],"picked":"Backflip","floor":3.0},{"not_picked":["Poisoned Stab","Sucker Punch","Crippling Poison"],"picked":"SKIP","floor":4.0},{"not_picked":["Sucker Punch","Deflect"],"picked":"Well Laid Plans","floor":6.0},{"not_picked":["Blur","Escape Plan"],"picked":"Footwork","floor":8.0},{"not_picked":["Bane","Bouncing Flask","Quick Slash"],"picked":"SKIP","floor":10.0}],"player_experience":1526521,"relics_obtained":[{"floor":6.0,"key":"Dream Catcher"},{"floor":9.0,"key":"Smiling Mask"}],"event_choices":[{"damage_healed":0.0,"max_hp_gain":0.0,"max_hp_loss":0.0,"gold_gain":0.0,"event_name":"Liars Game","player_choice":"Ignored","floor":5.0,"gold_loss":0.0,"damage_taken":0.0},{"cards_removed":["Strike_G"],"damage_healed":0.0,"max_hp_gain":0.0,"max_hp_loss":0.0,"gold_gain":0.0,"event_name":"Wheel of Change","player_choice":"Card Removal","floor":7.0,"gold_loss":0.0,"damage_taken":0.0}],"is_beta":false,"boss_relics":[],"items_purged_floors":[2],"is_endless":false,"potions_floor_spawned":[4,6],"killed_by":"Gremlin Gang","ascension_level":20}