{"gold_per_floor":[115,65,65,83,101,101,111,111,111,121,121,139,139,64,64,166,166,186,546,446,463,338,338,348,381,405,505,505,536,536,546,546,646,646,665,665,675,675,690,690,718,718,718,149,149,149,149,176,176,176],"floor_reached":51,"playtime":4561,"items_purged":["Strike_R","Strike_R","Strike_R","Defend_R+1"],"score":1031,"play_id":"0375a2d7-0983-45d8-a789-5f550ead1c68","local_time":"20190620002207","is_ascension_mode":false,"campfire_choices":[{"data":"True Grit","floor":6.0,"key":"SMITH"},{"data":"Searing Blow","floor":8,"key":"SMITH"},{"data":"Searing Blow+1","floor":11,"key":"SMITH"},{"data":"Searing Blow+2","floor":13,"key":"SMITH"},{"data":"Searing Blow+3","floor":15,"key":"SMITH"},{"data":"Searing Blow+4","floor":23,"key":"SMITH"},{"data":"Searing Blow+5","floor":28,"key":"SMITH"},{"data":"Searing Blow+6","floor":30,"key":"SMITH"},{"data":"Searing Blow+7","floor":32,"key":"SMITH"},{"data":"Searing Blow+9","floor":40,"key":"SMITH"},{"data":"Searing Blow+10","floor":42,"key":"SMITH"},{"data":"Searing Blow+11","floor":45,"key":"SMITH"},{"data":"Searing Blow+12","floor":49,"key":"SMITH"}],"neow_cost":"CURSE","seed_source_timestamp":47983102429249,"circlet_count":0,"master_deck":["Defend_R+1","Defend_R+1","Bash+1","Impervious+1","Flame Barrier+1","True Grit+1","Inflame+1","Barricade+1","Searing Blow+13","Offering+1","Shockwave+1","Master of Strategy+1"],"special_seed":0,"relics":["Burning Blood","Kunai","Mummified Hand","Sozu","Lantern","Pen Nib","Prayer Wheel","Molten Egg 2","War Paint","Coffee Dripper","Mark of the Bloom","Toxic Egg 2","Ornamental Fan","Dodecahedron","Ancient Tea Set"],"potions_floor_usage":[50],"damage_taken":[{"damage":4.0,"enemies":"Cultist","floor":1.0,"turns":5.0},{"damage":0.0,"enemies":"Small Slimes","floor":4.0,"turns":5.0},{"damage":0.0,"enemies":"Jaw Worm","floor":5.0,"turns":5.0},{"damage":10,"enemies":"Looter","floor":7,"turns":4},{"damage":13,"enemies":"Gremlin Gang","floor":10,"turns":5},{"damage":1,"enemies":"Large Slime","floor":12,"turns":6},{"damage":0,"enemies":"Hexaghost","floor":16,"turns":16},{"damage":10,"enemies":"2 Thieves","floor":18,"turns":5},{"damage":11,"enemies":"Spheric Guardian","floor":21,"turns":5},{"damage":0,"enemies":"Snecko","floor":24,"turns":3},{"damage":6,"enemies":"Book of Stabbing","floor":25,"turns":4},{"damage":0,"enemies":"Colosseum Slavers","floor":27,"turns":4},{"damage":6,"enemies":"Colosseum Nobs","floor":27,"turns":7},{"damage":6,"enemies":"Gremlin Leader","floor":29,"turns":5},{"damage":0,"enemies":"3 Cultists","floor":31,"turns":7},{"damage":50,"enemies":"Collector","floor":33,"turns":7},{"damage":6,"enemies":"3 Shapes","floor":35,"turns":3},{"damage":0,"enemies":"Orb Walker","floor":37,"turns":2},{"damage":0,"enemies":"4 Shapes","floor":39,"turns":7},{"damage":0,"enemies":"Giant Head","floor":41,"turns":5},{"damage":0,"enemies":"Reptomancer","floor":48,"turns":2},{"damage":6,"enemies":"Time Eater","floor":50,"turns":1}],"seed_played":"2308542554012625223","potions_obtained":[{"floor":4.0,"key":"SpeedPotion"},{"floor":7,"key":"Swift Potion"},{"floor":16,"key":"EssenceOfSteel"}],"is_trial":false,"path_per_floor":["M","?","?","M","M","R","M","R","T","M","R","M","R","$","R","B",null,"M","?","$","M","$","R","M","E","T","?","R","E","R","M","R","B",null,"M","?","M","?","M","R","E","R","T","$","R","?","$","E","R","B",null],"character_chosen":"IRONCLAD","items_purchased":["Master of Strategy+1","Dodecahedron"],"campfire_rested":0,"item_purchase_floors":[44,44],"current_hp_per_floor":[80,77,65,71,77,77,73,73,73,66,66,71,71,71,71,77,77,73,38,38,33,33,33,39,39,39,45,45,45,45,51,51,7,77,77,77,77,77,77,77,77,77,77,77,77,73,73,73,73,67],"gold":176,"neow_bonus":"TRANSFORM_TWO_CARDS","is_prod":false,"is_daily":false,"chose_seed":false,"campfire_upgraded":13,"win_rate":0,"timestamp":1560961327,"path_taken":["M","?","?","?","M","R","M","R","T","M","R","M","R","$","R","BOSS","M","?","$","M","$","R","?","E","T","?","R","E","R","M","R","BOSS","M","?","M","?","M","R","E","R","T","?","R","?","$","E","R","BOSS"],"build_version":"2019-01-23","purchased_purges":4,"victory":true,"max_hp_per_floor":[80,77,77,77,77,77,77,77,77,77,77,77,77,77,77,77,77,77,77,77,77,77,77,77,77,77,77,77,77,77,77,77,77,77,77,77,77,77,77,77,77,77,77,77,77,73,73,73,73,73],"card_choices":[{"not_picked":["Pommel Strike","Shrug It Off"],"picked":"True Grit","floor":1.0},{"not_picked":["Wild Strike","Hemokinesis"],"picked":"Inflame","floor":4.0},{"not_picked":["Sword Boomerang","Warcry"],"picked":"Barricade","floor":5.0},{"not_picked":["Fire Breathing","Clothesline"],"picked":"Searing Blow","floor":7},{"not_picked":["Rage","Sever Soul","Searing Blow"],"picked":"SKIP","floor":10},{"not_picked":["Cleave","Flex","Perfected Strike"],"picked":"SKIP","floor":12},{"not_picked":["Fiend Fire","Demon Form"],"picked":"Offering","floor":16},{"not_picked":["Bloodletting","Clash","Seeing Red"],"picked":"SKIP","floor":18},{"not_picked":["Shrug It Off","Reckless Charge+1","Heavy Blade"],"picked":"SKIP","floor":21},{"not_picked":["Entrench","Anger"],"picked":"Shockwave+1","floor":24},{"not_picked":["Body Slam","Wild Strike","Inflame"],"picked":"SKIP","floor":25},{"not_picked":["Warcry+1","Seeing Red","Disarm"],"picked":"SKIP","floor":29},{"not_picked":["Armaments+1","Burning Pact","Rupture"],"picked":"SKIP","floor":31},{"not_picked":["Sentinel+1","Warcry","Cleave+1"],"picked":"SKIP","floor":31},{"not_picked":["Thunderclap+1","Bloodletting+1","Cleave+1"],"picked":"SKIP","floor":35},{"not_picked":["Headbutt+1","Blood for Blood+1","Disarm+1"],"picked":"SKIP","floor":35},{"not_picked":["Pommel Strike+1","Cleave+1","True Grit+1"],"picked":"SKIP","floor":37},{"not_picked":["Reaper+1","Wild Strike+1","Thunderclap+1"],"picked":"SKIP","floor":37},{"not_picked":["Sentinel+1","Perfected Strike+1","Pommel Strike+1"],"picked":"SKIP","floor":39},{"not_picked":["Thunderclap+1","Flame Barrier+1","Seeing Red"],"picked":"SKIP","floor":39},{"not_picked":["Disarm","Limit Break","Inflame"],"picked":"SKIP","floor":41},{"not_picked":["Twin Strike+1","Heavy Blade+1","Clash+1"],"picked":"SKIP","floor":48}],"player_experience":5478422,"relics_obtained":[{"floor":9,"key":"Mummified Hand"},{"floor":25,"key":"Lantern"},{"floor":26,"key":"Pen Nib"},{"floor":27,"key":"Prayer Wheel"},{"floor":27,"key":"Molten Egg 2"},{"floor":29,"key":"War Paint"},{"floor":41,"key":"Toxic Egg 2"},{"floor":43,"key":"Ornamental Fan"},{"floor":48,"key":"Ancient Tea Set"}],"event_choices":[{"cards_removed":["Parasite"],"damage_healed":0.0,"max_hp_gain":0.0,"max_hp_loss":0.0,"gold_gain":0.0,"event_name":"The Cleric","player_choice":"Card Removal","floor":2.0,"gold_loss":50.0,"damage_taken":0.0},{"damage_healed":0.0,"max_hp_gain":0.0,"max_hp_loss":0.0,"gold_gain":0.0,"event_name":"Scrap Ooze","player_choice":"Success","floor":3.0,"gold_loss":0.0,"damage_taken":12.0,"relics_obtained":["Kunai"]},{"damage_healed":0,"gold_gain":360,"player_choice":"GOLD GOLD GOLD GOLD ","damage_taken":35,"max_hp_gain":0,"max_hp_loss":0,"event_name":"Knowing Skull","floor":19,"potions_obtained":[],"gold_loss":0,"cards_obtained":[]},{"damage_healed":0,"gold_gain":0,"player_choice":"Fight","damage_taken":0,"max_hp_gain":0,"max_hp_loss":0,"event_name":"Colosseum","floor":27,"gold_loss":0},{"damage_healed":0,"gold_gain":0,"player_choice":"Fought Nobs","damage_taken":0,"max_hp_gain":0,"max_hp_loss":0,"event_name":"Colosseum","floor":27,"gold_loss":0},{"damage_healed":0,"gold_gain":0,"player_choice":"Upgrade","damage_taken":0,"relics_obtained":["Mark of the Bloom"],"max_hp_gain":0,"max_hp_loss":0,"event_name":"MindBloom","floor":36,"gold_loss":0,"cards_upgraded":["Defend_R","Defend_R","Defend_R","Bash","Impervious","Flame Barrier","Inflame","Barricade","Searing Blow"]},{"cards_removed":["Defend_R"],"damage_healed":0,"gold_gain":0,"player_choice":"Removed Skill","damage_taken":0,"max_hp_gain":0,"max_hp_loss":0,"event_name":"Falling","floor":38,"gold_loss":0},{"damage_healed":0,"gold_gain":0,"player_choice":"Max HP","damage_taken":0,"max_hp_gain":0,"max_hp_loss":4,"event_name":"Winding Halls","floor":46,"gold_loss":0}],"is_beta":false,"boss_relics":[{"not_picked":["Fusion Hammer","Lizard Tail"],"picked":"Sozu"},{"not_picked":["Velvet Choker","Snecko Eye"],"picked":"Coffee Dripper"}],"items_purged_floors":[14,20,22,44],"is_endless":false,"potions_floor_spawned":[4,7,16,18,25,27,29,35,37,41],"ascension_level":0}