{"gold_per_floor":[115,115,115,265,278,303,333,345,345,345,345,41,53,65,65,144,144,161,161,161,179,3,28,28,44,68,87,87,87],"floor_reached":29,"playtime":806,"items_purged":["Doubt","Writhe"],"score":536,"play_id":"b27803c6-99ec-4a3d-bc43-0990c6cb0127","local_time":"20190328140415","is_ascension_mode":true,"campfire_choices":[{"data":"Defragment","floor":10.0,"key":"SMITH"},{"data":"Loop","floor":15.0,"key":"SMITH"},{"data":"Bullet Time","floor":24.0,"key":"SMITH"},{"data":"Hologram","floor":28,"key":"SMITH"}],"neow_cost":"NONE","seed_source_timestamp":9228312114141,"circlet_count":0,"master_deck":["AscendersBane","Strike_B","Strike_B+1","Defend_B","Defend_B+1","Defend_B","Defend_B","Zap","Dualcast","Capacitor","Gash","Rip and Tear","Defragment+1","Loop+1","Bullet Time+1","Magnetism","Expertise+1","Electrodynamics","Hologram+1","Chill","Impervious"],"special_seed":0,"relics":["Cracked Core","NeowsBlessing","Blood Vial","Tiny Chest","Meat on the Bone","Pocketwatch","PrismaticShard","Cursed Key","Pear","Omamori","Potion Belt"],"potions_floor_usage":[27],"damage_taken":[{"damage":0.0,"enemies":"Jaw Worm","floor":1.0,"turns":1.0},{"damage":0.0,"enemies":"2 Louse","floor":5.0,"turns":1.0},{"damage":0.0,"enemies":"Lagavulin","floor":6.0,"turns":1.0},{"damage":0.0,"enemies":"Cultist","floor":8.0,"turns":3.0},{"damage":15.0,"enemies":"Looter","floor":13.0,"turns":4.0},{"damage":4.0,"enemies":"2 Fungi Beasts","floor":14.0,"turns":4.0},{"damage":33.0,"enemies":"Slime Boss","floor":16.0,"turns":5.0},{"damage":10.0,"enemies":"Chosen","floor":18.0,"turns":5.0},{"damage":32.0,"enemies":"Shell Parasite","floor":21.0,"turns":4.0},{"damage":43.0,"enemies":"Book of Stabbing","floor":23.0,"turns":5.0},{"damage":4.0,"enemies":"Snecko","floor":25.0,"turns":6.0},{"damage":4,"enemies":"Cultist and Chosen","floor":27,"turns":5},{"damage":36,"enemies":"Slavers","floor":29,"turns":2}],"seed_played":"9062552729599818653","potions_obtained":[{"floor":1.0,"key":"FearPotion"},{"floor":5.0,"key":"SteroidPotion"},{"floor":8.0,"key":"AttackPotion"},{"floor":18.0,"key":"Swift Potion"},{"floor":25.0,"key":"Swift Potion"}],"is_trial":false,"path_per_floor":["M","?","?","?","M","E","T","M","T","R","T","$","M","M","R","B",null,"M","?","?","M","$","E","R","M","T","M","R","E"],"character_chosen":"DEFECT","items_purchased":["PrismaticShard","Chill"],"campfire_rested":0,"item_purchase_floors":[12,22],"current_hp_per_floor":[64,43,43,43,43,43,43,45,45,45,45,45,44,42,42,23,59,51,61,61,43,43,14,14,24,24,34,34,0],"gold":87,"neow_bonus":"THREE_ENEMY_KILL","is_prod":false,"is_daily":false,"chose_seed":false,"campfire_upgraded":4,"win_rate":0,"timestamp":1553753055,"path_taken":["M","?","?","?","?","E","?","M","T","R","?","$","?","M","R","BOSS","M","?","?","?","$","E","R","M","T","?","R","E"],"build_version":"2019-01-23","purchased_purges":2,"victory":false,"max_hp_per_floor":[71,71,71,71,71,71,71,71,71,71,71,71,71,71,71,71,71,71,81,81,81,81,81,81,81,81,81,81,81],"card_choices":[{"not_picked":["Stack","Beam Cell"],"picked":"Capacitor","floor":1.0},{"not_picked":["Redo","Rebound"],"picked":"Rip and Tear","floor":5.0},{"not_picked":["Consume","Redo"],"picked":"Defragment","floor":6.0},{"not_picked":["Reprogram","Steam Power"],"picked":"Loop","floor":8.0},{"not_picked":["Hemokinesis","Flying Knee","Heavy Blade"],"picked":"SKIP","floor":13.0},{"not_picked":["Doom and Gloom","Leap"],"picked":"Bullet Time","floor":14.0},{"not_picked":["Dark Embrace","The Bomb"],"picked":"Magnetism","floor":16.0},{"not_picked":["Doom and Gloom","Ball Lightning"],"picked":"Expertise+1","floor":18.0},{"not_picked":["Anger","Beam Cell"],"picked":"Hologram","floor":21.0},{"not_picked":["Quick Slash","Acrobatics+1"],"picked":"Impervious","floor":23.0},{"not_picked":["Leap","Flying Knee","Pommel Strike"],"picked":"SKIP","floor":25.0},{"not_picked":["Choke","Fire Breathing","Flex"],"picked":"SKIP","floor":27}],"player_experience":3923466,"relics_obtained":[{"floor":6.0,"key":"Blood Vial"},{"floor":7.0,"key":"Tiny Chest"},{"floor":9.0,"key":"Meat on the Bone"},{"floor":11.0,"key":"Pocketwatch"},{"floor":23.0,"key":"Omamori"},{"floor":26.0,"key":"Potion Belt"}],"event_choices":[{"damage_healed":0.0,"max_hp_gain":0.0,"max_hp_loss":0.0,"gold_gain":0.0,"event_name":"Shining Light","player_choice":"Entered Light","floor":2.0,"gold_loss":0.0,"damage_taken":21.0,"cards_upgraded":["Defend_B","Strike_B"]},{"damage_healed":0.0,"max_hp_gain":0.0,"max_hp_loss":0.0,"gold_gain":0.0,"cards_transformed":["Strike_B"],"event_name":"Living Wall","player_choice":"Change","floor":3.0,"gold_loss":0.0,"damage_taken":0.0,"cards_obtained":["Gash"]},{"damage_healed":0.0,"max_hp_gain":0.0,"max_hp_loss":0.0,"gold_gain":150.0,"event_name":"Liars Game","player_choice":"AGREE","floor":4.0,"gold_loss":0.0,"damage_taken":0.0,"cards_obtained":["Doubt"]},{"damage_healed":0.0,"max_hp_gain":0.0,"max_hp_loss":0.0,"gold_gain":0.0,"event_name":"The Mausoleum","player_choice":"Opened","floor":19.0,"gold_loss":0.0,"damage_taken":0.0,"relics_obtained":["Pear"],"cards_obtained":["Writhe"]},{"damage_healed":0.0,"max_hp_gain":0.0,"max_hp_loss":0.0,"gold_gain":0.0,"cards_transformed":["Strike_B"],"event_name":"Transmorgrifier","player_choice":"Transformed","floor":20.0,"gold_loss":0.0,"damage_taken":0.0,"cards_obtained":["Electrodynamics"]}],"is_beta":false,"boss_relics":[{"not_picked":["Fusion Hammer","Black Star"],"picked":"Cursed Key"}],"items_purged_floors":[12,22],"is_endless":false,"potions_floor_spawned":[1,5,8,13,18,25],"killed_by":"Slavers","ascension_level":20}