{"gold_per_floor":[112,122,149,24,43,43,58,58,136,50,50,75,75,91,91,91],"floor_reached":16,"playtime":590,"items_purged":[],"score":200,"play_id":"9f6a6cae-5ddd-4e33-b0fe-d268593cf5c1","local_time":"20190119135412","is_ascension_mode":true,"campfire_choices":[{"data":"Dualcast","floor":6.0,"key":"SMITH"},{"data":"Zap","floor":8.0,"key":"SMITH"},{"data":"Heatsinks","floor":11.0,"key":"SMITH"},{"data":"Coolheaded","floor":13,"key":"SMITH"},{"data":"Glacier","floor":15,"key":"SMITH"}],"neow_cost":"TEN_PERCENT_HP_LOSS","seed_source_timestamp":5245486907992,"circlet_count":0,"master_deck":["AscendersBane","Strike_B","Strike_B","Defend_B","Defend_B","Defend_B","Defend_B","Zap+1","Dualcast+1","BootSequence","Heatsinks+1","All For One","Gash","Creative AI+1","Coolheaded+1","Glacier+1"],"special_seed":0,"relics":["Cracked Core","Frozen Egg 2","Matryoshka"],"potions_floor_usage":[16],"damage_taken":[{"damage":1.0,"enemies":"Cultist","floor":1.0,"turns":3.0},{"damage":4.0,"enemies":"2 Louse","floor":2.0,"turns":3.0},{"damage":2.0,"enemies":"Jaw Worm","floor":5.0,"turns":4.0},{"damage":6.0,"enemies":"3 Louse","floor":7.0,"turns":4.0},{"damage":14.0,"enemies":"Gremlin Nob","floor":12.0,"turns":3.0},{"damage":7,"enemies":"Exordium Wildlife","floor":14,"turns":5},{"damage":0,"enemies":"The Guardian","floor":16,"turns":2}],"seed_played":"6547534200661869857","potions_obtained":[{"floor":1.0,"key":"AttackPotion"},{"floor":2.0,"key":"Dexterity Potion"},{"floor":14,"key":"Fire Potion"}],"is_trial":false,"path_per_floor":["M","M","T","$","M","R","M","R","T","$","R","E","R","M","R","B"],"character_chosen":"DEFECT","items_purchased":["All For One","Gash","Creative AI+1"],"campfire_rested":0,"item_purchase_floors":[4,4,10],"current_hp_per_floor":[63,59,59,59,57,57,51,51,51,51,51,37,37,30,30,30],"gold":91,"neow_bonus":"TRANSFORM_TWO_CARDS","is_prod":false,"is_daily":false,"chose_seed":false,"campfire_upgraded":5,"win_rate":0,"timestamp":1547877252,"path_taken":["M","M","?","$","M","R","?","R","T","$","R","E","R","M","R","BOSS"],"build_version":"2019-01-17v2","purchased_purges":0,"victory":false,"max_hp_per_floor":[64,64,64,64,64,64,64,64,64,64,64,64,64,64,64,64],"card_choices":[{"not_picked":["Aggregate","Barrage","Conserve Battery"],"picked":"SKIP","floor":1.0},{"not_picked":["Redo","Reprogram","Go for the Eyes"],"picked":"SKIP","floor":2.0},{"not_picked":["Tempest","Ball Lightning","Hello World"],"picked":"SKIP","floor":5.0},{"not_picked":["Rebound","Streamline","Redo"],"picked":"SKIP","floor":7.0},{"not_picked":["Compile Driver","Reinforced Body"],"picked":"Coolheaded","floor":12},{"not_picked":["Lockon","Turbo"],"picked":"Glacier","floor":14}],"player_experience":2027210,"relics_obtained":[{"floor":9.0,"key":"Frozen Egg 2"},{"floor":12,"key":"Matryoshka"}],"event_choices":[],"is_beta":false,"boss_relics":[],"items_purged_floors":[],"is_endless":false,"potions_floor_spawned":[1,2,14],"killed_by":"The Guardian","ascension_level":20}