{"gold_per_floor":[117,127,52,70,88,88,103,103,103,118,132,161,26,46,46,148,148,161,173,98,98,98,98,132,132,132,147,165,165,183,198,198,294,294,307,58,58,75,87,87,101,115,141,141,152,48,48,48,48,48],"floor_reached":51,"playtime":1776,"items_purged":["Strike_G","Defend_G"],"score":750,"play_id":"d456f8e4-6fd2-41a1-a26c-8892fcadd839","local_time":"20181018171633","is_ascension_mode":false,"campfire_choices":[{"data":"Noxious Fumes","floor":6.0,"key":"SMITH"},{"data":"Catalyst","floor":8.0,"key":"SMITH"},{"data":"Night Terror","floor":15.0,"key":"SMITH"},{"floor":23.0,"key":"REST"},{"data":"Well Laid Plans","floor":25.0,"key":"SMITH"},{"floor":29.0,"key":"REST"},{"floor":32.0,"key":"REST"},{"floor":40.0,"key":"REST"},{"floor":47,"key":"REST"},{"data":"Impatience","floor":49,"key":"SMITH"}],"neow_cost":"TEN_PERCENT_HP_LOSS","seed_source_timestamp":29694917779665,"circlet_count":0,"master_deck":["Defend_G+1","Defend_G+1","Defend_G","Defend_G","Survivor","Neutralize","Night Terror+1","Infinite Blades","Catalyst+1","Noxious Fumes+1","Well Laid Plans+1","Noxious Fumes","Corpse Explosion","Malaise","Tactician+1","Night Terror","Deadly Poison+1","Impatience+1","Doubt"],"special_seed":0,"relics":["Ring of the Snake","Ornamental Fan","Pen Nib","HoveringKite","Mummified Hand","PreservedInsect","Busted Crown","War Paint","Blood Vial"],"potions_floor_usage":[42,45,50,50,50],"damage_taken":[{"damage":3.0,"enemies":"Cultist","floor":1.0,"turns":6.0},{"damage":7.0,"enemies":"Small Slimes","floor":2.0,"turns":4.0},{"damage":0.0,"enemies":"2 Louse","floor":4.0,"turns":4.0},{"damage":2.0,"enemies":"Blue Slaver","floor":5.0,"turns":5.0},{"damage":3.0,"enemies":"Large Slime","floor":7.0,"turns":8.0},{"damage":12.0,"enemies":"Lots of Slimes","floor":10.0,"turns":4.0},{"damage":4.0,"enemies":"Looter","floor":11.0,"turns":5.0},{"damage":0.0,"enemies":"Lagavulin","floor":12.0,"turns":4.0},{"damage":10.0,"enemies":"3 Louse","floor":14.0,"turns":3.0},{"damage":6.0,"enemies":"Hexaghost","floor":16.0,"turns":4.0},{"damage":13.0,"enemies":"Shell Parasite","floor":18.0,"turns":6.0},{"damage":12.0,"enemies":"Spheric Guardian","floor":19.0,"turns":4.0},{"damage":0.0,"enemies":"Slavers","floor":24.0,"turns":2.0},{"damage":16.0,"enemies":"Centurion and Healer","floor":27.0,"turns":6.0},{"damage":3.0,"enemies":"Snake Plant","floor":28.0,"turns":5.0},{"damage":15.0,"enemies":"Shelled Parasite and Fungi","floor":30.0,"turns":5.0},{"damage":0.0,"enemies":"3 Cultists","floor":31.0,"turns":2.0},{"damage":25.0,"enemies":"Automaton","floor":33.0,"turns":4.0},{"damage":4.0,"enemies":"3 Shapes","floor":35.0,"turns":3.0},{"damage":19.0,"enemies":"3 Darklings","floor":38.0,"turns":4.0},{"damage":2.0,"enemies":"4 Shapes","floor":39.0,"turns":4.0},{"damage":20.0,"enemies":"Spire Growth","floor":41.0,"turns":3.0},{"damage":10,"enemies":"Sphere and 2 Shapes","floor":42,"turns":3},{"damage":14,"enemies":"Maw","floor":45,"turns":4},{"damage":46,"enemies":"Donu and Deca","floor":50,"turns":3}],"seed_played":"-6578077554373018719","potions_obtained":[{"floor":2.0,"key":"SpeedPotion"},{"floor":4.0,"key":"SkillPotion"},{"floor":10.0,"key":"Weak Potion"},{"floor":11.0,"key":"Poison Potion"},{"floor":12.0,"key":"Dexterity Potion"},{"floor":24.0,"key":"Dexterity Potion"},{"floor":33.0,"key":"EssenceOfSteel"},{"floor":38.0,"key":"Poison Potion"},{"floor":42,"key":"SkillPotion"},{"floor":45,"key":"Strength Potion"}],"is_trial":false,"path_per_floor":["M","M","$","M","M","R","M","R","T","M","M","E","$","M","R","B",null,"M","M","?","?","?","R","E","R","T","M","M","R","M","M","R","B",null,"M","$","?","M","M","R","M","M","T","?","M","$","R","?","R","B"],"character_chosen":"THE_SILENT","items_purchased":["Corpse Explosion","War Paint","Impatience"],"campfire_rested":5,"item_purchase_floors":[13,36,46],"current_hp_per_floor":[60,53,53,53,51,51,48,48,48,36,32,32,32,22,22,16,63,50,38,38,38,38,56,56,56,56,40,37,55,40,40,58,33,63,59,59,59,40,38,56,36,26,26,26,14,14,32,60,60,14],"gold":48,"neow_bonus":"THREE_RARE_CARDS","is_prod":false,"is_daily":false,"chose_seed":false,"campfire_upgraded":5,"win_rate":0,"timestamp":1539854193,"path_taken":["M","M","$","M","M","R","M","R","T","M","M","E","$","M","R","BOSS","M","?","?","?","?","R","E","R","T","M","M","R","M","M","R","BOSS","M","$","?","M","?","R","M","M","T","?","M","$","R","?","R","BOSS"],"build_version":"2018-10-11","purchased_purges":2,"victory":true,"max_hp_per_floor":[63,63,63,63,63,63,63,63,63,63,63,63,63,63,63,63,63,63,63,63,63,63,63,63,63,63,63,63,63,63,63,63,63,63,63,63,60,60,60,60,60,60,60,60,60,60,60,60,60,60],"card_choices":[{"not_picked":["Burst","Doppelganger"],"picked":"Night Terror","floor":0.0},{"not_picked":["Flying Knee","Expertise"],"picked":"Infinite Blades","floor":1.0},{"not_picked":["Riddle With Holes","Outmaneuver"],"picked":"Catalyst","floor":2.0},{"not_picked":["Dodge and Roll","Acrobatics","Reflex"],"picked":"SKIP","floor":4.0},{"not_picked":["Slice","Infinite Blades"],"picked":"Noxious Fumes","floor":5.0},{"not_picked":["Backstab","Skewer","Bane"],"picked":"SKIP","floor":7.0},{"not_picked":["Poisoned Stab","Eviscerate"],"picked":"Well Laid Plans","floor":10.0},{"not_picked":["Acrobatics","Outmaneuver","Flying Knee"],"picked":"SKIP","floor":11.0},{"not_picked":["Sucker Punch","Cloak And Dagger"],"picked":"Noxious Fumes","floor":12.0},{"not_picked":["Distraction","Underhanded Strike","Dagger Throw"],"picked":"SKIP","floor":14.0},{"not_picked":["Unload","Venomology"],"picked":"Malaise","floor":16.0},{"not_picked":["Sucker Punch","Deflect","Backstab"],"picked":"SKIP","floor":18.0},{"not_picked":["Dodge and Roll","Riddle With Holes","Quick Slash"],"picked":"SKIP","floor":19.0},{"not_picked":["Dodge and Roll+1","PiercingWail"],"picked":"Tactician+1","floor":24.0},{"not_picked":["Concentrate+1","Underhanded Strike","Grand Finale"],"picked":"SKIP","floor":27.0},{"not_picked":["Skewer","PiercingWail","Deflect"],"picked":"SKIP","floor":28.0},{"not_picked":["Masterful Stab+1","Heel Hook","Eviscerate"],"picked":"SKIP","floor":30.0},{"not_picked":["Dagger Spray","Heel Hook","All Out Attack"],"picked":"SKIP","floor":31.0},{"not_picked":["Malaise","A Thousand Cuts"],"picked":"Night Terror","floor":33.0},{"not_picked":["Concentrate+1"],"picked":"SKIP","floor":35.0},{"not_picked":["Quick Slash+1"],"picked":"SKIP","floor":38.0},{"not_picked":["Sucker Punch"],"picked":"SKIP","floor":39.0},{"not_picked":["Flying Knee+1"],"picked":"SKIP","floor":41.0},{"not_picked":["Flying Knee+1"],"picked":"SKIP","floor":42},{"not_picked":[],"picked":"Deadly Poison+1","floor":45}],"player_experience":338978,"relics_obtained":[{"floor":9.0,"key":"Ornamental Fan"},{"floor":12.0,"key":"Pen Nib"},{"floor":24.0,"key":"Mummified Hand"},{"floor":26.0,"key":"PreservedInsect"},{"floor":43,"key":"Blood Vial"}],"event_choices":[{"event_name":"Beggar","player_choice":"Gave Gold","floor":20.0,"damage_taken":0.0},{"event_name":"Back to Basics","player_choice":"Elegance","floor":21.0,"damage_taken":0.0},{"event_name":"Purifier","player_choice":"One Purge","floor":22.0,"damage_taken":0.0},{"event_name":"Winding Halls","player_choice":"Max HP","floor":37.0,"damage_taken":0.0},{"event_name":"Falling","player_choice":"Removed Attack","floor":44,"damage_taken":0},{"event_name":"MindBloom","player_choice":"Heal","floor":48,"damage_taken":0}],"is_beta":false,"boss_relics":[{"not_picked":["Calling Bell","Orrery"],"picked":"HoveringKite"},{"not_picked":["Black Star","Philosopher\u0027s Stone"],"picked":"Busted Crown"}],"items_purged_floors":[3,36],"is_endless":false,"potions_floor_spawned":[2,4,10,11,12,18,24,33,38,42,45],"ascension_level":0}