{"gold_per_floor":[118,88,99,109,6,6,25,40,40,40,96,116,142,68,68,142,142,162,162,209,209,124,154,154,168,168,168,168,72,72,107,107,185,185,199,199,219,144,419,451,451,468,468,480,510,530,430,530,530,530,530,530,530,26,58,58],"floor_reached":57,"playtime":3124,"items_purged":["Whirlwind","Regret","Dual Wield"],"score":3387,"play_id":"7cbb00cf-da6d-40b8-b081-08e71157bcc2","local_time":"20190804142321","is_ascension_mode":true,"campfire_choices":[{"data":"True Grit","floor":6.0,"key":"SMITH"},{"data":"Armaments","floor":10.0,"key":"SMITH"},{"floor":15.0,"key":"REST"},{"data":"Havoc","floor":24.0,"key":"SMITH"},{"data":"Offering","floor":27.0,"key":"SMITH"},{"data":"Evolve","floor":32.0,"key":"SMITH"},{"data":"Deep Breath","floor":41.0,"key":"SMITH"},{"floor":49.0,"key":"RECALL"},{"data":"Deep Breath","floor":53,"key":"SMITH"}],"neow_cost":"NONE","seed_source_timestamp":586894273546191,"circlet_count":0,"master_deck":["AscendersBane","True Grit+1","Fire Breathing","Evolve+1","Seeing Red","Feed","Havoc+1","Armaments+1","Deep Breath+1","Offering+1","Shrug It Off","Deep Breath+1","Ghostly","Ghostly","Ghostly","Burning Pact+1","Warcry+1","Demon Form+1","Body Slam+1"],"special_seed":0,"relics":["Pandora\u0027s Box","Anchor","Tiny Chest","Kunai","Mark of Pain","Orichalcum","Meat on the Bone","Red Skull","Vajra","Blood Vial","Astrolabe","Matryoshka","Pen Nib","Sundial","Potion Belt","Pocketwatch","ClockworkSouvenir","Art of War","Gremlin Horn"],"potions_floor_usage":[51,51,51,56,56],"damage_taken":[{"damage":5.0,"enemies":"Small Slimes","floor":1.0,"turns":4.0},{"damage":6.0,"enemies":"Cultist","floor":3.0,"turns":4.0},{"damage":0.0,"enemies":"2 Louse","floor":4.0,"turns":1.0},{"damage":8.0,"enemies":"Looter","floor":7.0,"turns":3.0},{"damage":5.0,"enemies":"Exordium Wildlife","floor":8.0,"turns":3.0},{"damage":26.0,"enemies":"Lagavulin","floor":11.0,"turns":4.0},{"damage":13.0,"enemies":"Large Slime","floor":12.0,"turns":5.0},{"damage":6.0,"enemies":"Gremlin Nob","floor":13.0,"turns":2.0},{"damage":21.0,"enemies":"Slime Boss","floor":16.0,"turns":9.0},{"damage":0.0,"enemies":"3 Byrds","floor":18.0,"turns":3.0},{"damage":23.0,"enemies":"Book of Stabbing","floor":23.0,"turns":4.0},{"damage":6.0,"enemies":"Shell Parasite","floor":25.0,"turns":3.0},{"damage":11.0,"enemies":"Slavers","floor":31.0,"turns":6.0},{"damage":6.0,"enemies":"Collector","floor":33.0,"turns":16.0},{"damage":1.0,"enemies":"3 Shapes","floor":35.0,"turns":5.0},{"damage":1.0,"enemies":"Orb Walker","floor":37.0,"turns":3.0},{"damage":1.0,"enemies":"Giant Head","floor":40.0,"turns":3.0},{"damage":1.0,"enemies":"Writhing Mass","floor":42.0,"turns":4.0},{"damage":6.0,"enemies":"Jaw Worm Horde","floor":44.0,"turns":3.0},{"damage":3.0,"enemies":"Reptomancer","floor":45.0,"turns":3.0},{"damage":1.0,"enemies":"Sphere and 2 Shapes","floor":46.0,"turns":3.0},{"damage":6.0,"enemies":"Mind Bloom Boss Battle","floor":48.0,"turns":2.0},{"damage":1,"enemies":"Donu and Deca","floor":50,"turns":3},{"damage":1,"enemies":"Time Eater","floor":51,"turns":8},{"damage":1,"enemies":"Shield and Spear","floor":55,"turns":2},{"damage":1,"enemies":"The Heart","floor":56,"turns":6}],"seed_played":"-2743443112370525732","potions_obtained":[{"floor":2.0,"key":"SpeedPotion"},{"floor":2.0,"key":"Fire Potion"},{"floor":3.0,"key":"Fire Potion"},{"floor":18.0,"key":"EntropicBrew"},{"floor":25.0,"key":"FearPotion"},{"floor":37.0,"key":"AttackPotion"},{"floor":45.0,"key":"FearPotion"},{"floor":48.0,"key":"PowerPotion"},{"floor":55,"key":"Block Potion"}],"is_trial":false,"path_per_floor":["M","?","M","M","$","R","M","M","T","R","E","M","E","?","R","B",null,"M","?","T","?","?","E","R","M","T","R","T","$","?","E","R","B",null,"M","?","M","$","?","E","R","M","T","M","E","M","$","?","R","B","B",null,"R","$","E","B",null],"character_chosen":"IRONCLAD","items_purchased":["Deep Breath","Deep Breath","ClockworkSouvenir","Art of War"],"campfire_rested":1,"item_purchase_floors":[5,29,54,54],"current_hp_per_floor":[66,66,60,60,60,60,52,47,47,47,21,12,6,6,30,9,64,67,67,67,67,67,44,44,50,50,50,50,50,42,35,35,31,42,47,47,48,48,48,49,49,53,53,60,59,72,72,68,68,73,74,80,80,80,81,81],"gold":58,"neow_bonus":"BOSS_RELIC","is_prod":false,"is_daily":false,"chose_seed":false,"campfire_upgraded":7,"win_rate":0,"timestamp":1564896201,"path_taken":["M","?","M","M","$","R","M","?","T","R","E","M","E","?","R","BOSS","M","?","?","?","?","E","R","M","T","R","?","$","?","E","R","BOSS","M","?","?","?","?","E","R","M","T","M","E","?","$","?","R","BOSS","BOSS","R","$","E","BOSS"],"build_version":"2019-07-17","purchased_purges":3,"victory":true,"max_hp_per_floor":[78,78,78,78,78,78,78,78,78,78,78,82,82,82,82,82,82,85,85,85,85,85,85,85,85,85,85,85,85,42,46,46,46,46,50,50,50,50,50,50,50,54,54,66,66,78,78,78,78,82,82,82,82,82,82,82],"card_choices":[{"not_picked":["Headbutt","Sword Boomerang"],"picked":"Armaments","floor":1.0},{"not_picked":["Twin Strike","Perfected Strike","Flex"],"picked":"SKIP","floor":3.0},{"not_picked":["Disarm","Wild Strike","Warcry"],"picked":"SKIP","floor":4.0},{"not_picked":["Clash","Flex"],"picked":"Whirlwind","floor":7.0},{"not_picked":["Infernal Blade","Anger","Armaments"],"picked":"SKIP","floor":8.0},{"not_picked":["Headbutt","Twin Strike"],"picked":"Offering","floor":11.0},{"not_picked":["Warcry","Havoc"],"picked":"Shrug It Off","floor":12.0},{"not_picked":["Bludgeon","Metallicize","Wild Strike"],"picked":"SKIP","floor":13.0},{"not_picked":["Demon Form","Brutality"],"picked":"Immolate","floor":16.0},{"not_picked":["Warcry","Headbutt","Flex"],"picked":"SKIP","floor":18.0},{"not_picked":["Entrench","Carnage","Twin Strike+1"],"picked":"SKIP","floor":23.0},{"not_picked":["Flex","Headbutt","Anger"],"picked":"SKIP","floor":25.0},{"not_picked":["Entrench","Fire Breathing","Whirlwind"],"picked":"SKIP","floor":31.0},{"not_picked":["Bloodletting+1","Warcry"],"picked":"Body Slam","floor":35.0},{"not_picked":["Clash+1","Clothesline","Havoc"],"picked":"SKIP","floor":37.0},{"not_picked":["Anger","Shrug It Off","Infernal Blade"],"picked":"SKIP","floor":40.0},{"not_picked":["Rupture","Demon Form","Combust"],"picked":"SKIP","floor":42.0},{"not_picked":["Iron Wave","Cleave","Clothesline"],"picked":"SKIP","floor":44.0},{"not_picked":["Clothesline","Thunderclap","Intimidate"],"picked":"SKIP","floor":45.0},{"not_picked":["Twin Strike+1","Immolate","Dual Wield"],"picked":"SKIP","floor":46.0},{"not_picked":["Searing Blow","Sword Boomerang","Disarm"],"picked":"SKIP","floor":55}],"player_experience":753524,"relics_obtained":[{"floor":9.0,"key":"Anchor"},{"floor":11.0,"key":"Tiny Chest"},{"floor":13.0,"key":"Kunai"},{"floor":20.0,"key":"Orichalcum"},{"floor":23.0,"key":"Red Skull"},{"floor":28.0,"key":"Vajra"},{"floor":31.0,"key":"Blood Vial"},{"floor":40.0,"key":"Matryoshka"},{"floor":43.0,"key":"Pen Nib"},{"floor":43.0,"key":"Sundial"},{"floor":45.0,"key":"Potion Belt"},{"floor":48.0,"key":"Pocketwatch"},{"floor":55,"key":"Gremlin Horn"}],"event_choices":[{"damage_healed":0.0,"max_hp_gain":0.0,"max_hp_loss":0.0,"gold_gain":0.0,"event_name":"The Woman in Blue","player_choice":"Bought 2 Potions","floor":2.0,"gold_loss":0.0,"damage_taken":0.0},{"damage_healed":0.0,"max_hp_gain":0.0,"max_hp_loss":0.0,"gold_gain":0.0,"event_name":"World of Goop","player_choice":"Left Gold","floor":14.0,"gold_loss":74.0,"damage_taken":0.0},{"damage_healed":0.0,"max_hp_gain":0.0,"max_hp_loss":0.0,"gold_gain":0.0,"event_name":"Vampires","player_choice":"Ignored","floor":19.0,"gold_loss":0.0,"damage_taken":0.0},{"cards_removed":["Clash"],"damage_healed":0.0,"max_hp_gain":0.0,"max_hp_loss":0.0,"gold_gain":0.0,"event_name":"Back to Basics","player_choice":"Elegance","floor":21.0,"gold_loss":0.0,"damage_taken":0.0},{"damage_healed":0.0,"max_hp_gain":0.0,"max_hp_loss":0.0,"gold_gain":0.0,"event_name":"Addict","player_choice":"Obtained Relic","floor":22.0,"gold_loss":85.0,"damage_taken":0.0,"relics_obtained":["Meat on the Bone"]},{"damage_healed":0.0,"max_hp_gain":0.0,"max_hp_loss":43.0,"gold_gain":0.0,"event_name":"Ghosts","player_choice":"Became a Ghost","floor":30.0,"gold_loss":0.0,"damage_taken":0.0,"cards_obtained":["Ghostly","Ghostly","Ghostly"]},{"damage_healed":0.0,"max_hp_gain":0.0,"max_hp_loss":0.0,"gold_gain":0.0,"event_name":"Accursed Blacksmith","player_choice":"Forge","floor":36.0,"gold_loss":0.0,"damage_taken":0.0,"cards_upgraded":["Body Slam"]},{"damage_healed":0.0,"max_hp_gain":0.0,"max_hp_loss":0.0,"gold_gain":275.0,"event_name":"Golden Shrine","player_choice":"Desecrate","floor":39.0,"gold_loss":0.0,"damage_taken":0.0,"cards_obtained":["Regret"]},{"damage_healed":0.0,"max_hp_gain":0.0,"max_hp_loss":0.0,"gold_gain":0.0,"event_name":"MindBloom","player_choice":"Fight","floor":48.0,"gold_loss":0.0,"damage_taken":0.0}],"is_beta":false,"boss_relics":[{"not_picked":["Coffee Dripper","Tiny House"],"picked":"Mark of Pain"},{"not_picked":["Calling Bell","Sozu"],"picked":"Astrolabe"}],"items_purged_floors":[38,47,54],"is_endless":false,"potions_floor_spawned":[3,7,11,12,18,25,37,40,42,45,48,55],"ascension_level":20}