{"gold_per_floor":[111,111,35,50,62,62,93,106,133,133,158,170,170,188,188,188],"floor_reached":16,"playtime":362,"items_purged":[],"score":224,"play_id":"4c09f814-0a53-4dc1-895a-9ee912700542","local_time":"20190101004538","is_ascension_mode":true,"campfire_choices":[{"data":"Sunder","floor":6,"key":"SMITH"},{"data":"Zap","floor":10,"key":"SMITH"},{"data":"Dualcast","floor":13,"key":"SMITH"},{"floor":15,"key":"REST"}],"neow_cost":"NONE","seed_source_timestamp":49251364406803,"circlet_count":0,"master_deck":["AscendersBane","Strike_B","Strike_B+1","Strike_B+1","Strike_B","Defend_B","Defend_B","Defend_B","Defend_B","Zap+1","Dualcast+1","Sunder+1","All For One","Beam Cell","Genetic Algorithm","Electrodynamics","Gash","BootSequence","Hologram"],"relics":["Cracked Core","NeowsBlessing","Potion Belt","Whetstone","Omamori"],"potions_floor_usage":[11,12,14,16],"damage_taken":[{"damage":0,"enemies":"Cultist","floor":1,"turns":1},{"damage":0,"enemies":"Jaw Worm","floor":4,"turns":1},{"damage":0,"enemies":"Small Slimes","floor":5,"turns":1},{"damage":41,"enemies":"Lagavulin","floor":7,"turns":6},{"damage":1,"enemies":"Exordium Wildlife","floor":8,"turns":2},{"damage":20,"enemies":"3 Sentries","floor":11,"turns":5},{"damage":0,"enemies":"2 Fungi Beasts","floor":12,"turns":2},{"damage":0,"enemies":"Gremlin Gang","floor":14,"turns":3},{"damage":26,"enemies":"The Guardian","floor":16,"turns":8}],"seed_played":"-6917117794188811682","potions_obtained":[{"floor":1,"key":"SpeedPotion"},{"floor":2,"key":"Swift Potion"},{"floor":11,"key":"Block Potion"},{"floor":12,"key":"SpeedPotion"}],"is_trial":false,"path_per_floor":["M","?","$","M","M","R","E","M","T","R","E","M","R","M","R","B"],"character_chosen":"DEFECT","items_purchased":["All For One"],"campfire_rested":1,"item_purchase_floors":[3],"current_hp_per_floor":[64,64,64,64,64,64,23,22,22,22,2,2,2,2,23,0],"gold":188,"neow_bonus":"THREE_ENEMY_KILL","is_prod":false,"is_daily":false,"chose_seed":false,"campfire_upgraded":3,"win_rate":0,"timestamp":1546274738,"path_taken":["M","?","$","?","M","R","E","M","T","R","E","M","R","M","R","BOSS"],"build_version":"2018-12-20","purchased_purges":0,"victory":false,"max_hp_per_floor":[71,71,71,71,71,71,71,71,71,71,71,71,71,71,71,71],"card_choices":[{"not_picked":["Darkness","Redo"],"picked":"Sunder","floor":1},{"not_picked":["Coolheaded","Go for the Eyes"],"picked":"Beam Cell","floor":4},{"not_picked":["Ball Lightning","Rebound"],"picked":"Genetic Algorithm","floor":5},{"not_picked":["Auto Shields","Turbo"],"picked":"Electrodynamics","floor":7},{"not_picked":["Hello World","Darkness","BootSequence"],"picked":"SKIP","floor":8},{"not_picked":["Redo","Hologram"],"picked":"Gash","floor":11},{"not_picked":["Streamline","Hello World"],"picked":"BootSequence","floor":12},{"not_picked":["Conserve Battery","Static Discharge"],"picked":"Hologram","floor":14}],"player_experience":1628781,"relics_obtained":[{"floor":7,"key":"Potion Belt"},{"floor":9,"key":"Whetstone"},{"floor":11,"key":"Omamori"}],"event_choices":[{"damage_healed":0,"gold_gain":0,"player_choice":"Got Potions","damage_taken":0,"max_hp_gain":0,"max_hp_loss":0,"event_name":"Lab","floor":2,"gold_loss":0}],"is_beta":false,"boss_relics":[],"items_purged_floors":[],"is_endless":false,"potions_floor_spawned":[1,5,11,12],"killed_by":"The Guardian","ascension_level":20}