{"gold_per_floor":[10,60,79,79,26,26,52,52,79,79,93,93,106,122,122,197,197,213,213,241,241,241,241,269,289,338,338,350,364,397,415,415,488,488,503,517,34,52,63,63,63,63,63,63,75,408,421,449,449,449],"floor_reached":50,"playtime":3896,"items_purged":[],"score":1234,"play_id":"8e2db485-4566-4c8e-8446-9aae783f81f9","local_time":"20190721195914","is_ascension_mode":true,"campfire_choices":[{"data":"Neutralize","floor":6,"key":"SMITH"},{"floor":8,"key":"REST"},{"data":"Bouncing Flask","floor":10,"key":"SMITH"},{"data":"Well Laid Plans","floor":15,"key":"SMITH"},{"floor":23,"key":"REST"},{"floor":27,"key":"REST"},{"floor":32,"key":"REST"},{"data":"Burst","floor":40,"key":"SMITH"},{"data":"Concentrate","floor":42,"key":"SMITH"},{"data":"Wraith Form v2","floor":44,"key":"SMITH"},{"floor":49,"key":"RECALL"}],"neow_cost":"NO_GOLD","seed_source_timestamp":28216220294239,"circlet_count":0,"master_deck":["AscendersBane","Strike_G+1","Strike_G+1","Strike_G+1","Strike_G+1","Defend_G+1","Defend_G+1","Defend_G+1","Defend_G+1","Defend_G+1","Survivor+1","Neutralize+1","Adrenaline","Dash","Dagger Throw","Dagger Throw","Bouncing Flask+1","Acrobatics+1","Backflip","Well Laid Plans+1","Corpse Explosion","Reflex","Necronomicurse","Deflect+1","Predator","Riddle With Holes+1","PiercingWail","Burst+1","Concentrate+1","Wraith Form v2+1","Well Laid Plans","Leg Sweep","Expertise","Footwork","Acrobatics+1","Well Laid Plans","Deadly Poison+1","Catalyst+1","Wraith Form v2","Outmaneuver+1","Night Terror+1"],"relics":["Ring of the Snake","Sundial","Happy Flower","HoveringKite","Necronomicon","Red Mask","Bag of Marbles","Ancient Tea Set","War Paint","Vajra","Orrery","Toxic Egg 2","Old Coin","Incense Burner"],"potions_floor_usage":[20,20,33,38],"damage_taken":[{"damage":0,"enemies":"Jaw Worm","floor":1,"turns":5},{"damage":1,"enemies":"Cultist","floor":3,"turns":4},{"damage":37,"enemies":"Gremlin Nob","floor":7,"turns":5},{"damage":0,"enemies":"Small Slimes","floor":11,"turns":3},{"damage":1,"enemies":"2 Fungi Beasts","floor":13,"turns":3},{"damage":0,"enemies":"Looter","floor":14,"turns":3},{"damage":8,"enemies":"Hexaghost","floor":16,"turns":8},{"damage":6,"enemies":"Spheric Guardian","floor":18,"turns":3},{"damage":14,"enemies":"Masked Bandits","floor":20,"turns":3},{"damage":9,"enemies":"Slavers","floor":24,"turns":2},{"damage":0,"enemies":"2 Thieves","floor":25,"turns":3},{"damage":0,"enemies":"Snake Plant","floor":28,"turns":2},{"damage":0,"enemies":"Shelled Parasite and Fungi","floor":29,"turns":3},{"damage":8,"enemies":"Book of Stabbing","floor":30,"turns":3},{"damage":0,"enemies":"3 Cultists","floor":31,"turns":3},{"damage":41,"enemies":"Champ","floor":33,"turns":8},{"damage":0,"enemies":"3 Darklings","floor":35,"turns":3},{"damage":0,"enemies":"Orb Walker","floor":36,"turns":2},{"damage":1,"enemies":"Writhing Mass","floor":38,"turns":6},{"damage":0,"enemies":"Transient","floor":39,"turns":6},{"damage":3,"enemies":"Maw","floor":45,"turns":6},{"damage":0,"enemies":"Nemesis","floor":46,"turns":7},{"damage":40,"enemies":"Spire Growth","floor":47,"turns":6},{"damage":2,"enemies":"Giant Head","floor":48,"turns":7},{"damage":9,"enemies":"Time Eater","floor":50,"turns":8}],"seed_played":"4337205354550239932","potions_obtained":[{"floor":13,"key":"Strength Potion"},{"floor":14,"key":"SteroidPotion"},{"floor":20,"key":"SmokeBomb"},{"floor":25,"key":"Explosive Potion"},{"floor":30,"key":"Block Potion"},{"floor":33,"key":"GhostInAJar"},{"floor":38,"key":"Fire Potion"},{"floor":46,"key":"Poison Potion"},{"floor":47,"key":"Ancient Potion"}],"is_trial":false,"path_per_floor":["M","?","M","?","$","R","E","R","T","R","M","?","M","M","R","B",null,"M","?","?","?","T","R","E","M","T","R","M","M","E","M","R","B",null,"M","M","$","M","M","R","?","R","T","R","M","E","M","E","R","B"],"character_chosen":"THE_SILENT","items_purchased":["Dagger Throw","Toxic Egg 2","Acrobatics+1","Well Laid Plans","Deadly Poison+1"],"campfire_rested":4,"item_purchase_floors":[5,37,37,37,37],"current_hp_per_floor":[59,59,58,66,66,66,29,48,48,48,48,41,40,40,40,32,58,52,31,17,17,17,36,27,27,27,46,46,46,38,38,57,16,54,54,54,54,53,53,53,53,53,53,53,50,50,10,8,8,0],"gold":449,"neow_bonus":"THREE_RARE_CARDS","is_prod":false,"is_daily":false,"chose_seed":false,"campfire_upgraded":6,"win_rate":0,"timestamp":1563731954,"path_taken":["M","?","?","?","?","R","E","R","T","R","M","?","M","M","R","BOSS","M","?","?","?","?","R","E","?","T","R","M","M","E","M","R","BOSS","M","?","$","M","M","R","?","R","T","R","M","E","M","E","R","BOSS"],"build_version":"2019-07-17","purchased_purges":0,"victory":false,"max_hp_per_floor":[66,66,66,66,66,66,66,66,66,66,66,66,66,66,66,66,66,66,66,66,66,66,66,66,66,66,66,66,66,66,66,66,66,66,66,66,66,66,66,66,66,66,66,66,66,66,66,66,66,66],"card_choices":[{"not_picked":["Venomology","Phantasmal Killer"],"picked":"Adrenaline","floor":0},{"not_picked":["PiercingWail","Slice"],"picked":"Dash","floor":1},{"not_picked":["PiercingWail","Cloak And Dagger"],"picked":"Dagger Throw","floor":3},{"not_picked":["Flechettes","Accuracy"],"picked":"Bouncing Flask","floor":7},{"not_picked":["Quick Slash","Deflect"],"picked":"Acrobatics","floor":11},{"not_picked":["PiercingWail","Sucker Punch"],"picked":"Backflip","floor":13},{"not_picked":["Glass Knife","Endless Agony"],"picked":"Well Laid Plans","floor":14},{"not_picked":["Tools of the Trade","Venomology"],"picked":"Corpse Explosion","floor":16},{"not_picked":["Dodge and Roll","Blur"],"picked":"Reflex","floor":18},{"not_picked":["Terror","Bane"],"picked":"Deflect+1","floor":20},{"not_picked":["Calculated Gamble","Skewer"],"picked":"Predator","floor":24},{"not_picked":["Dagger Throw+1","Prepared","Dodge and Roll"],"picked":"SKIP","floor":25},{"not_picked":["Dagger Spray","Poisoned Stab"],"picked":"Riddle With Holes+1","floor":28},{"not_picked":["Dodge and Roll","Acrobatics"],"picked":"PiercingWail","floor":29},{"not_picked":["Dagger Throw","Expertise"],"picked":"Burst","floor":30},{"not_picked":["Cloak And Dagger+1","Blade Dance"],"picked":"Concentrate","floor":31},{"not_picked":["Burst","Phantasmal Killer"],"picked":"Wraith Form v2","floor":33},{"not_picked":["Cloak And Dagger","Reflex"],"picked":"Well Laid Plans","floor":34},{"not_picked":["Terror","Expertise"],"picked":"Leg Sweep","floor":34},{"not_picked":["Quick Slash","PiercingWail"],"picked":"Expertise","floor":34},{"not_picked":["Endless Agony+1","Dagger Throw+1","Underhanded Strike"],"picked":"SKIP","floor":35},{"not_picked":["Accuracy","Bouncing Flask"],"picked":"Footwork","floor":36},{"not_picked":["All Out Attack","Dagger Throw+1"],"picked":"Catalyst+1","floor":38},{"not_picked":["Poisoned Stab","Quick Slash+1"],"picked":"Wraith Form v2","floor":39},{"not_picked":["Dagger Spray","Acrobatics+1"],"picked":"Outmaneuver+1","floor":45},{"not_picked":["Deflect+1","Distraction+1","PiercingWail+1"],"picked":"SKIP","floor":46},{"not_picked":["Infinite Blades","Underhanded Strike","Dagger Throw+1"],"picked":"SKIP","floor":47},{"not_picked":["Bane","Distraction+1"],"picked":"Night Terror+1","floor":48}],"player_experience":755078,"relics_obtained":[{"floor":7,"key":"Sundial"},{"floor":9,"key":"Happy Flower"},{"floor":19,"key":"Necronomicon"},{"floor":20,"key":"Red Mask"},{"floor":22,"key":"Bag of Marbles"},{"floor":24,"key":"Ancient Tea Set"},{"floor":26,"key":"War Paint"},{"floor":30,"key":"Vajra"},{"floor":46,"key":"Old Coin"},{"floor":48,"key":"Incense Burner"}],"event_choices":[{"damage_healed":0,"gold_gain":50,"player_choice":"Pray","damage_taken":0,"max_hp_gain":0,"max_hp_loss":0,"event_name":"Golden Shrine","floor":2,"gold_loss":0},{"damage_healed":8,"gold_gain":0,"player_choice":"Full Heal","damage_taken":0,"max_hp_gain":0,"max_hp_loss":0,"event_name":"Wheel of Change","floor":4,"gold_loss":0},{"cards_removed":["Strike_G"],"damage_healed":0,"gold_gain":0,"player_choice":"Card Removal","damage_taken":7,"max_hp_gain":0,"max_hp_loss":0,"event_name":"Golden Wing","floor":12,"gold_loss":0},{"damage_healed":0,"gold_gain":0,"player_choice":"Obtained Book","damage_taken":21,"max_hp_gain":0,"max_hp_loss":0,"event_name":"Cursed Tome","floor":19,"gold_loss":0},{"damage_healed":0,"gold_gain":0,"player_choice":"Fought Bandits","damage_taken":0,"max_hp_gain":0,"max_hp_loss":0,"event_name":"Masked Bandits","floor":20,"gold_loss":0},{"damage_healed":0,"gold_gain":0,"player_choice":"Simplicity","damage_taken":0,"max_hp_gain":0,"max_hp_loss":0,"event_name":"Back to Basics","floor":21,"gold_loss":0,"cards_upgraded":["Strike_G","Strike_G","Strike_G","Strike_G","Defend_G","Defend_G","Defend_G","Defend_G","Defend_G"]},{"damage_healed":0,"gold_gain":0,"player_choice":"0 cards matched","damage_taken":0,"max_hp_gain":0,"max_hp_loss":0,"event_name":"Match and Keep!","floor":41,"gold_loss":0,"cards_obtained":[]}],"is_beta":false,"boss_relics":[{"not_picked":["Tiny House","Busted Crown"],"picked":"HoveringKite"},{"not_picked":["Coffee Dripper","Pandora\u0027s Box"],"picked":"Orrery"}],"items_purged_floors":[],"is_endless":false,"potions_floor_spawned":[13,14,20,25,28,30,33,38,39,46,47],"killed_by":"Time Eater","ascension_level":20}