{"gold_per_floor":[117,177,188,1,1,1,1,1,1,16,32,59,6,6],"floor_reached":14,"playtime":258,"items_purged":["Strike_B"],"score":176,"play_id":"ba292fb7-5daf-444b-a729-df6d77cdd54c","local_time":"20190626163929","is_ascension_mode":true,"campfire_choices":[{"data":"Coolheaded","floor":6,"key":"SMITH"},{"data":"Dualcast","floor":8,"key":"SMITH"}],"neow_cost":"NONE","seed_source_timestamp":99150443169150,"circlet_count":0,"master_deck":["AscendersBane","Strike_B","Strike_B","Strike_B","Defend_B","Defend_B","Defend_B","Defend_B","Zap","Dualcast+1","Melter","Rip and Tear","Coolheaded+1","Conserve Battery","Cold Snap","Loop","Conserve Battery"],"relics":["Velvet Choker","Letter Opener","Shovel","Lantern"],"potions_floor_usage":[],"damage_taken":[{"damage":4,"enemies":"Small Slimes","floor":1,"turns":4},{"damage":9,"enemies":"Jaw Worm","floor":3,"turns":4},{"damage":0,"enemies":"Cultist","floor":10,"turns":3},{"damage":2,"enemies":"Looter","floor":11,"turns":3},{"damage":26,"enemies":"Gremlin Nob","floor":12,"turns":4},{"damage":14,"enemies":"Lagavulin","floor":14,"turns":5}],"seed_played":"-2369787750975695413","potions_obtained":[{"floor":12,"key":"Dexterity Potion"}],"is_trial":false,"path_per_floor":["M","?","M","$","?","R","?","R","T","M","M","E","$","E"],"character_chosen":"DEFECT","items_purchased":["Coolheaded","Conserve Battery","Conserve Battery"],"campfire_rested":0,"item_purchase_floors":[4,4,13],"current_hp_per_floor":[60,60,51,51,51,51,40,40,40,40,38,12,12,0],"gold":6,"neow_bonus":"BOSS_RELIC","is_prod":false,"is_daily":false,"chose_seed":false,"campfire_upgraded":2,"win_rate":0,"timestamp":1561534769,"path_taken":["M","?","M","$","?","R","?","R","T","?","?","E","$","E"],"build_version":"2019-01-23","purchased_purges":1,"victory":false,"max_hp_per_floor":[71,71,71,71,71,71,71,71,71,71,71,71,71,71],"card_choices":[{"not_picked":["Leap","Conserve Battery"],"picked":"Melter","floor":1},{"not_picked":["Go for the Eyes","Stack"],"picked":"Rip and Tear","floor":3},{"not_picked":["Go for the Eyes","Scrape"],"picked":"Cold Snap","floor":10},{"not_picked":["Hologram","Compile Driver","Hello World"],"picked":"SKIP","floor":11},{"not_picked":["Hologram","Tempest"],"picked":"Loop","floor":12}],"player_experience":617014,"relics_obtained":[{"floor":9,"key":"Shovel"},{"floor":12,"key":"Lantern"}],"event_choices":[{"damage_healed":0,"gold_gain":60,"player_choice":"Gained Gold","damage_taken":0,"max_hp_gain":0,"max_hp_loss":0,"event_name":"Golden Wing","floor":2,"gold_loss":0},{"damage_healed":0,"gold_gain":0,"player_choice":"Ignored","damage_taken":0,"max_hp_gain":0,"max_hp_loss":0,"event_name":"Liars Game","floor":5,"gold_loss":0},{"damage_healed":0,"gold_gain":0,"player_choice":"Success","damage_taken":11,"relics_obtained":["Letter Opener"],"max_hp_gain":0,"max_hp_loss":0,"event_name":"Scrap Ooze","floor":7,"gold_loss":0}],"is_beta":false,"boss_relics":[],"items_purged_floors":[4],"is_endless":false,"potions_floor_spawned":[12],"killed_by":"Lagavulin","ascension_level":20}