{"path_per_floor":["M","M","M","?","?","M","$","M","T","M","R","?","?","M","R","B",null,"M","?","$","M","M","E","$","T","T","M","M","M","R","M","R","B",null,"M","?","?","M"],"character_chosen":"THE_SILENT","items_purchased":[],"gold_per_floor":[16,33,47,47,122,138,63,73,96,114,114,114,114,131,131,226,226,246,246,146,159,171,204,79,79,102,119,130,149,149,162,162,262,262,280,280,280,297],"floor_reached":39,"campfire_rested":1,"playtime":2986,"current_hp_per_floor":[70,70,69,69,58,54,54,50,50,46,46,32,32,28,28,8,70,64,64,64,59,54,40,40,40,40,42,23,22,22,19,40,29,70,64,64,55,55],"items_purged":["Defend_G","Normality","Strike_G"],"gold":297,"score":372,"play_id":"4b658a03-f87f-40e1-8812-224f9a14b82c","is_prod":false,"is_daily":false,"is_ascension_mode":false,"campfire_upgraded":3,"path_taken":["M","M","M","?","?","M","$","?","T","M","R","?","?","M","R","BOSS","M","?","$","?","M","E","$","?","T","M","M","M","R","M","R","BOSS","M","?","?","?","?"],"build_version":"2018-02-15-PROD1","purchased_purges":3,"victory":false,"master_deck":["Defend_G","Defend_G+1","Defend_G","Defend_G","Strike_G","Strike_G","Strike_G+1","Strike_G","Survivor","Neutralize+1","Endless Agony+1","Noxious Fumes+1","Deadly Poison","Deadly Poison","Footwork","Catalyst+1","Burst","Escape Plan+1","Bouncing Flask+1","Dash","Dagger Throw","Clumsy","Decay","Catalyst","Acrobatics","Tools of the Trade","Bouncing Flask+1","Prepared+1","Madness","Madness"],"max_hp_per_floor":[70,70,70,70,70,70,70,70,70,70,70,70,70,70,70,70,70,70,70,70,70,70,70,70,70,70,70,70,70,70,70,70,70,70,70,70,70,70],"relics":["Ring of the Snake","Calipers","Orichalcum","Cursed Key","War Paint","Bag of Marbles","Tingsha","Blood Vial","Runic Pyramid"],"card_choices":[{"not_picked":["Infinite Blades","Skewer"],"picked":"Endless Agony"},{"not_picked":["Slice","PiercingWail"],"picked":"Noxious Fumes"},{"not_picked":["Slice","Endless Agony"],"picked":"Deadly Poison"},{"not_picked":["Masterful Stab","Deflect"],"picked":"Deadly Poison"},{"not_picked":["Infinite Blades","Quick Slash"],"picked":"Footwork"},{"not_picked":["Dagger Spray","Quick Slash"],"picked":"Catalyst"},{"not_picked":["Unload","Tactician"],"picked":"Burst"},{"not_picked":["Blade Dance","Deadly Poison"],"picked":"Escape Plan"},{"not_picked":["Flying Knee","Quick Slash"],"picked":"Bouncing Flask"},{"not_picked":["PiercingWail","Noxious Fumes"],"picked":"Dash"},{"not_picked":["Distraction","Riddle With Holes"],"picked":"Dagger Throw"},{"not_picked":["Poisoned Stab","Slice"],"picked":"Catalyst"},{"not_picked":["Flechettes","Catalyst"],"picked":"Acrobatics"},{"not_picked":["Infinite Blades","Deadly Poison"],"picked":"Tools of the Trade"},{"not_picked":["Predator","Outmaneuver"],"picked":"Bouncing Flask"},{"not_picked":["Slice","Outmaneuver"],"picked":"Prepared"}],"player_experience":89373,"potions_floor_usage":[33,33],"damage_taken":[{"damage":0.0,"enemies":"2 Louse","floor":1.0,"turns":3.0},{"damage":0.0,"enemies":"Small Slimes","floor":2.0,"turns":3.0},{"damage":1.0,"enemies":"Cultist","floor":3.0,"turns":4.0},{"damage":4.0,"enemies":"Blue Slaver","floor":6.0,"turns":5.0},{"damage":4.0,"enemies":"2 Fungi Beasts","floor":8.0,"turns":4.0},{"damage":4.0,"enemies":"Exordium Thugs","floor":10.0,"turns":5.0},{"damage":4.0,"enemies":"Blue Slaver","floor":14.0,"turns":4.0},{"damage":20.0,"enemies":"Slime Boss","floor":16.0,"turns":10.0},{"damage":6.0,"enemies":"Spheric Guardian","floor":18.0,"turns":5.0},{"damage":5.0,"enemies":"Chosen","floor":21.0,"turns":4.0},{"damage":5.0,"enemies":"Snake Plant","floor":22.0,"turns":3.0},{"damage":14.0,"enemies":"Slavers","floor":23.0,"turns":6.0},{"damage":0.0,"enemies":"Snecko","floor":27.0,"turns":3.0},{"damage":21.0,"enemies":"Chosen and Byrds","floor":28.0,"turns":7.0},{"damage":3.0,"enemies":"3 Cultists","floor":29.0,"turns":4.0},{"damage":5.0,"enemies":"Centurion and Healer","floor":31.0,"turns":6.0},{"damage":13,"enemies":"Automaton","floor":33,"turns":6},{"damage":6,"enemies":"Orb Walker","floor":35,"turns":3},{"damage":2,"enemies":"3 Shapes","floor":38,"turns":7},{"damage":76,"enemies":"…Ò√ÿ‘≤«Ú","floor":39,"turns":4}],"event_choices":[{"event_name":"The Cleric","player_choice":"Leave","floor":4.0,"damage_taken":0.0},{"event_name":"World of Goop","player_choice":"Gather Gold","floor":5.0,"damage_taken":0.0},{"event_name":"Shining Light","player_choice":"Entered Light","floor":12.0,"damage_taken":0.0},{"event_name":"The Woman in Blue","player_choice":"Bought 0 Potions","floor":13.0,"damage_taken":0.0},{"event_name":"Accursed Blacksmith","player_choice":"Rummage","floor":19.0,"damage_taken":0.0},{"event_name":"Tomb of Lord Red Mask","player_choice":"Ignored","floor":36,"damage_taken":0},{"event_name":"Winding Halls","player_choice":"Embrace Madness","floor":37,"damage_taken":0},{"event_name":"Mysterious Sphere","player_choice":"Fight","floor":39,"damage_taken":0}],"boss_relics":[{"not_picked":["Sozu","Runic Dome"],"picked":"Runic Pyramid"}],"potions_floor_spawned":[1,2,3,10,14,18,22,28,31,33,38],"seed_played":"-1661116225880512464","killed_by":"…Ò√ÿ‘≤«Ú","ascension_level":0,"is_trial":false}