{"gold_per_floor":[112,112,112,122,122,150,150,165,165,195,212,212,212],"floor_reached":13,"playtime":478,"items_purged":[],"score":186,"play_id":"e76b64fd-5b91-44e0-bd18-36310da8c37b","local_time":"20190730114521","is_ascension_mode":true,"campfire_choices":[{"floor":7.0,"key":"REST"}],"neow_cost":"PERCENT_DAMAGE","seed_source_timestamp":271644369239186,"circlet_count":0,"master_deck":["AscendersBane","Strike_G","Strike_G","Defend_G","Defend_G","Defend_G","Defend_G","Defend_G","Survivor","Neutralize","Concentrate","Infinite Blades","Cloak And Dagger","Outmaneuver","Distraction","Wraith Form v2","Leg Sweep"],"special_seed":0,"relics":["Ring of the Snake","Shuriken","The Specimen","Vajra","Pantograph","Golden Idol"],"potions_floor_usage":[13],"damage_taken":[{"damage":3.0,"enemies":"2 Louse","floor":1.0,"turns":3.0},{"damage":5.0,"enemies":"Small Slimes","floor":4.0,"turns":6.0},{"damage":22.0,"enemies":"3 Sentries","floor":6.0,"turns":14.0},{"damage":0.0,"enemies":"Jaw Worm","floor":8.0,"turns":7.0},{"damage":9.0,"enemies":"Lagavulin","floor":10.0,"turns":10.0},{"damage":0.0,"enemies":"2 Fungi Beasts","floor":11.0,"turns":5.0},{"damage":13,"enemies":"3 Sentries","floor":13,"turns":6}],"seed_played":"6546497866626506799","potions_obtained":[{"floor":4.0,"key":"SteroidPotion"},{"floor":11.0,"key":"Dexterity Potion"}],"is_trial":false,"path_per_floor":["M","?","?","M","?","E","R","M","T","E","M","?","E"],"character_chosen":"THE_SILENT","items_purchased":[],"campfire_rested":1,"item_purchase_floors":[],"current_hp_per_floor":[41,41,34,29,24,2,21,21,21,12,12,12,0],"gold":212,"neow_bonus":"TRANSFORM_TWO_CARDS","is_prod":false,"is_daily":false,"chose_seed":false,"campfire_upgraded":0,"win_rate":0,"timestamp":1564458321,"path_taken":["M","?","?","M","?","E","R","?","T","E","M","?","E"],"build_version":"2019-07-17","purchased_purges":0,"victory":false,"max_hp_per_floor":[66,66,66,66,66,66,66,66,66,66,66,60,60],"card_choices":[{"not_picked":["Sucker Punch","Footwork"],"picked":"Cloak And Dagger","floor":1.0},{"not_picked":["Deflect","Poisoned Stab"],"picked":"Outmaneuver","floor":4.0},{"not_picked":["Deflect","Outmaneuver"],"picked":"Distraction","floor":6.0},{"not_picked":["Eviscerate","Flying Knee"],"picked":"Wraith Form v2","floor":8.0},{"not_picked":["Backflip","Dash"],"picked":"Leg Sweep","floor":10.0},{"not_picked":["Dodge and Roll","Endless Agony","Poisoned Stab"],"picked":"SKIP","floor":11.0}],"player_experience":1698072,"relics_obtained":[{"floor":6.0,"key":"The Specimen"},{"floor":9.0,"key":"Vajra"},{"floor":10.0,"key":"Pantograph"}],"event_choices":[{"damage_healed":0.0,"max_hp_gain":0.0,"max_hp_loss":0.0,"gold_gain":0.0,"event_name":"Liars Game","player_choice":"Ignored","floor":2.0,"gold_loss":0.0,"damage_taken":0.0},{"cards_removed":["Strike_G"],"damage_healed":0.0,"max_hp_gain":0.0,"max_hp_loss":0.0,"gold_gain":0.0,"event_name":"Golden Wing","player_choice":"Card Removal","floor":3.0,"gold_loss":0.0,"damage_taken":7.0},{"damage_healed":0.0,"max_hp_gain":0.0,"max_hp_loss":0.0,"gold_gain":0.0,"event_name":"Scrap Ooze","player_choice":"Success","floor":5.0,"gold_loss":0.0,"damage_taken":5.0,"relics_obtained":["Shuriken"]},{"damage_healed":0.0,"max_hp_gain":0.0,"max_hp_loss":6.0,"gold_gain":0.0,"event_name":"Golden Idol","player_choice":"Lose Max HP","floor":12.0,"gold_loss":0.0,"damage_taken":0.0,"relics_obtained":["Golden Idol"]}],"is_beta":false,"boss_relics":[],"items_purged_floors":[],"is_endless":false,"potions_floor_spawned":[4,11],"killed_by":"3 Sentries","ascension_level":20}