{"path_per_floor":["M","?","M","$","?","E","R","E","T","$","R","M","M","?","R","B",null,"M","?","M","M","M","R","E","R","T","$","R","M","E","M","R"],"character_chosen":"THE_SILENT","items_purchased":["Pen Nib","Acrobatics","Terror"],"gold_per_floor":[219,219,236,161,261,294,294,323,323,19,19,32,45,65,65,167,167,77,77,97,110,125,125,152,152,152,84,84,98,125,136,136,136],"floor_reached":33,"campfire_rested":1,"playtime":1635,"current_hp_per_floor":[69,69,69,69,69,57,57,41,41,41,41,41,41,41,41,16,70,70,70,56,56,52,52,42,42,42,42,42,42,36,36,57,0],"items_purged":["Defend_G","Strike_G"],"gold":136,"score":293,"play_id":"0cf34f10-4aeb-4e3f-ab56-154613801bb5","local_time":"20180330222956","is_prod":false,"is_daily":false,"is_ascension_mode":false,"campfire_upgraded":6,"timestamp":1522420196,"path_taken":["M","?","M","$","?","E","R","E","T","$","R","M","?","?","R","BOSS","M","?","M","M","M","R","E","R","T","$","R","M","E","M","R","BOSS"],"build_version":"2018-03-29v2","purchased_purges":2,"victory":false,"master_deck":["Defend_G","Defend_G","Defend_G","Defend_G","Strike_G","Strike_G","Strike_G","Strike_G","Survivor+1","Neutralize+1","Predator+1","Prepared+1","Acrobatics+1","Backflip+1","Dagger Throw+1","Terror+1","Blur+1"],"max_hp_per_floor":[70,70,70,70,70,70,70,70,70,70,70,70,70,70,70,70,70,70,70,70,70,70,70,70,70,70,70,70,70,70,70,70,70],"relics":["Ring of the Snake","Darkstone Periapt","Snake Skull","Thread and Needle","Pen Nib","Odd Mushroom","White Beast Statue","Gremlin Horn","Centennial Puzzle","Vajra"],"card_choices":[{"not_picked":["Finisher","Sucker Punch"],"picked":"Predator","floor":3},{"not_picked":["Acrobatics","Reflex"],"picked":"Prepared","floor":6},{"not_picked":["Accuracy","Deflect"],"picked":"Backflip","floor":12},{"not_picked":["Endless Agony","Noxious Fumes"],"picked":"Dagger Throw","floor":21},{"not_picked":["Backflip","Distraction"],"picked":"Blur","floor":30}],"player_experience":362514,"potions_floor_usage":[8,16,16,21,24,24,24,30,33,33,33],"damage_taken":[{"damage":1,"enemies":"2 Louse","floor":1,"turns":4},{"damage":0,"enemies":"Cultist","floor":3,"turns":5},{"damage":12,"enemies":"3 Sentries","floor":6,"turns":9},{"damage":16,"enemies":"Gremlin Nob","floor":8,"turns":5},{"damage":0,"enemies":"Jaw Worm","floor":12,"turns":3},{"damage":0,"enemies":"Blue Slaver","floor":13,"turns":4},{"damage":0,"enemies":"The Mushroom Lair","floor":14,"turns":5},{"damage":25,"enemies":"Hexaghost","floor":16,"turns":18},{"damage":0,"enemies":"2 Thieves","floor":18,"turns":5},{"damage":14,"enemies":"Spheric Guardian","floor":20,"turns":8},{"damage":0,"enemies":"Snake Plant","floor":21,"turns":10},{"damage":4,"enemies":"Snecko","floor":22,"turns":4},{"damage":10,"enemies":"Slavers","floor":24,"turns":7},{"damage":0,"enemies":"Centurion and Healer","floor":29,"turns":4},{"damage":6,"enemies":"Book of Stabbing","floor":30,"turns":6},{"damage":0,"enemies":"Cultist and Chosen","floor":31,"turns":5},{"damage":61,"enemies":"Collector","floor":33,"turns":10}],"event_choices":[{"event_name":"Accursed Blacksmith","player_choice":"Forge","floor":2,"damage_taken":0},{"event_name":"Golden Shrine","player_choice":"Pray","floor":5,"damage_taken":0},{"event_name":"Mushrooms","player_choice":"Fought Mushrooms","floor":14,"damage_taken":0},{"event_name":"Drug Dealer","player_choice":"Ignored","floor":19,"damage_taken":0}],"boss_relics":[{"not_picked":["Tiny House","Velvet Choker"],"picked":"White Beast Statue"}],"potions_floor_spawned":[1,6,8,13,18,20,21,22,24,29,30,31],"seed_played":"6222001694903902089","killed_by":"Collector","ascension_level":0,"is_trial":false}