{"gold_per_floor":[115,131,41,60,60,60,78,97,123,123,153,153,153,167,167,167],"floor_reached":16,"playtime":485,"items_purged":[],"score":184,"play_id":"9a1f9f5a-dc4d-4b35-b8d4-c197d9a4d890","local_time":"20190217094233","is_ascension_mode":true,"campfire_choices":[{"data":"Deadly Poison","floor":6.0,"key":"SMITH"},{"data":"Neutralize","floor":10.0,"key":"SMITH"},{"floor":12.0,"key":"REST"},{"data":"Calculated Gamble","floor":15.0,"key":"SMITH"}],"neow_cost":"PERCENT_DAMAGE","seed_source_timestamp":2429426845414,"circlet_count":0,"master_deck":["AscendersBane","Defend_G","Defend_G","Defend_G","Defend_G","Strike_G","Strike_G","Strike_G","Strike_G","Survivor","Neutralize+1","Deadly Poison+1","Backflip","Purity","Concentrate","Calculated Gamble+1"],"special_seed":0,"relics":["Ring of the Snake","Oddly Smooth Stone","Juzu Bracelet","Tiny Chest","FaceOfCleric"],"potions_floor_usage":[16,16],"damage_taken":[{"damage":8.0,"enemies":"Cultist","floor":1.0,"turns":4.0},{"damage":1.0,"enemies":"2 Louse","floor":2.0,"turns":3.0},{"damage":2.0,"enemies":"Small Slimes","floor":4.0,"turns":4.0},{"damage":0.0,"enemies":"Blue Slaver","floor":7.0,"turns":4.0},{"damage":4.0,"enemies":"Large Slime","floor":8.0,"turns":9.0},{"damage":0.0,"enemies":"Exordium Wildlife","floor":14.0,"turns":3.0},{"damage":38,"enemies":"Slime Boss","floor":16,"turns":8}],"seed_played":"-5182427170180173042","potions_obtained":[{"floor":4.0,"key":"Swift Potion"},{"floor":14.0,"key":"SpeedPotion"}],"is_trial":false,"path_per_floor":["M","M","$","M","?","R","M","M","T","R","?","R","?","M","R","B"],"character_chosen":"THE_SILENT","items_purchased":["Purity"],"campfire_rested":1,"item_purchase_floors":[3],"current_hp_per_floor":[36,35,35,33,33,33,33,29,29,29,18,37,37,38,38,0],"gold":167,"neow_bonus":"REMOVE_TWO","is_prod":false,"is_daily":false,"chose_seed":false,"campfire_upgraded":3,"win_rate":0,"timestamp":1550367753,"path_taken":["M","M","$","?","?","R","M","?","T","R","?","R","?","M","R","BOSS"],"build_version":"2019-01-23","purchased_purges":0,"victory":false,"max_hp_per_floor":[66,66,66,66,66,66,66,66,66,66,66,66,66,67,67,67],"card_choices":[{"not_picked":["Quick Slash","Outmaneuver"],"picked":"Deadly Poison","floor":1.0},{"not_picked":["Infinite Blades","Accuracy"],"picked":"Backflip","floor":2.0},{"not_picked":["Finisher","Cloak And Dagger","Backflip"],"picked":"SKIP","floor":4.0},{"not_picked":["Crippling Poison","PiercingWail","Underhanded Strike"],"picked":"SKIP","floor":7.0},{"not_picked":["Dodge and Roll","Backflip"],"picked":"Concentrate","floor":8.0},{"not_picked":["Tactician","Cloak And Dagger"],"picked":"Calculated Gamble","floor":14.0}],"player_experience":2848545,"relics_obtained":[{"floor":5.0,"key":"Oddly Smooth Stone"},{"floor":9.0,"key":"Juzu Bracelet"}],"event_choices":[{"damage_healed":0.0,"max_hp_gain":0.0,"max_hp_loss":0.0,"gold_gain":0.0,"event_name":"Wheel of Change","player_choice":"Relic","floor":5.0,"gold_loss":0.0,"damage_taken":0.0},{"damage_healed":0.0,"max_hp_gain":0.0,"max_hp_loss":0.0,"gold_gain":0.0,"event_name":"Scrap Ooze","player_choice":"Success","floor":11.0,"gold_loss":0.0,"damage_taken":11.0,"relics_obtained":["Tiny Chest"]},{"damage_healed":0.0,"max_hp_gain":0.0,"max_hp_loss":0.0,"gold_gain":0.0,"event_name":"FaceTrader","player_choice":"Trade","floor":13.0,"gold_loss":0.0,"damage_taken":0.0,"relics_obtained":["FaceOfCleric"]}],"is_beta":false,"boss_relics":[],"items_purged_floors":[],"is_endless":false,"potions_floor_spawned":[4,14],"killed_by":"Slime Boss","ascension_level":20}