{"gold_per_floor":[114,25,35,51,68,68,68,80,106,133,133,160,160,185,185,283,283,294,294,304,318,243,243,269,289,289,289,33,33,33,60,60,156,156,176,221,44,44,57,57,121,139,186,218,218,253,269,62,62,62],"floor_reached":51,"playtime":1963,"items_purged":["Body Slam","Strike_R"],"score":1379,"play_id":"3dcad943-e194-47db-8347-c878035333be","local_time":"20180920181631","is_ascension_mode":true,"campfire_choices":[{"data":"Inflame","floor":6.0,"key":"SMITH"},{"data":"Body Slam","floor":13.0,"key":"SMITH"},{"data":"Spot Weakness","floor":15.0,"key":"SMITH"},{"data":"Uppercut","floor":23,"key":"SMITH"},{"data":"Shrug It Off","floor":27,"key":"SMITH"},{"data":"Shrug It Off","floor":32,"key":"SMITH"},{"data":"Entrench","floor":40,"key":"SMITH"},{"data":"Second Wind","floor":45,"key":"SMITH"},{"data":"Flame Barrier","floor":49,"key":"SMITH"}],"neow_cost":"NONE","seed_source_timestamp":18350560785127,"circlet_count":0,"master_deck":["Strike_R+1","Strike_R","Defend_R","Defend_R","Defend_R","Bash+1","Shrug It Off+1","Inflame+1","Shrug It Off+1","Evolve","Spot Weakness+1","Uppercut+1","Body Slam+1","Barricade+1","Body Slam+1","Shrug It Off+1","Power Through+1","Offering","Metallicize+1","Entrench+1","Second Wind+1","Shrug It Off+1","Flame Barrier+1"],"special_seed":0,"relics":["Burning Blood","Blue Candle","Art of War","Matryoshka","Meat on the Bone","Bag of Preparation","Sozu","Ancient Tea Set","Oddly Smooth Stone","Gremlin Horn","Bottled Tornado","Blood Vial","Busted Crown","Pocketwatch","Tiny Chest","Whetstone","Pen Nib","The Courier","Regal Pillow","Shuriken"],"potions_floor_usage":[],"damage_taken":[{"damage":9.0,"enemies":"Cultist","floor":1.0,"turns":5.0},{"damage":7.0,"enemies":"Small Slimes","floor":3.0,"turns":4.0},{"damage":2.0,"enemies":"2 Louse","floor":4.0,"turns":5.0},{"damage":12.0,"enemies":"Gremlin Gang","floor":5.0,"turns":8.0},{"damage":17.0,"enemies":"Exordium Wildlife","floor":8.0,"turns":8.0},{"damage":9.0,"enemies":"3 Sentries","floor":10.0,"turns":10.0},{"damage":14.0,"enemies":"Lagavulin","floor":12.0,"turns":6.0},{"damage":12.0,"enemies":"3 Sentries","floor":14.0,"turns":8.0},{"damage":38.0,"enemies":"Slime Boss","floor":16.0,"turns":11.0},{"damage":4,"enemies":"Chosen","floor":18,"turns":4},{"damage":19,"enemies":"2 Thieves","floor":20,"turns":4},{"damage":18,"enemies":"Shelled Parasite and Fungi","floor":21,"turns":4},{"damage":43,"enemies":"Slavers","floor":24,"turns":7},{"damage":20,"enemies":"Cultist and Chosen","floor":25,"turns":7},{"damage":0,"enemies":"Book of Stabbing","floor":31,"turns":4},{"damage":0,"enemies":"Collector","floor":33,"turns":6},{"damage":6,"enemies":"3 Darklings","floor":35,"turns":4},{"damage":16,"enemies":"Mysterious Sphere","floor":36,"turns":3},{"damage":0,"enemies":"Orb Walker","floor":39,"turns":4},{"damage":6,"enemies":"2 Orb Walkers","floor":41,"turns":3},{"damage":24,"enemies":"Transient","floor":42,"turns":5},{"damage":6,"enemies":"Giant Head","floor":44,"turns":10},{"damage":0,"enemies":"2 Orb Walkers","floor":46,"turns":4},{"damage":6,"enemies":"Sphere and 2 Shapes","floor":47,"turns":3},{"damage":6,"enemies":"Time Eater","floor":50,"turns":6}],"seed_played":"-2134989582197065746","potions_obtained":[{"floor":1.0,"key":"Block Potion"},{"floor":8.0,"key":"Explosive Potion"}],"is_trial":false,"path_per_floor":["M","$","M","M","M","R","T","M","T","E","?","E","R","E","R","B",null,"M","?","M","M","$","R","E","M","T","R","$","$","?","E","R","B",null,"M","?","$","?","M","R","E","M","T","E","R","E","M","$","R","B"],"character_chosen":"IRONCLAD","items_purchased":["Shrug It Off","Inflame","Bottled Tornado","Entrench","Shuriken"],"campfire_rested":0,"item_purchase_floors":[2,2,28,37,48],"current_hp_per_floor":[69,69,68,72,66,66,66,55,55,52,52,44,44,50,50,30,68,70,70,57,57,57,57,32,30,30,30,30,30,30,48,48,56,74,76,68,68,68,76,76,78,62,62,64,64,72,74,74,74,76],"gold":62,"neow_bonus":"REMOVE_CARD","is_prod":false,"is_daily":false,"chose_seed":false,"campfire_upgraded":9,"win_rate":0,"timestamp":1537438591,"path_taken":["M","$","M","M","M","R","?","M","T","E","?","E","R","E","R","BOSS","M","?","M","M","$","R","E","M","T","R","?","$","?","E","R","BOSS","M","?","$","?","M","R","E","M","T","E","R","E","M","$","R","BOSS"],"build_version":"2018-09-06","purchased_purges":2,"victory":true,"max_hp_per_floor":[80,80,80,80,80,80,80,80,80,80,80,80,80,80,80,80,80,80,80,80,80,80,80,80,80,80,80,80,80,80,80,80,80,80,80,80,80,80,80,80,80,80,80,80,80,80,80,80,80,80],"card_choices":[{"not_picked":["Fire Breathing","Armaments","Clothesline"],"picked":"SKIP","floor":1.0},{"not_picked":["Twin Strike","Perfected Strike","Dark Embrace"],"picked":"SKIP","floor":3.0},{"not_picked":["Thunderclap","Clash"],"picked":"Shrug It Off","floor":4.0},{"not_picked":["Thunderclap","Carnage"],"picked":"Evolve","floor":5.0},{"not_picked":["Armaments","Pommel Strike","Perfected Strike"],"picked":"SKIP","floor":8.0},{"not_picked":["Iron Wave","True Grit"],"picked":"Spot Weakness","floor":10.0},{"not_picked":["True Grit","Exhume"],"picked":"Body Slam","floor":12.0},{"not_picked":["Headbutt","Warcry","Shockwave"],"picked":"SKIP","floor":14.0},{"not_picked":["Brutality","Fiend Fire"],"picked":"Barricade","floor":16.0},{"not_picked":["Pommel Strike","Anger"],"picked":"Body Slam","floor":18},{"not_picked":["Wild Strike","Seeing Red","Shrug It Off"],"picked":"SKIP","floor":20},{"not_picked":["Thunderclap+1","Sword Boomerang+1"],"picked":"Body Slam+1","floor":21},{"not_picked":["Clothesline","Burning Pact","Corruption"],"picked":"SKIP","floor":24},{"not_picked":["Sword Boomerang","Rampage"],"picked":"Shrug It Off+1","floor":25},{"not_picked":["Brutality","Cleave+1"],"picked":"Power Through+1","floor":31},{"not_picked":["Fiend Fire","Demon Form"],"picked":"Offering","floor":33},{"not_picked":["Corruption+1"],"picked":"SKIP","floor":35},{"not_picked":[],"picked":"Metallicize+1","floor":36},{"not_picked":["Armaments+1"],"picked":"SKIP","floor":39},{"not_picked":[],"picked":"Second Wind","floor":41},{"not_picked":[],"picked":"Shrug It Off+1","floor":42},{"not_picked":["Headbutt"],"picked":"SKIP","floor":44},{"not_picked":["Anger"],"picked":"SKIP","floor":46},{"not_picked":[],"picked":"Flame Barrier","floor":47}],"player_experience":50044,"relics_obtained":[{"floor":7.0,"key":"Blue Candle"},{"floor":9.0,"key":"Art of War"},{"floor":10.0,"key":"Matryoshka"},{"floor":12.0,"key":"Meat on the Bone"},{"floor":14.0,"key":"Bag of Preparation"},{"floor":24,"key":"Ancient Tea Set"},{"floor":26,"key":"Oddly Smooth Stone"},{"floor":26,"key":"Gremlin Horn"},{"floor":31,"key":"Blood Vial"},{"floor":36,"key":"Pocketwatch"},{"floor":41,"key":"Tiny Chest"},{"floor":43,"key":"Whetstone"},{"floor":43,"key":"Pen Nib"},{"floor":44,"key":"The Courier"},{"floor":46,"key":"Regal Pillow"}],"event_choices":[{"event_name":"Living Wall","player_choice":"Change","floor":11.0,"damage_taken":0.0},{"event_name":"Upgrade Shrine","player_choice":"Upgraded","floor":19,"damage_taken":0},{"event_name":"Ghosts","player_choice":"Ignored","floor":30,"damage_taken":0},{"event_name":"Mysterious Sphere","player_choice":"Fight","floor":36,"damage_taken":0},{"event_name":"Purifier","player_choice":"One Purge","floor":38,"damage_taken":0}],"is_beta":false,"boss_relics":[{"not_picked":["Calling Bell","Pandora\u0027s Box"],"picked":"Sozu"},{"not_picked":["White Beast Statue","Fusion Hammer"],"picked":"Busted Crown"}],"items_purged_floors":[22,37],"is_endless":false,"potions_floor_spawned":[1,8,18,31,35,36,46],"ascension_level":7}