{"gold_per_floor":[12,12,30,30,30,30,30,105,132,132,151,162,162,221,221,221],"floor_reached":16,"playtime":497,"items_purged":[],"score":152,"play_id":"160c0aa9-7969-4878-9ceb-b9e95cc9e983","local_time":"20180930204616","is_ascension_mode":true,"campfire_choices":[{"data":"Neutralize","floor":6,"key":"SMITH"},{"floor":10,"key":"REST"},{"data":"Dash","floor":13,"key":"SMITH"},{"data":"Acrobatics","floor":15,"key":"SMITH"}],"neow_cost":"NO_GOLD","seed_source_timestamp":262094047256332,"circlet_count":0,"master_deck":["Defend_G","Defend_G","Defend_G","Defend_G","Defend_G","Strike_G+1","Strike_G","Strike_G","Survivor","Neutralize+1","AscendersBane","Acrobatics+1","Underhanded Strike+1","Dash+1"],"relics":["Ring of the Snake","Mango","Ginger","Vajra","Tiny Chest"],"potions_floor_usage":[12,14],"damage_taken":[{"damage":1,"enemies":"Cultist","floor":1,"turns":6},{"damage":0,"enemies":"Small Slimes","floor":3,"turns":4},{"damage":0,"enemies":"Jaw Worm","floor":11,"turns":3},{"damage":3,"enemies":"Large Slime","floor":12,"turns":7},{"damage":5,"enemies":"3 Sentries","floor":14,"turns":8},{"damage":42,"enemies":"Hexaghost","floor":16,"turns":14}],"seed_played":"-1590780222311427287","potions_obtained":[{"floor":1,"key":"SpeedPotion"},{"floor":12,"key":"GamblersBrew"}],"is_trial":false,"path_per_floor":["M","?","M","?","?","R","?","?","T","R","M","M","R","E","R"],"character_chosen":"THE_SILENT","items_purchased":[],"campfire_rested":1,"item_purchase_floors":[],"current_hp_per_floor":[76,76,76,59,52,52,34,23,23,48,48,45,45,40,40,0],"gold":221,"neow_bonus":"ONE_RARE_RELIC","is_prod":false,"is_daily":false,"chose_seed":false,"campfire_upgraded":3,"win_rate":0,"timestamp":1538311576,"path_taken":["M","?","?","?","?","R","?","?","T","R","?","M","R","E","R","BOSS"],"build_version":"2018-09-27","purchased_purges":0,"victory":false,"max_hp_per_floor":[84,84,84,84,84,84,84,84,84,84,84,84,84,84,84,84],"card_choices":[{"not_picked":["Setup","Riddle With Holes"],"picked":"Acrobatics","floor":1},{"not_picked":["Dodge and Roll","Bane"],"picked":"Underhanded Strike","floor":3},{"not_picked":["Quick Slash","Bane","Masterful Stab"],"picked":"SKIP","floor":11},{"not_picked":["Distraction","Acrobatics"],"picked":"Dash","floor":12},{"not_picked":["Dash","Acrobatics","Poisoned Stab"],"picked":"SKIP","floor":14}],"player_experience":165468,"relics_obtained":[{"floor":9,"key":"Vajra"},{"floor":14,"key":"Tiny Chest"}],"event_choices":[{"event_name":"Purifier","player_choice":"One Purge","floor":2,"damage_taken":0},{"event_name":"Shining Light","player_choice":"Entered Light","floor":4,"damage_taken":0},{"event_name":"Golden Wing","player_choice":"Card Removal","floor":5,"damage_taken":0},{"event_name":"Scrap Ooze","player_choice":"success","floor":7,"damage_taken":18},{"event_name":"World of Goop","player_choice":"Gather Gold","floor":8,"damage_taken":0}],"is_beta":false,"boss_relics":[],"items_purged_floors":[],"is_endless":false,"potions_floor_spawned":[1,12],"killed_by":"Hexaghost","ascension_level":11}