{"gold_per_floor":[112,132,10,23,37,64,64,95,150,150,150,168,180,190,190,288,288,288,31,31,31,0,0,0,0,0,0,0,0,0,0,0,0,0,0,0,0,0,0,0,0,0,0,0,0,0,0,0,0,0,0,0,0,0,0],"floor_reached":55,"playtime":3362,"items_purged":["Strike_B","Strike_B"],"score":737,"play_id":"f6bc1c3d-b262-42b5-9cbd-b7ed75c49178","local_time":"20190322011157","is_ascension_mode":false,"campfire_choices":[{"data":"Zap","floor":7,"key":"SMITH"},{"data":"Zap","floor":11,"key":"SMITH"},{"floor":15,"key":"REST"},{"data":"Conserve Battery","floor":23,"key":"SMITH"},{"data":"Strike_B","floor":29,"key":"PURGE"},{"floor":32,"key":"REST"},{"data":"Dualcast","floor":40,"key":"SMITH"},{"data":"Strike_B","floor":42,"key":"PURGE"},{"data":"Defend_B","floor":45,"key":"PURGE"},{"floor":49,"key":"RECALL"},{"data":"Defend_B","floor":52,"key":"PURGE"}],"neow_cost":"NONE","seed_source_timestamp":133860513766181,"circlet_count":0,"master_deck":["Defend_B","Zap+1","Dualcast+1","Cold Snap","Gash","Compile Driver","Compile Driver","Compile Driver","Zap+1","Conserve Battery+1","Coolheaded","Steam+1","Beam Cell+1","Barrage+1","Conserve Battery+1","Coolheaded+1","Rebound+1","Redo+1","Gash+1","Gash","Hologram+1","Gash+1"],"relics":["Cracked Core","Peace Pipe","Blue Candle","Omamori","Ectoplasm","Happy Flower","Red Mask","Bag of Preparation","MutagenicStrength","Runic Pyramid","Gambling Chip","Juzu Bracelet","Bird Faced Urn","Meat on the Bone","Ornamental Fan"],"potions_floor_usage":[8,22,24,48,55],"damage_taken":[{"damage":0,"enemies":"2 Louse","floor":1,"turns":3},{"damage":1,"enemies":"Cultist","floor":2,"turns":3},{"damage":5,"enemies":"Small Slimes","floor":4,"turns":2},{"damage":2,"enemies":"Exordium Wildlife","floor":5,"turns":3},{"damage":24,"enemies":"Lagavulin","floor":6,"turns":6},{"damage":20,"enemies":"3 Sentries","floor":8,"turns":9},{"damage":10,"enemies":"3 Louse","floor":12,"turns":2},{"damage":3,"enemies":"Looter","floor":13,"turns":2},{"damage":2,"enemies":"Exordium Wildlife","floor":14,"turns":4},{"damage":23,"enemies":"The Guardian","floor":16,"turns":12},{"damage":8,"enemies":"Spheric Guardian","floor":18,"turns":4},{"damage":6,"enemies":"2 Thieves","floor":22,"turns":4},{"damage":34,"enemies":"Masked Bandits","floor":24,"turns":6},{"damage":0,"enemies":"Chosen and Byrds","floor":25,"turns":6},{"damage":0,"enemies":"3 Cultists","floor":27,"turns":5},{"damage":4,"enemies":"Shelled Parasite and Fungi","floor":31,"turns":4},{"damage":39,"enemies":"Champ","floor":33,"turns":11},{"damage":0,"enemies":"Orb Walker","floor":35,"turns":3},{"damage":0,"enemies":"Mind Bloom Boss Battle","floor":37,"turns":6},{"damage":0,"enemies":"3 Darklings","floor":39,"turns":4},{"damage":2,"enemies":"4 Shapes","floor":41,"turns":2},{"damage":5,"enemies":"Nemesis","floor":44,"turns":5},{"damage":7,"enemies":"2 Orb Walkers","floor":46,"turns":3},{"damage":0,"enemies":"Giant Head","floor":47,"turns":4},{"damage":3,"enemies":"Writhing Mass","floor":48,"turns":5},{"damage":14,"enemies":"Awakened One","floor":50,"turns":9},{"damage":42,"enemies":"Shield and Spear","floor":54,"turns":5},{"damage":67,"enemies":"The Heart","floor":55,"turns":3}],"seed_played":"4094011409395876092","potions_obtained":[{"floor":6,"key":"EssenceOfSteel"},{"floor":12,"key":"Block Potion"},{"floor":16,"key":"Regen Potion"},{"floor":24,"key":"SpeedPotion"},{"floor":31,"key":"Strength Potion"},{"floor":33,"key":"Explosive Potion"},{"floor":39,"key":"Regen Potion"},{"floor":54,"key":"Energy Potion"}],"is_trial":false,"path_per_floor":["M","M","$","M","M","E","R","E","T","?","R","M","M","M","R","B",null,"M","$","?","?","M","R","?","M","T","M","?","R","?","M","R","B",null,"M","?","?","$","M","R","M","R","T","E","R","?","E","M","R","B",null,"R","$","E","B"],"character_chosen":"DEFECT","items_purchased":["Gash","Happy Flower"],"campfire_rested":2,"item_purchase_floors":[3,19],"current_hp_per_floor":[82,81,81,76,74,50,50,30,30,30,30,20,17,15,39,16,82,74,74,74,58,52,52,33,33,33,33,33,33,33,29,55,16,87,87,83,83,83,83,83,81,81,81,76,76,69,69,80,80,66,83,83,83,53,0],"gold":0,"neow_bonus":"TEN_PERCENT_HP_BONUS","is_prod":false,"is_daily":false,"chose_seed":false,"campfire_upgraded":4,"win_rate":0,"timestamp":1553213517,"path_taken":["M","M","$","M","M","E","R","E","T","?","R","M","M","M","R","BOSS","M","$","?","?","M","R","?","M","T","?","?","R","?","M","R","BOSS","M","?","?","?","?","R","M","R","T","E","R","?","E","M","R","BOSS","R","$","E","BOSS"],"build_version":"2019-01-23","purchased_purges":2,"victory":false,"max_hp_per_floor":[82,82,82,82,82,82,82,82,82,82,82,82,82,82,82,82,82,82,82,82,87,87,87,87,87,87,87,87,87,87,87,87,87,87,87,83,83,83,83,83,83,83,83,83,83,83,83,83,83,83,83,83,83,83,83],"card_choices":[{"not_picked":["Hologram","Beam Cell","Steam"],"picked":"SKIP","floor":1},{"not_picked":["Steam","Scrape"],"picked":"Cold Snap","floor":2},{"not_picked":["Leap","Darkness","Consume"],"picked":"SKIP","floor":4},{"not_picked":["Undo","Lockon"],"picked":"Compile Driver","floor":5},{"not_picked":["Stack","Streamline"],"picked":"Compile Driver","floor":6},{"not_picked":["Beam Cell","Auto Shields"],"picked":"Compile Driver","floor":8},{"not_picked":["Turbo","Glacier"],"picked":"Conserve Battery","floor":12},{"not_picked":["Genetic Algorithm","Go for the Eyes"],"picked":"Coolheaded","floor":13},{"not_picked":["Barrage","Hello World","Sweeping Beam"],"picked":"SKIP","floor":14},{"not_picked":["Recycle","Compile Driver"],"picked":"Steam+1","floor":18},{"not_picked":["Ball Lightning","Force Field+1"],"picked":"Beam Cell+1","floor":22},{"not_picked":["Force Field","White Noise+1"],"picked":"Barrage+1","floor":24},{"not_picked":["Stack","Redo+1","Beam Cell"],"picked":"SKIP","floor":25},{"not_picked":["Steam","Barrage","Auto Shields+1"],"picked":"SKIP","floor":27},{"not_picked":["Tempest","Storm"],"picked":"Conserve Battery+1","floor":31},{"not_picked":["Auto Shields+1","Rebound"],"picked":"Coolheaded+1","floor":35},{"not_picked":["Leap","Scrape"],"picked":"Rebound+1","floor":37},{"not_picked":["Cold Snap+1","Steam+1"],"picked":"Redo+1","floor":39},{"not_picked":["Beam Cell+1","Rebound"],"picked":"Gash+1","floor":41},{"not_picked":["Rip and Tear","Buffer"],"picked":"Gash","floor":44},{"not_picked":["BootSequence","Chaos"],"picked":"Hologram+1","floor":46},{"not_picked":["Leap+1","Redo+1"],"picked":"Gash+1","floor":47},{"not_picked":["Steam+1","Sweeping Beam","Lockon+1"],"picked":"SKIP","floor":48},{"not_picked":["Sweeping Beam","Gash","Echo Form"],"picked":"SKIP","floor":54}],"player_experience":510030,"relics_obtained":[{"floor":6,"key":"Peace Pipe"},{"floor":8,"key":"Blue Candle"},{"floor":9,"key":"Omamori"},{"floor":24,"key":"Red Mask"},{"floor":26,"key":"Bag of Preparation"},{"floor":37,"key":"Gambling Chip"},{"floor":44,"key":"Juzu Bracelet"},{"floor":46,"key":"Bird Faced Urn"},{"floor":47,"key":"Meat on the Bone"},{"floor":54,"key":"Ornamental Fan"}],"event_choices":[{"damage_healed":0,"gold_gain":0,"player_choice":"1 cards matched","damage_taken":0,"max_hp_gain":0,"max_hp_loss":0,"event_name":"Match and Keep!","floor":10,"gold_loss":0,"cards_obtained":["Zap"]},{"damage_healed":0,"gold_gain":0,"player_choice":"Ignored","damage_taken":0,"max_hp_gain":0,"max_hp_loss":0,"event_name":"Beggar","floor":20,"gold_loss":0},{"damage_healed":0,"gold_gain":0,"player_choice":"Shed Blood","damage_taken":21,"max_hp_gain":5,"max_hp_loss":0,"event_name":"Forgotten Altar","floor":21,"gold_loss":0},{"damage_healed":0,"gold_gain":0,"player_choice":"Fought Bandits","damage_taken":0,"max_hp_gain":0,"max_hp_loss":0,"event_name":"Masked Bandits","floor":24,"gold_loss":0},{"damage_healed":0,"gold_gain":0,"player_choice":"Inject Mutagens","damage_taken":0,"relics_obtained":["MutagenicStrength"],"max_hp_gain":0,"max_hp_loss":0,"event_name":"Drug Dealer","floor":28,"gold_loss":0},{"cards_removed":["Defend_B"],"damage_healed":0,"gold_gain":0,"player_choice":"Elegance","damage_taken":0,"max_hp_gain":0,"max_hp_loss":0,"event_name":"Back to Basics","floor":30,"gold_loss":0},{"damage_healed":0,"gold_gain":0,"player_choice":"Max HP","damage_taken":0,"max_hp_gain":0,"max_hp_loss":4,"event_name":"Winding Halls","floor":36,"gold_loss":0},{"damage_healed":0,"gold_gain":0,"player_choice":"Fight","damage_taken":0,"max_hp_gain":0,"max_hp_loss":0,"event_name":"MindBloom","floor":37,"gold_loss":0},{"damage_healed":0,"gold_gain":0,"player_choice":"Fight","damage_taken":0,"max_hp_gain":0,"max_hp_loss":0,"event_name":"Mysterious Sphere","floor":46,"gold_loss":0}],"is_beta":false,"boss_relics":[{"not_picked":["FrozenCore","Lizard Tail"],"picked":"Ectoplasm"},{"not_picked":["Snecko Eye","Runic Dome"],"picked":"Runic Pyramid"}],"items_purged_floors":[3,19],"is_endless":false,"potions_floor_spawned":[6,12,16,24,31,33,37,39,44,47,54],"killed_by":"The Heart","ascension_level":0}