{"gold_per_floor":[218,53,72,85,14,14,29,29,53,70,85,85,111,61,61,61],"floor_reached":16,"playtime":441,"items_purged":["Defend_R"],"score":102,"play_id":"cf0fc830-7f1e-435b-9511-5ed939f1df01","local_time":"20181027225706","is_ascension_mode":false,"campfire_choices":[{"data":"Burning Pact","floor":6,"key":"SMITH"},{"data":"Bash","floor":8,"key":"SMITH"},{"data":"Uppercut","floor":12,"key":"SMITH"},{"data":"Shrug It Off","floor":15,"key":"SMITH"}],"neow_cost":"NONE","seed_source_timestamp":45291653409856,"circlet_count":0,"master_deck":["Strike_R","Strike_R","Strike_R","Strike_R","Defend_R","Defend_R","Defend_R","Bash+1","Shrug It Off+1","Flash of Steel","Burning Pact+1","Brutality","Uppercut+1"],"relics":["Burning Blood","Anchor","Art of War"],"potions_floor_usage":[16,16],"damage_taken":[{"damage":6,"enemies":"Cultist","floor":1,"turns":3},{"damage":2,"enemies":"2 Louse","floor":3,"turns":3},{"damage":0,"enemies":"Small Slimes","floor":4,"turns":4},{"damage":16,"enemies":"3 Louse","floor":7,"turns":4},{"damage":4,"enemies":"2 Fungi Beasts","floor":10,"turns":4},{"damage":16,"enemies":"Exordium Thugs","floor":11,"turns":5},{"damage":36,"enemies":"Lagavulin","floor":13,"turns":6},{"damage":45,"enemies":"Hexaghost","floor":16,"turns":12}],"seed_played":"4674455667134652563","potions_obtained":[{"floor":3,"key":"Poison Potion"},{"floor":10,"key":"Weak Potion"},{"floor":11,"key":"BloodPotion"}],"is_trial":false,"path_per_floor":["M","$","M","M","$","R","M","R","T","M","M","R","E","?","R"],"character_chosen":"IRONCLAD","items_purchased":["Flash of Steel","Burning Pact"],"campfire_rested":0,"item_purchase_floors":[2,5],"current_hp_per_floor":[80,80,80,80,80,80,70,70,70,72,62,62,32,32,32,0],"gold":61,"neow_bonus":"HUNDRED_GOLD","is_prod":false,"is_daily":false,"chose_seed":false,"campfire_upgraded":4,"win_rate":0,"timestamp":1540652226,"path_taken":["M","$","M","?","$","R","M","R","T","M","?","R","E","?","R","BOSS"],"build_version":"2018-10-25v2","purchased_purges":1,"victory":false,"max_hp_per_floor":[80,80,80,80,80,80,80,80,80,80,80,80,80,80,80,80],"card_choices":[{"not_picked":["Iron Wave","Sever Soul"],"picked":"Shrug It Off","floor":1},{"not_picked":["Sword Boomerang","Rampage","Armaments"],"picked":"SKIP","floor":3},{"not_picked":["Warcry","Iron Wave","Headbutt"],"picked":"SKIP","floor":4},{"not_picked":["Warcry","Clash"],"picked":"Brutality","floor":7},{"not_picked":["Pummel","Heavy Blade","Body Slam"],"picked":"SKIP","floor":10},{"not_picked":["Cleave","Perfected Strike"],"picked":"Uppercut","floor":11},{"not_picked":["Corruption","Uppercut","Headbutt"],"picked":"SKIP","floor":13}],"player_experience":683225,"relics_obtained":[{"floor":9,"key":"Anchor"},{"floor":13,"key":"Art of War"}],"event_choices":[{"cards_removed":["Strike_R"],"damage_healed":0,"gold_gain":0,"player_choice":"Card Removal","damage_taken":0,"max_hp_gain":0,"max_hp_loss":0,"event_name":"The Cleric","floor":14,"gold_loss":50}],"is_beta":false,"boss_relics":[],"items_purged_floors":[2],"is_endless":false,"potions_floor_spawned":[3,10,11],"killed_by":"Hexaghost","ascension_level":0}