{"gold_per_floor":[13,75,75,88,106,106,106,106,106,139,151,181,223,285,297,385,397,426,87,103,113,131,131,160,160,239,273,290,290,300,335,335,407,407,425,338,349,26,40,65,65,93,93,93,110,143,160,172,172,172,172],"floor_reached":52,"playtime":2640,"items_purged":[],"score":2124,"play_id":"af1fe464-08f0-4f76-9946-991479be4d72","local_time":"20190223183009","is_ascension_mode":true,"campfire_choices":[{"data":"Sunder","floor":6.0,"key":"SMITH"},{"data":"Zap","floor":8.0,"key":"SMITH"},{"data":"Dualcast","floor":11.0,"key":"SMITH"},{"data":"Coolheaded","floor":15.0,"key":"SMITH"},{"data":"Defragment","floor":23.0,"key":"SMITH"},{"data":"Recycle","floor":25.0,"key":"SMITH"},{"data":"Double Energy","floor":29.0,"key":"SMITH"},{"data":"Skim","floor":32.0,"key":"SMITH"},{"data":"Defragment","floor":41.0,"key":"SMITH"},{"data":"Skim","floor":44.0,"key":"SMITH"},{"data":"Blizzard","floor":49.0,"key":"SMITH"}],"neow_cost":"NO_GOLD","seed_source_timestamp":509979390454052,"circlet_count":0,"master_deck":["AscendersBane","Defend_B","Defend_B","Defend_B","Defend_B","Zap+1","Dualcast+1","All For One","Stack","Compile Driver","Cold Snap","Sunder+1","Doom and Gloom","Glacier","Coolheaded+1","Electrodynamics","Steam","Recycle+1","Double Energy+1","Defragment+1","Turbo+1","Ball Lightning","Go for the Eyes","Clumsy","Reboot","Skim+1","Stack","Echo Form","Conserve Battery","Skim+1","Turbo","Compile Driver","Defragment+1","Reprogram","BootSequence","Steam Power+1","Seek","Blizzard+1"],"special_seed":0,"relics":["Cracked Core","Centennial Puzzle","Cables","MawBank","Meat on the Bone","Cursed Key","Runic Capacitor","Pear","PreservedInsect","Strawberry","Empty Cage","Prayer Wheel","Unceasing Top","Blue Candle","Nunchaku"],"potions_floor_usage":[51,51],"damage_taken":[{"damage":5.0,"enemies":"2 Louse","floor":1.0,"turns":3.0},{"damage":0.0,"enemies":"Jaw Worm","floor":4.0,"turns":4.0},{"damage":5.0,"enemies":"Small Slimes","floor":5.0,"turns":3.0},{"damage":4.0,"enemies":"3 Sentries","floor":10.0,"turns":4.0},{"damage":3.0,"enemies":"Gremlin Gang","floor":12.0,"turns":3.0},{"damage":11.0,"enemies":"Gremlin Nob","floor":13.0,"turns":3.0},{"damage":30.0,"enemies":"Hexaghost","floor":16.0,"turns":8.0},{"damage":8.0,"enemies":"3 Byrds","floor":18.0,"turns":2.0},{"damage":0.0,"enemies":"Spheric Guardian","floor":20.0,"turns":4.0},{"damage":8.0,"enemies":"3 Cultists","floor":21.0,"turns":5.0},{"damage":1.0,"enemies":"Chosen and Byrds","floor":22.0,"turns":4.0},{"damage":29.0,"enemies":"Slavers","floor":24.0,"turns":3.0},{"damage":17.0,"enemies":"Book of Stabbing","floor":27.0,"turns":4.0},{"damage":0.0,"enemies":"Snecko","floor":28.0,"turns":3.0},{"damage":4.0,"enemies":"Shelled Parasite and Fungi","floor":30.0,"turns":3.0},{"damage":15.0,"enemies":"Gremlin Leader","floor":31.0,"turns":4.0},{"damage":22.0,"enemies":"Champ","floor":33.0,"turns":10.0},{"damage":1.0,"enemies":"3 Shapes","floor":35.0,"turns":3.0},{"damage":1.0,"enemies":"Orb Walker","floor":37.0,"turns":3.0},{"damage":8.0,"enemies":"Spire Growth","floor":39.0,"turns":5.0},{"damage":31.0,"enemies":"Giant Head","floor":40.0,"turns":6.0},{"damage":24.0,"enemies":"Nemesis","floor":42.0,"turns":7.0},{"damage":5.0,"enemies":"Sphere and 2 Shapes","floor":45.0,"turns":3.0},{"damage":1.0,"enemies":"Reptomancer","floor":46.0,"turns":4.0},{"damage":17.0,"enemies":"3 Darklings","floor":47.0,"turns":3.0},{"damage":1.0,"enemies":"Spire Growth","floor":48.0,"turns":4.0},{"damage":41.0,"enemies":"Time Eater","floor":50.0,"turns":14.0},{"damage":11,"enemies":"Awakened One","floor":51,"turns":19}],"seed_played":"6761184724296187669","potions_obtained":[{"floor":5.0,"key":"Ancient Potion"},{"floor":10.0,"key":"Regen Potion"},{"floor":13.0,"key":"Regen Potion"},{"floor":20.0,"key":"Dexterity Potion"},{"floor":27.0,"key":"SteroidPotion"},{"floor":37.0,"key":"Energy Potion"},{"floor":40.0,"key":"Strength Potion"}],"is_trial":false,"path_per_floor":["M","?","?","M","M","R","?","R","T","E","R","M","E","?","R","B",null,"M","$","M","M","M","R","E","R","T","E","M","R","M","E","R","B",null,"M","$","M","$","M","E","R","E","T","R","M","E","M","M","R","B","B",null],"character_chosen":"DEFECT","items_purchased":["Recycle","Runic Capacitor","Double Energy","Skim","Prayer Wheel"],"campfire_rested":0,"item_purchase_floors":[19,19,19,36,38],"current_hp_per_floor":[59,59,48,48,43,43,48,48,48,44,44,41,30,30,30,27,64,56,56,56,48,47,47,49,49,49,44,44,44,52,56,56,46,81,80,80,79,79,71,52,52,40,40,40,47,58,53,52,52,23,24],"gold":172,"neow_bonus":"TRANSFORM_TWO_CARDS","is_prod":false,"is_daily":false,"chose_seed":false,"campfire_upgraded":11,"win_rate":0,"timestamp":1550917809,"path_taken":["M","?","?","M","M","R","?","R","T","E","R","M","E","?","R","BOSS","M","$","?","?","M","R","E","R","T","E","?","R","M","E","R","BOSS","M","?","M","$","?","E","R","E","T","R","M","E","?","M","R","BOSS","BOSS"],"build_version":"2019-01-23","purchased_purges":0,"victory":true,"max_hp_per_floor":[71,71,71,71,71,71,76,76,76,76,76,76,76,76,76,76,76,76,76,76,76,76,76,86,86,86,86,86,86,86,93,93,93,93,93,93,93,93,93,93,93,93,93,93,93,93,93,93,93,93,93],"card_choices":[{"not_picked":["Conserve Battery","Hologram"],"picked":"Compile Driver","floor":1.0},{"not_picked":["Streamline","Hologram"],"picked":"Cold Snap","floor":4.0},{"not_picked":["Tempest","Genetic Algorithm"],"picked":"Sunder","floor":5.0},{"not_picked":["Static Discharge","Lockon"],"picked":"Doom and Gloom","floor":10.0},{"not_picked":["Compile Driver","Redo"],"picked":"Glacier","floor":12.0},{"not_picked":["Aggregate","Sunder"],"picked":"Coolheaded","floor":13.0},{"not_picked":["Hyperbeam","Thunder Strike"],"picked":"Electrodynamics","floor":16.0},{"not_picked":["Rebound+1","Storm"],"picked":"Steam","floor":18.0},{"not_picked":["Redo","Beam Cell"],"picked":"Defragment","floor":20.0},{"not_picked":["Rebound","Conserve Battery+1"],"picked":"Turbo+1","floor":21.0},{"not_picked":["Turbo","Recycle"],"picked":"Ball Lightning","floor":22.0},{"not_picked":["Force Field","Ball Lightning"],"picked":"Go for the Eyes","floor":24.0},{"not_picked":["Chill","Turbo"],"picked":"Reboot","floor":27.0},{"not_picked":["Leap","Coolheaded"],"picked":"Skim","floor":28.0},{"not_picked":["Streamline","Redo"],"picked":"Stack","floor":30.0},{"not_picked":["Steam","Double Energy","Sweeping Beam"],"picked":"SKIP","floor":31.0},{"not_picked":["Creative AI","Multi-Cast"],"picked":"Echo Form","floor":33.0},{"not_picked":["FTL","Melter+1"],"picked":"Conserve Battery","floor":35.0},{"not_picked":["Beam Cell","Chaos"],"picked":"Turbo","floor":37.0},{"not_picked":["Fusion","Beam Cell"],"picked":"Compile Driver","floor":39.0},{"not_picked":["Beam Cell+1","Auto Shields","Sweeping Beam"],"picked":"SKIP","floor":39.0},{"not_picked":["Steam","Hyperbeam"],"picked":"Defragment","floor":40.0},{"not_picked":["Leap","Meteor Strike"],"picked":"Reprogram","floor":42.0},{"not_picked":["Melter","Barrage"],"picked":"BootSequence","floor":45.0},{"not_picked":["Lockon+1","Turbo"],"picked":"Steam Power+1","floor":45.0},{"not_picked":["Ball Lightning","Machine Learning"],"picked":"Seek","floor":46.0},{"not_picked":["Ball Lightning","Conserve Battery","Turbo"],"picked":"SKIP","floor":47.0},{"not_picked":["Storm","Beam Cell","Rebound"],"picked":"SKIP","floor":47.0},{"not_picked":["Conserve Battery+1","Turbo"],"picked":"Blizzard","floor":48.0},{"not_picked":["Lockon","Leap","Ball Lightning+1"],"picked":"SKIP","floor":48.0}],"player_experience":940790,"relics_obtained":[{"floor":9.0,"key":"Cables"},{"floor":10.0,"key":"MawBank"},{"floor":13.0,"key":"Meat on the Bone"},{"floor":24.0,"key":"Pear"},{"floor":27.0,"key":"PreservedInsect"},{"floor":31.0,"key":"Strawberry"},{"floor":40.0,"key":"Unceasing Top"},{"floor":42.0,"key":"Blue Candle"},{"floor":46.0,"key":"Nunchaku"}],"event_choices":[{"damage_healed":0.0,"max_hp_gain":0.0,"max_hp_loss":0.0,"gold_gain":62.0,"event_name":"Golden Wing","player_choice":"Gained Gold","floor":2.0,"gold_loss":0.0,"damage_taken":0.0},{"damage_healed":0.0,"max_hp_gain":0.0,"max_hp_loss":0.0,"gold_gain":0.0,"event_name":"Scrap Ooze","player_choice":"Success","floor":3.0,"gold_loss":0.0,"damage_taken":11.0,"relics_obtained":["Centennial Puzzle"]},{"damage_healed":0.0,"max_hp_gain":5.0,"max_hp_loss":0.0,"gold_gain":0.0,"event_name":"Big Fish","player_choice":"Donut","floor":7.0,"gold_loss":0.0,"damage_taken":0.0},{"damage_healed":0.0,"max_hp_gain":0.0,"max_hp_loss":0.0,"gold_gain":50.0,"event_name":"Golden Shrine","player_choice":"Pray","floor":14.0,"gold_loss":0.0,"damage_taken":0.0}],"is_beta":false,"boss_relics":[{"not_picked":["Astrolabe","Fusion Hammer"],"picked":"Cursed Key"},{"not_picked":["Busted Crown","Snecko Eye"],"picked":"Empty Cage"}],"items_purged_floors":[],"is_endless":false,"potions_floor_spawned":[5,10,13,20,21,27,37,40,48],"ascension_level":20}