{"gold_per_floor":[115,115,129,148,223,256,271,271],"floor_reached":8,"playtime":441,"items_purged":[],"score":116,"play_id":"b05541c8-3a7c-4a99-9dae-2e911c90d478","local_time":"20190727172502","is_ascension_mode":true,"campfire_choices":[],"neow_cost":"NONE","seed_source_timestamp":201746536996004,"circlet_count":0,"master_deck":["AscendersBane","Strike_G","Strike_G","Strike_G","Strike_G","Strike_G","Defend_G","Defend_G","Defend_G","Defend_G","Defend_G","Survivor","Neutralize","Dagger Spray+1","Poisoned Stab","Skewer","Well Laid Plans","Deadly Poison"],"relics":["Ring of the Snake","Oddly Smooth Stone"],"potions_floor_usage":[6,8],"damage_taken":[{"damage":4,"enemies":"Cultist","floor":1,"turns":5},{"damage":0,"enemies":"Small Slimes","floor":3,"turns":2},{"damage":0,"enemies":"2 Louse","floor":4,"turns":3},{"damage":37,"enemies":"3 Sentries","floor":6,"turns":6},{"damage":1,"enemies":"Large Slime","floor":7,"turns":6},{"damage":35,"enemies":"Gremlin Nob","floor":8,"turns":3}],"seed_played":"-7644476679035507728","potions_obtained":[{"floor":1,"key":"Poison Potion"},{"floor":4,"key":"LiquidBronze"}],"is_trial":false,"path_per_floor":["M","?","M","M","?","E","M","E"],"character_chosen":"THE_SILENT","items_purchased":[],"campfire_rested":0,"item_purchase_floors":[],"current_hp_per_floor":[61,61,61,61,50,13,12,0],"gold":271,"neow_bonus":"TEN_PERCENT_HP_BONUS","is_prod":false,"is_daily":false,"chose_seed":false,"campfire_upgraded":0,"win_rate":0,"timestamp":1564241102,"path_taken":["M","?","M","M","?","E","M","E"],"build_version":"2019-07-17","purchased_purges":0,"victory":false,"max_hp_per_floor":[72,72,72,72,72,72,72,72],"card_choices":[{"not_picked":["Well Laid Plans","Distraction"],"picked":"Dagger Spray","floor":1},{"not_picked":["PiercingWail","Dagger Throw"],"picked":"Poisoned Stab","floor":3},{"not_picked":["Deflect","Tactician"],"picked":"Skewer","floor":4},{"not_picked":["Escape Plan","Poisoned Stab"],"picked":"Well Laid Plans","floor":6},{"not_picked":["Prepared","Underhanded Strike"],"picked":"Deadly Poison","floor":7}],"player_experience":772405,"relics_obtained":[{"floor":6,"key":"Oddly Smooth Stone"}],"event_choices":[{"damage_healed":0,"gold_gain":0,"player_choice":"Grow","damage_taken":0,"max_hp_gain":0,"max_hp_loss":0,"event_name":"Living Wall","floor":2,"gold_loss":0,"cards_upgraded":["Dagger Spray"]},{"damage_healed":0,"gold_gain":75,"player_choice":"Gather Gold","damage_taken":11,"max_hp_gain":0,"max_hp_loss":0,"event_name":"World of Goop","floor":5,"gold_loss":0}],"is_beta":false,"boss_relics":[],"items_purged_floors":[],"is_endless":false,"potions_floor_spawned":[1,4],"killed_by":"Gremlin Nob","ascension_level":20}