{"gold_per_floor":[115,115,32,32,48,48,82,7,86,86,86,114,114,114,114,114],"floor_reached":16,"playtime":330,"items_purged":[],"score":258,"play_id":"1673482e-b8ed-4c80-82a3-5b7381edd074","local_time":"20190302163107","is_ascension_mode":true,"campfire_choices":[{"data":"Zap","floor":6,"key":"SMITH"},{"data":"Loop","floor":11,"key":"SMITH"},{"data":"Dualcast","floor":13,"key":"SMITH"},{"floor":15,"key":"DIG"}],"neow_cost":"NONE","seed_source_timestamp":176423340215064,"circlet_count":0,"master_deck":["AscendersBane","Strike_B","Defend_B","Defend_B","Defend_B","Defend_B","Zap+1","Dualcast+1","BootSequence","Loop+1","Cold Snap","Conserve Battery","Compile Driver","Auto Shields"],"relics":["Cracked Core","NeowsBlessing","Blood Vial","Meat on the Bone","Shovel","Golden Idol","Ornamental Fan"],"potions_floor_usage":[16,16],"damage_taken":[{"damage":0,"enemies":"Small Slimes","floor":1,"turns":1},{"damage":0,"enemies":"2 Louse","floor":5,"turns":1},{"damage":0,"enemies":"Gremlin Nob","floor":7,"turns":1},{"damage":35,"enemies":"3 Sentries","floor":12,"turns":10},{"damage":31,"enemies":"Hexaghost","floor":16,"turns":11}],"seed_played":"9184878560192919173","potions_obtained":[{"floor":1,"key":"Poison Potion"},{"floor":12,"key":"PowerPotion"}],"is_trial":false,"path_per_floor":["M","?","$","?","M","R","E","?","T","?","R","E","R","?","R","B"],"character_chosen":"DEFECT","items_purchased":["Loop"],"campfire_rested":0,"item_purchase_floors":[3],"current_hp_per_floor":[64,57,57,47,47,47,47,47,47,47,47,26,26,26,26,0],"gold":114,"neow_bonus":"THREE_ENEMY_KILL","is_prod":false,"is_daily":false,"chose_seed":false,"campfire_upgraded":3,"win_rate":0,"timestamp":1551515467,"path_taken":["M","?","$","?","?","R","E","?","T","?","R","E","R","?","R","BOSS"],"build_version":"2019-01-23","purchased_purges":0,"victory":false,"max_hp_per_floor":[71,71,71,71,71,71,71,71,71,71,71,71,71,64,64,64],"card_choices":[{"not_picked":["Steam Power","Gash"],"picked":"BootSequence","floor":1},{"not_picked":["Barrage","Conserve Battery"],"picked":"Cold Snap","floor":5},{"not_picked":["Go for the Eyes","Sweeping Beam"],"picked":"Conserve Battery","floor":7},{"not_picked":["Stack","Multi-Cast"],"picked":"Auto Shields","floor":12}],"player_experience":1071780,"relics_obtained":[{"floor":7,"key":"Blood Vial"},{"floor":9,"key":"Meat on the Bone"},{"floor":12,"key":"Shovel"},{"floor":15,"key":"Ornamental Fan"}],"event_choices":[{"cards_removed":["Strike_B"],"damage_healed":0,"gold_gain":0,"player_choice":"Card Removal","damage_taken":7,"max_hp_gain":0,"max_hp_loss":0,"event_name":"Golden Wing","floor":2,"gold_loss":0},{"damage_healed":0,"gold_gain":0,"player_choice":"Damaged","damage_taken":10,"max_hp_gain":0,"max_hp_loss":0,"event_name":"Wheel of Change","floor":4,"gold_loss":0},{"cards_removed":["Strike_B"],"damage_healed":0,"gold_gain":0,"player_choice":"Card Removal","damage_taken":0,"max_hp_gain":0,"max_hp_loss":0,"event_name":"The Cleric","floor":8,"gold_loss":75},{"damage_healed":0,"gold_gain":0,"cards_transformed":["Strike_B"],"player_choice":"Change","damage_taken":0,"max_hp_gain":0,"max_hp_loss":0,"event_name":"Living Wall","floor":10,"gold_loss":0,"cards_obtained":["Compile Driver"]},{"damage_healed":0,"gold_gain":0,"player_choice":"Lose Max HP","damage_taken":0,"relics_obtained":["Golden Idol"],"max_hp_gain":0,"max_hp_loss":7,"event_name":"Golden Idol","floor":14,"gold_loss":0}],"is_beta":false,"boss_relics":[],"items_purged_floors":[],"is_endless":false,"potions_floor_spawned":[1,12],"killed_by":"Hexaghost","ascension_level":20}