{"gold_per_floor":[115,125,50,50,325,325,340,357,439,439,472,472,483,496,496,574,574,588,347,347,347,272,300,300,300],"floor_reached":25,"playtime":9838,"items_purged":["Strike_B"],"score":438,"play_id":"ed159158-27f8-4588-8a33-9c6d854a6f86","local_time":"20190311200204","is_ascension_mode":true,"campfire_choices":[{"data":"Defragment","floor":6.0,"key":"SMITH"},{"data":"Coolheaded","floor":10.0,"key":"SMITH"},{"data":"Defragment","floor":12.0,"key":"SMITH"},{"data":"Dualcast","floor":15.0,"key":"SMITH"},{"data":"Fission","floor":24.0,"key":"SMITH"}],"neow_cost":"NONE","seed_source_timestamp":22518928658713,"circlet_count":0,"master_deck":["AscendersBane","Defend_B","Defend_B","Defend_B","Defend_B","Zap","Dualcast+1","Undo","Chill","Defragment+1","Regret","Regret","Coolheaded+1","Coolheaded","Defragment+1","Heatsinks","Rip and Tear","Buffer","Tempest+1","Pain","Recycle","Lockon","Fission+1"],"special_seed":0,"relics":["Cracked Core","NeowsBlessing","Anchor","Blue Candle","Gremlin Horn","Coffee Dripper","Juzu Bracelet","WarpedTongs","Bottled Tornado"],"potions_floor_usage":[25],"damage_taken":[{"damage":0.0,"enemies":"Jaw Worm","floor":1.0,"turns":1.0},{"damage":0.0,"enemies":"Small Slimes","floor":2.0,"turns":1.0},{"damage":0.0,"enemies":"Cultist","floor":7.0,"turns":1.0},{"damage":11.0,"enemies":"Large Slime","floor":8.0,"turns":5.0},{"damage":15.0,"enemies":"3 Sentries","floor":11.0,"turns":10.0},{"damage":3.0,"enemies":"Lots of Slimes","floor":13.0,"turns":5.0},{"damage":2.0,"enemies":"2 Fungi Beasts","floor":14.0,"turns":4.0},{"damage":17.0,"enemies":"The Guardian","floor":16.0,"turns":15.0},{"damage":18.0,"enemies":"3 Byrds","floor":18.0,"turns":5.0},{"damage":13.0,"enemies":"Book of Stabbing","floor":23.0,"turns":6.0},{"damage":27,"enemies":"Slavers","floor":25,"turns":4}],"seed_played":"-5373878400622064392","potions_obtained":[{"floor":1.0,"key":"SteroidPotion"},{"floor":11.0,"key":"Block Potion"},{"floor":16.0,"key":"SpeedPotion"},{"floor":23.0,"key":"Ancient Potion"}],"is_trial":false,"path_per_floor":["M","M","$","?","?","R","M","M","T","R","E","R","M","M","R","B",null,"M","$","?","?","?","E","R","E"],"character_chosen":"DEFECT","items_purchased":["Defragment","Juzu Bracelet"],"campfire_rested":0,"item_purchase_floors":[3,19],"current_hp_per_floor":[64,64,64,64,64,64,64,53,53,53,38,38,35,33,33,16,57,39,39,39,39,39,26,26,0],"gold":300,"neow_bonus":"THREE_ENEMY_KILL","is_prod":false,"is_daily":false,"chose_seed":false,"campfire_upgraded":5,"win_rate":0,"timestamp":1552305724,"path_taken":["M","M","$","?","?","R","M","?","T","R","E","R","M","M","R","BOSS","M","$","?","?","?","E","R","E"],"build_version":"2019-01-23","purchased_purges":1,"victory":false,"max_hp_per_floor":[71,71,71,71,71,71,71,71,71,71,71,71,71,71,71,71,71,71,71,71,71,71,71,71,71],"card_choices":[{"not_picked":["Streamline","Stack"],"picked":"Undo","floor":1.0},{"not_picked":["Coolheaded","Stack"],"picked":"Chill","floor":2.0},{"not_picked":["Leap","Scrape"],"picked":"Coolheaded","floor":7.0},{"not_picked":["Machine Learning","Stack"],"picked":"Coolheaded","floor":8.0},{"not_picked":["Conserve Battery","Reprogram"],"picked":"Defragment","floor":11.0},{"not_picked":["Force Field","Hologram"],"picked":"Heatsinks","floor":13.0},{"not_picked":["Stack","Barrage"],"picked":"Rip and Tear","floor":14.0},{"not_picked":["Seek","Thunder Strike"],"picked":"Buffer","floor":16.0},{"not_picked":["Ball Lightning","Turbo"],"picked":"Tempest+1","floor":18.0},{"not_picked":["Go for the Eyes","Auto Shields"],"picked":"Fission","floor":23.0}],"player_experience":3486494,"relics_obtained":[{"floor":9.0,"key":"Blue Candle"},{"floor":11.0,"key":"Gremlin Horn"},{"floor":23.0,"key":"Bottled Tornado"}],"event_choices":[{"damage_healed":0.0,"max_hp_gain":0.0,"max_hp_loss":0.0,"gold_gain":0.0,"event_name":"Big Fish","player_choice":"Box","floor":4.0,"gold_loss":0.0,"damage_taken":0.0,"relics_obtained":["Anchor"],"cards_obtained":["Regret"]},{"damage_healed":0.0,"max_hp_gain":0.0,"max_hp_loss":0.0,"gold_gain":275.0,"event_name":"Golden Shrine","player_choice":"Desecrate","floor":5.0,"gold_loss":0.0,"damage_taken":0.0,"cards_obtained":["Regret"]},{"damage_healed":0.0,"max_hp_gain":0.0,"max_hp_loss":0.0,"gold_gain":0.0,"event_name":"Accursed Blacksmith","player_choice":"Rummage","floor":20.0,"gold_loss":0.0,"damage_taken":0.0,"relics_obtained":["WarpedTongs"],"cards_obtained":["Pain"]},{"damage_healed":0.0,"max_hp_gain":0.0,"max_hp_loss":0.0,"gold_gain":0.0,"cards_transformed":["Strike_B","Strike_B"],"event_name":"Drug Dealer","player_choice":"Became Test Subject","floor":21.0,"gold_loss":0.0,"damage_taken":0.0,"cards_obtained":["Recycle","Lockon"]},{"cards_removed":["Strike_B"],"damage_healed":0.0,"max_hp_gain":0.0,"max_hp_loss":0.0,"gold_gain":0.0,"event_name":"Beggar","player_choice":"Gave Gold","floor":22.0,"gold_loss":75.0,"damage_taken":0.0}],"is_beta":false,"boss_relics":[{"not_picked":["Empty Cage","Tiny House"],"picked":"Coffee Dripper"}],"items_purged_floors":[19],"is_endless":false,"potions_floor_spawned":[1,11,16,23],"killed_by":"Slavers","ascension_level":20}