{"gold_per_floor":[111,131,148,167,177,177,102,23,23,23,38,38,54,54,54,131,131,143,143],"floor_reached":19,"playtime":756,"items_purged":["Strike_G"],"score":422,"play_id":"68362b6e-867b-46d5-85ce-13727852d25d","local_time":"20190226221932","is_ascension_mode":true,"campfire_choices":[{"data":"Acrobatics","floor":6.0,"key":"SMITH"},{"data":"Well Laid Plans","floor":10.0,"key":"SMITH"},{"data":"Tactician","floor":15,"key":"SMITH"}],"neow_cost":"NONE","seed_source_timestamp":49006874753013,"circlet_count":0,"master_deck":["AscendersBane","Defend_G","Defend_G","Defend_G","Defend_G","Defend_G","Strike_G","Strike_G","Strike_G","Strike_G","Survivor","Neutralize","Predator","Tactician+1","Acrobatics+1","Well Laid Plans+1","Masterful Stab","Burst"],"special_seed":0,"relics":["Ring of the Snake","NeowsBlessing","Mercury Hourglass","Bottled Tornado","WristBlade"],"potions_floor_usage":[16,16],"damage_taken":[{"damage":0.0,"enemies":"Cultist","floor":1.0,"turns":1.0},{"damage":0.0,"enemies":"Jaw Worm","floor":2.0,"turns":1.0},{"damage":0.0,"enemies":"2 Louse","floor":3.0,"turns":1.0},{"damage":1.0,"enemies":"Exordium Wildlife","floor":4.0,"turns":3.0},{"damage":8.0,"enemies":"3 Louse","floor":5.0,"turns":4.0},{"damage":16,"enemies":"Exordium Thugs","floor":11,"turns":4},{"damage":2,"enemies":"2 Fungi Beasts","floor":13,"turns":3},{"damage":0,"enemies":"Hexaghost","floor":16,"turns":9},{"damage":6,"enemies":"3 Byrds","floor":18,"turns":5},{"damage":1,"enemies":"Spheric Guardian","floor":19,"turns":3}],"seed_played":"-4862467734768804420","potions_obtained":[{"floor":1.0,"key":"Strength Potion"},{"floor":3.0,"key":"Explosive Potion"},{"floor":5.0,"key":"Block Potion"},{"floor":16,"key":"Poison Potion"}],"is_trial":false,"path_per_floor":["M","M","M","M","M","R","$","$","T","R","M","?","M","T","R","B",null,"M","M"],"character_chosen":"THE_SILENT","items_purchased":["Well Laid Plans"],"campfire_rested":0,"item_purchase_floors":[8],"current_hp_per_floor":[59,59,59,58,50,50,50,50,50,50,34,39,37,37,37,37,63,57,56],"gold":143,"neow_bonus":"THREE_ENEMY_KILL","is_prod":false,"is_daily":false,"chose_seed":false,"campfire_upgraded":3,"win_rate":0,"timestamp":1551190772,"path_taken":["M","M","?","M","M","R","?","$","T","R","M","?","M","?","R","BOSS","M","M"],"build_version":"2019-01-23","purchased_purges":1,"victory":false,"max_hp_per_floor":[66,66,66,66,66,66,66,66,66,66,66,71,71,71,71,71,71,71,71],"card_choices":[{"not_picked":["All Out Attack","Dagger Spray"],"picked":"Predator","floor":1.0},{"not_picked":["Outmaneuver","Eviscerate"],"picked":"Tactician","floor":2.0},{"not_picked":["Dodge and Roll","PiercingWail"],"picked":"Acrobatics","floor":3.0},{"not_picked":["Bane","Storm of Steel","Deflect"],"picked":"SKIP","floor":4.0},{"not_picked":["Cloak And Dagger","Deflect","Slice"],"picked":"SKIP","floor":5.0},{"not_picked":["Predator","Distraction","Blade Dance"],"picked":"SKIP","floor":11},{"not_picked":["Dagger Throw","Underhanded Strike"],"picked":"Masterful Stab","floor":13},{"not_picked":["Phantasmal Killer","Corpse Explosion"],"picked":"Burst","floor":16},{"not_picked":["Choke","Crippling Poison","Deadly Poison"],"picked":"SKIP","floor":18}],"player_experience":3181757,"relics_obtained":[{"floor":9.0,"key":"Mercury Hourglass"},{"floor":14,"key":"Bottled Tornado"}],"event_choices":[{"damage_healed":0,"gold_gain":0,"player_choice":"Donut","damage_taken":0,"max_hp_gain":5,"max_hp_loss":0,"event_name":"Big Fish","floor":12,"gold_loss":0}],"is_beta":false,"boss_relics":[{"not_picked":["Ring of the Serpent","Fusion Hammer"],"picked":"WristBlade"}],"items_purged_floors":[7],"is_endless":false,"potions_floor_spawned":[1,3,5,11,16],"killed_by":"Spheric Guardian","ascension_level":20}