{"gold_per_floor":[15,32,32,51,1,1,15,31,31,31,42,42,77,90,90,188,188,203,177,59,59,79,114,114,213,267,299,219,219,239,251,251,353,353,372,385,433,16,36,91,91,108,156,36,0,0,20,20,20,20],"floor_reached":51,"playtime":1987,"items_purged":["Strike_G","Defend_G","Strike_G","Defend_G"],"score":919,"play_id":"2d7f9d16-ece1-4a24-b9cd-437b3b7dae81","local_time":"20181024034838","is_ascension_mode":false,"campfire_choices":[{"data":"Well Laid Plans","floor":6,"key":"SMITH"},{"data":"All Out Attack","floor":10,"key":"SMITH"},{"data":"Neutralize","floor":12,"key":"SMITH"},{"data":"Burst","floor":15,"key":"SMITH"},{"floor":24,"key":"REST"},{"floor":29,"key":"REST"},{"floor":32,"key":"REST"},{"floor":41,"key":"REST"},{"floor":46,"key":"REST"},{"floor":49,"key":"REST"}],"neow_cost":"NO_GOLD","seed_source_timestamp":2231649799566,"circlet_count":0,"master_deck":["Defend_G","Strike_G","Survivor","Neutralize+1","Well Laid Plans+1","All Out Attack+1","Backflip","Backflip","Terror","Burst+1","Backflip","Malaise","Footwork+1","Poisoned Stab","Noxious Fumes","Blur+1","Catalyst+1","Noxious Fumes","Noxious Fumes","Corpse Explosion","Blur","Backflip","Apotheosis","Footwork","Wraith Form v2","Deadly Poison","Master of Strategy","Dark Shackles","The Bomb"],"relics":["Ring of the Snake","Matryoshka","The Courier","Fusion Hammer","Kunai","Oddly Smooth Stone","Strawberry","Pear","Sozu","Ginger","Regal Pillow","Tiny Chest","PreservedInsect","Art of War","Red Mask"],"potions_floor_usage":[16,50],"damage_taken":[{"damage":0,"enemies":"Small Slimes","floor":1,"turns":3},{"damage":0,"enemies":"Jaw Worm","floor":2,"turns":4},{"damage":0,"enemies":"2 Louse","floor":4,"turns":3},{"damage":0,"enemies":"Blue Slaver","floor":7,"turns":4},{"damage":0,"enemies":"3 Louse","floor":8,"turns":1},{"damage":0,"enemies":"Lots of Slimes","floor":11,"turns":1},{"damage":12,"enemies":"Gremlin Nob","floor":13,"turns":4},{"damage":0,"enemies":"Large Slime","floor":14,"turns":3},{"damage":0,"enemies":"Slime Boss","floor":16,"turns":11},{"damage":0,"enemies":"3 Byrds","floor":18,"turns":6},{"damage":1,"enemies":"2 Thieves","floor":19,"turns":5},{"damage":0,"enemies":"Colosseum Slavers","floor":21,"turns":6},{"damage":0,"enemies":"Cultist and Chosen","floor":22,"turns":5},{"damage":11,"enemies":"Slavers","floor":23,"turns":7},{"damage":2,"enemies":"Book of Stabbing","floor":27,"turns":5},{"damage":0,"enemies":"Snake Plant","floor":30,"turns":5},{"damage":0,"enemies":"Shelled Parasite and Fungi","floor":31,"turns":5},{"damage":0,"enemies":"Automaton","floor":33,"turns":7},{"damage":0,"enemies":"Orb Walker","floor":35,"turns":3},{"damage":31,"enemies":"3 Darklings","floor":36,"turns":3},{"damage":2,"enemies":"2 Orb Walkers","floor":37,"turns":3},{"damage":0,"enemies":"4 Shapes","floor":39,"turns":5},{"damage":0,"enemies":"Giant Head","floor":40,"turns":6},{"damage":11,"enemies":"Sphere and 2 Shapes","floor":42,"turns":4},{"damage":0,"enemies":"Spire Growth","floor":47,"turns":5},{"damage":15,"enemies":"Awakened One","floor":50,"turns":12}],"seed_played":"7639797297148408355","potions_obtained":[{"floor":2,"key":"Energy Potion"},{"floor":8,"key":"SpeedPotion"},{"floor":13,"key":"PowerPotion"},{"floor":16,"key":"EntropicBrew"}],"is_trial":false,"path_per_floor":["M","M","?","M","?","R","M","M","T","R","M","R","E","M","R","B",null,"M","M","$","?","M","E","R","?","T","E","$","R","M","M","R","B",null,"M","M","?","$","M","E","R","M","T","$","?","R","M","?","R","B"],"character_chosen":"THE_SILENT","items_purchased":["Noxious Fumes","Apotheosis","Regal Pillow","Footwork"],"campfire_rested":6,"item_purchase_floors":[20,38,38,38],"current_hp_per_floor":[70,70,70,70,70,70,70,70,70,70,70,70,58,58,58,58,70,70,69,69,69,69,58,70,70,77,85,85,87,87,87,87,87,87,87,56,54,54,54,54,87,76,76,76,76,87,87,77,87,72],"gold":20,"neow_bonus":"REMOVE_TWO","is_prod":false,"is_daily":false,"chose_seed":false,"campfire_upgraded":4,"win_rate":0,"timestamp":1540324118,"path_taken":["M","M","?","M","?","R","M","M","T","R","?","R","E","M","R","BOSS","M","M","$","?","M","E","R","?","T","E","$","R","M","M","R","BOSS","M","M","?","?","?","E","R","M","T","$","?","R","M","?","R","BOSS"],"build_version":"2018-10-18","purchased_purges":4,"victory":true,"max_hp_per_floor":[70,70,70,70,70,70,70,70,70,70,70,70,70,70,70,70,70,70,70,70,70,70,70,70,70,77,87,87,87,87,87,87,87,87,87,87,87,87,87,87,87,87,87,87,87,87,87,87,87,87],"card_choices":[{"not_picked":["Outmaneuver","Prepared"],"picked":"Well Laid Plans","floor":1},{"not_picked":["Deflect","Acrobatics","Dagger Throw"],"picked":"SKIP","floor":2},{"not_picked":["Riddle With Holes","Blade Dance"],"picked":"Backflip","floor":4},{"not_picked":["Deflect","Endless Agony"],"picked":"Backflip","floor":7},{"not_picked":["Prepared","Slice","Quick Slash"],"picked":"SKIP","floor":8},{"not_picked":["Blade Dance","Bane"],"picked":"Terror","floor":11},{"not_picked":["Leg Sweep","Concentrate"],"picked":"Burst","floor":13},{"not_picked":["Flying Knee","Prepared"],"picked":"Backflip","floor":14},{"not_picked":["Unload","Tools of the Trade"],"picked":"Malaise","floor":16},{"not_picked":["Skewer","Eviscerate"],"picked":"Footwork+1","floor":18},{"not_picked":["Slice","Predator"],"picked":"Poisoned Stab","floor":19},{"not_picked":["Poisoned Stab","Flying Knee"],"picked":"Blur+1","floor":22},{"not_picked":["Crippling Poison","Malaise"],"picked":"Catalyst+1","floor":23},{"not_picked":["Outmaneuver","Masterful Stab","Quick Slash"],"picked":"SKIP","floor":27},{"not_picked":["Reflex","Tactician"],"picked":"Noxious Fumes","floor":30},{"not_picked":["Acrobatics","Underhanded Strike"],"picked":"Noxious Fumes","floor":31},{"not_picked":["After Image","Grand Finale"],"picked":"Corpse Explosion","floor":33},{"not_picked":["Predator","Accuracy","Prepared+1"],"picked":"SKIP","floor":35},{"not_picked":["Flying Knee+1","Predator+1"],"picked":"Blur","floor":36},{"not_picked":["Expertise+1","Underhanded Strike"],"picked":"Backflip","floor":37},{"not_picked":["Blade Dance","Flying Knee+1","Calculated Gamble"],"picked":"SKIP","floor":39},{"not_picked":["Backstab+1","Quick Slash"],"picked":"Wraith Form v2","floor":40},{"not_picked":["Expertise","Predator"],"picked":"Deadly Poison","floor":42},{"not_picked":["Underhanded Strike","Sucker Punch+1","Prepared+1"],"picked":"SKIP","floor":47},{"not_picked":["Dark Shackles","Bandage Up"],"picked":"Master of Strategy","floor":48},{"not_picked":["Deep Breath","Bandage Up"],"picked":"Dark Shackles","floor":48},{"not_picked":["Good Instincts","Flash of Steel"],"picked":"The Bomb","floor":48}],"player_experience":587032,"relics_obtained":[{"floor":9,"key":"Matryoshka"},{"floor":13,"key":"The Courier"},{"floor":23,"key":"Kunai"},{"floor":26,"key":"Oddly Smooth Stone"},{"floor":26,"key":"Strawberry"},{"floor":27,"key":"Pear"},{"floor":37,"key":"Ginger"},{"floor":40,"key":"Tiny Chest"},{"floor":43,"key":"PreservedInsect"},{"floor":43,"key":"Art of War"}],"event_choices":[{"damage_healed":0,"gold_gain":0,"cards_transformed":["Strike_G"],"player_choice":"Change","damage_taken":0,"max_hp_gain":0,"max_hp_loss":0,"event_name":"Living Wall","floor":3,"gold_loss":0,"cards_obtained":["All Out Attack"]},{"cards_removed":["Defend_G"],"damage_healed":0,"gold_gain":0,"player_choice":"Card Removal","damage_taken":0,"max_hp_gain":0,"max_hp_loss":0,"event_name":"The Cleric","floor":5,"gold_loss":50},{"damage_healed":0,"gold_gain":0,"player_choice":"Fight","damage_taken":0,"max_hp_gain":0,"max_hp_loss":0,"event_name":"Colosseum","floor":21,"gold_loss":0},{"damage_healed":0,"gold_gain":0,"player_choice":"Fled From Nobs","damage_taken":0,"max_hp_gain":0,"max_hp_loss":0,"event_name":"Colosseum","floor":21,"gold_loss":0},{"damage_healed":0,"gold_gain":99,"player_choice":"Stole From Cult","damage_taken":0,"max_hp_gain":0,"max_hp_loss":0,"event_name":"Nest","floor":25,"gold_loss":0},{"damage_healed":0,"gold_gain":0,"player_choice":"Fight","damage_taken":0,"max_hp_gain":0,"max_hp_loss":0,"event_name":"Mysterious Sphere","floor":37,"gold_loss":0},{"damage_healed":0,"gold_gain":0,"player_choice":"Paid","damage_taken":0,"relics_obtained":["Red Mask"],"max_hp_gain":0,"max_hp_loss":0,"event_name":"Tomb of Lord Red Mask","floor":45,"gold_loss":36},{"damage_healed":0,"gold_gain":0,"player_choice":"Memory 3","damage_taken":10,"max_hp_gain":0,"max_hp_loss":0,"event_name":"SensoryStone","floor":48,"gold_loss":0}],"is_beta":false,"boss_relics":[{"not_picked":["Snecko Eye","Lizard Tail"],"picked":"Fusion Hammer"},{"not_picked":["Philosopher\u0027s Stone","Pandora\u0027s Box"],"picked":"Sozu"}],"items_purged_floors":[20,28,38,44],"is_endless":false,"potions_floor_spawned":[2,8,13,14,16,18,19,23,35,36,47],"ascension_level":0}