{"path_per_floor":["M","?","M","M","M","R","E","$","T","?","M","R","M","$","R","B",null,"M","?","$","?","?","R","M","$","T"],"character_chosen":"THE_SILENT","items_purchased":["Bronze Scales","Caltrops","Masterful Stab+1"],"gold_per_floor":[111,111,123,143,157,157,187,35,112,112,122,122,141,73,73,177,177,196,196,41,41,41,41,58,58,58,58],"floor_reached":27,"campfire_rested":1,"playtime":597,"item_purchase_floors":[8,14,20],"current_hp_per_floor":[61,47,47,47,47,47,23,23,23,5,4,25,25,25,25,12,56,33,33,33,33,33,33,20,20,20,0],"items_purged":["Strike_G"],"gold":58,"score":338,"play_id":"1f6b2f2f-8031-4726-9ffd-fa25dfc3741a","local_time":"20180613225102","is_prod":false,"is_daily":false,"chose_seed":false,"is_ascension_mode":true,"campfire_upgraded":3,"win_rate":0,"timestamp":1528901462,"campfire_choices":[{"data":"Neutralize","floor":6,"key":"SMITH"},{"floor":12,"key":"REST"},{"data":"Sucker Punch","floor":15,"key":"SMITH"},{"data":"Caltrops","floor":23,"key":"SMITH"}],"path_taken":["M","?","M","M","M","R","E","$","T","?","?","R","M","?","R","BOSS","M","?","$","?","?","R","?","?","T","M"],"build_version":"2018-06-12","seed_source_timestamp":35458619362474,"purchased_purges":1,"victory":false,"master_deck":["Defend_G","Defend_G","Defend_G+1","Defend_G","Defend_G","Strike_G","Strike_G","Strike_G","Strike_G+1","Survivor","Neutralize+1","AscendersBane","Sucker Punch+1","Unload+1","Dagger Throw+1","Caltrops+1","Unload+1","Backflip","Masterful Stab+1","Flash of Steel+1"],"max_hp_per_floor":[70,70,70,70,70,70,70,70,70,70,70,70,70,70,70,70,70,70,70,70,70,70,70,70,70,70,70],"special_seed":17695,"relics":["Ring of the Snake","Molten Egg 2","Bronze Scales","Tiny Chest","Happy Flower","Philosopher\u0027s Stone","Frozen Egg 2"],"card_choices":[{"not_picked":["Bouncing Flask","Underhanded Strike","Prepared"],"picked":"SKIP","floor":1},{"not_picked":["Bouncing Flask","Backstab"],"picked":"Sucker Punch","floor":3},{"not_picked":["Quick Slash","Deflect","Bane"],"picked":"SKIP","floor":4},{"not_picked":["Quick Slash","Flying Knee","Sucker Punch"],"picked":"SKIP","floor":5},{"not_picked":["Leg Sweep","Infinite Blades"],"picked":"Unload","floor":7},{"not_picked":["Deadly Poison","Flying Knee+1","Choke+1"],"picked":"SKIP","floor":11},{"not_picked":["PiercingWail","Backflip"],"picked":"Dagger Throw+1","floor":13},{"not_picked":["Grand Finale+1","Tools of the Trade"],"picked":"Unload+1","floor":16},{"not_picked":["Dagger Spray+1","Quick Slash+1"],"picked":"Backflip","floor":18},{"not_picked":["Dagger Throw+1","Accuracy","Flechettes+1"],"picked":"SKIP","floor":24}],"player_experience":590022,"potions_floor_usage":[16],"damage_taken":[{"damage":2,"enemies":"Jaw Worm","floor":1,"turns":7},{"damage":0,"enemies":"Small Slimes","floor":3,"turns":3},{"damage":0,"enemies":"2 Louse","floor":4,"turns":2},{"damage":0,"enemies":"Looter","floor":5,"turns":3},{"damage":24,"enemies":"Gremlin Nob","floor":7,"turns":5},{"damage":1,"enemies":"2 Fungi Beasts","floor":11,"turns":4},{"damage":0,"enemies":"Blue Slaver","floor":13,"turns":3},{"damage":13,"enemies":"Hexaghost","floor":16,"turns":9},{"damage":23,"enemies":"2 Thieves","floor":18,"turns":4},{"damage":13,"enemies":"Spheric Guardian","floor":24,"turns":3},{"damage":22,"enemies":"3 Cultists","floor":27,"turns":3}],"relics_obtained":[{"floor":7,"key":"Molten Egg 2"},{"floor":9,"key":"Tiny Chest"},{"floor":26,"key":"Frozen Egg 2"}],"event_choices":[{"event_name":"Shining Light","player_choice":"Entered Light","floor":2,"damage_taken":0},{"event_name":"Scrap Ooze","player_choice":"success","floor":10,"damage_taken":18},{"event_name":"Vampires","player_choice":"Ignored","floor":19,"damage_taken":0},{"event_name":"Addict","player_choice":"Ignored","floor":21,"damage_taken":0},{"event_name":"Match and Keep!","player_choice":"1 cards matched","floor":22,"damage_taken":0}],"boss_relics":[{"not_picked":["White Beast Statue","Calling Bell"],"picked":"Philosopher\u0027s Stone"}],"items_purged_floors":[20],"potions_floor_spawned":[1,5,7],"seed_played":"-9154252513677931612","killed_by":"3 Cultists","ascension_level":12,"potions_obtained":[{"floor":1,"key":"Block Potion"},{"floor":5,"key":"Swift Potion"}],"is_trial":false}