{"gold_per_floor":[213,213,138,288,125,125,88,115,115,189,189,189,189,209,209,282,282,301,301,72,72,72,72,29,29,98,98,111,111,128,44,44,120,120,133,147,147,37,57,87,87,87,134,134,134,26,26,46,46,46,46,46,46,46,75,75],"floor_reached":56,"playtime":3243,"items_purged":["Doubt"],"score":1951,"play_id":"53726b4c-4b86-46b7-ae3c-fdc3aca69609","local_time":"20190107150310","is_ascension_mode":true,"campfire_choices":[{"data":"Defragment","floor":6.0,"key":"SMITH"},{"data":"Loop","floor":11.0,"key":"SMITH"},{"data":"Zap","floor":13.0,"key":"SMITH"},{"data":"Reinforced Body","floor":15.0,"key":"SMITH"},{"data":"Go for the Eyes","floor":23.0,"key":"SMITH"},{"data":"Loop","floor":27.0,"key":"SMITH"},{"data":"Coolheaded","floor":29.0,"key":"SMITH"},{"data":"Echo Form","floor":32.0,"key":"SMITH"},{"floor":41.0,"key":"REST"},{"floor":47.0,"key":"RECALL"},{"data":"Coolheaded","floor":49.0,"key":"SMITH"},{"data":"Purity","floor":53.0,"key":"SMITH"}],"neow_cost":"NONE","seed_source_timestamp":7745433474826,"circlet_count":0,"master_deck":["AscendersBane","Strike_B+1","Defend_B","Defend_B","Zap+1","Dualcast","Loop+1","Hyperbeam+1","Defragment+1","Genetic Algorithm","Conserve Battery","Reinforced Body+1","Echo Form","Go for the Eyes+1","Loop+1","Coolheaded+1","Echo Form+1","Amplify","Chill","Coolheaded+1","Coolheaded+1","Purity+1","Blizzard+1","Recycle"],"special_seed":0,"relics":["Cracked Core","Whetstone","Potion Belt","Cables","Runic Pyramid","Runic Capacitor","Enchiridion","Nuclear Battery","Regal Pillow","PreservedInsect","Blood Vial"],"potions_floor_usage":[56],"damage_taken":[{"damage":7.0,"enemies":"Small Slimes","floor":1.0,"turns":3.0},{"damage":10.0,"enemies":"Lagavulin","floor":8.0,"turns":7.0},{"damage":0.0,"enemies":"Jaw Worm","floor":14.0,"turns":2.0},{"damage":17.0,"enemies":"Hexaghost","floor":16.0,"turns":9.0},{"damage":4.0,"enemies":"3 Byrds","floor":18.0,"turns":3.0},{"damage":10.0,"enemies":"Colosseum Slavers","floor":19.0,"turns":5.0},{"damage":0.0,"enemies":"Spheric Guardian","floor":28.0,"turns":4.0},{"damage":0.0,"enemies":"Shelled Parasite and Fungi","floor":30.0,"turns":3.0},{"damage":0.0,"enemies":"Collector","floor":33.0,"turns":10.0},{"damage":14.0,"enemies":"Orb Walker","floor":35.0,"turns":3.0},{"damage":25.0,"enemies":"3 Darklings","floor":36.0,"turns":4.0},{"damage":0.0,"enemies":"4 Shapes","floor":39.0,"turns":2.0},{"damage":6.0,"enemies":"Reptomancer","floor":40.0,"turns":7.0},{"damage":0.0,"enemies":"Jaw Worm Horde","floor":48.0,"turns":5.0},{"damage":10.0,"enemies":"Time Eater","floor":50.0,"turns":22.0},{"damage":0.0,"enemies":"Donu and Deca","floor":51.0,"turns":11.0},{"damage":51.0,"enemies":"Shield and Spear","floor":55.0,"turns":12.0},{"damage":14,"enemies":"The Heart","floor":56,"turns":2}],"seed_played":"-141269955311606850","potions_obtained":[{"floor":14.0,"key":"AttackPotion"},{"floor":18.0,"key":"Ancient Potion"},{"floor":33.0,"key":"FearPotion"},{"floor":35.0,"key":"FearPotion"},{"floor":48.0,"key":"Fire Potion"}],"is_trial":false,"path_per_floor":["M","?","?","?","$","R","$","E","T","T","R","?","R","M","R","B",null,"M","?","$","?","$","R","$","?","T","R","M","R","M","$","R","B",null,"M","M","?","?","M","E","R","$","T","$","?","$","R","M","R","B","B",null,"R","$","E","B"],"character_chosen":"DEFECT","items_purchased":["Defragment","Genetic Algorithm","Runic Capacitor","Loop","Echo Form","Purity"],"campfire_rested":1,"item_purchase_floors":[5,7,20,24,31,46],"current_hp_per_floor":[57,57,57,57,57,57,57,47,47,47,47,40,40,40,40,23,59,55,45,45,45,45,45,45,24,24,24,24,24,24,24,24,24,59,45,20,20,20,20,14,50,50,50,50,50,50,50,50,50,40,40,63,63,63,12,0],"gold":75,"neow_bonus":"HUNDRED_GOLD","is_prod":false,"is_daily":false,"chose_seed":false,"campfire_upgraded":10,"win_rate":0,"timestamp":1546844590,"path_taken":["M","?","?","?","$","R","$","E","T","?","R","?","R","M","R","BOSS","M","?","$","?","$","R","?","?","T","R","?","R","M","?","R","BOSS","M","?","?","?","?","E","R","$","T","?","?","$","R","M","R","BOSS","BOSS","R","$","E","BOSS"],"build_version":"2019-01-03v4","purchased_purges":1,"victory":false,"max_hp_per_floor":[71,71,71,71,71,71,71,71,71,71,71,71,71,71,71,71,71,71,71,71,71,71,71,71,71,71,71,71,71,71,71,71,71,71,71,71,71,71,71,71,71,71,71,71,71,71,71,71,71,71,71,71,71,71,71,71],"card_choices":[{"not_picked":["Turbo","Rebound"],"picked":"Loop","floor":1.0},{"not_picked":["Redo","Fusion"],"picked":"Conserve Battery","floor":8.0},{"not_picked":["Turbo","Beam Cell"],"picked":"Reinforced Body","floor":14.0},{"not_picked":["Hyperbeam","Biased Cognition"],"picked":"Echo Form","floor":16.0},{"not_picked":["Leap","Streamline+1"],"picked":"Go for the Eyes","floor":18.0},{"not_picked":["Ball Lightning","Blizzard"],"picked":"Coolheaded","floor":28.0},{"not_picked":["Ball Lightning","Stack","Aggregate"],"picked":"SKIP","floor":30.0},{"not_picked":["Seek","Creative AI"],"picked":"Amplify","floor":33.0},{"not_picked":["Lockon","Chaos"],"picked":"Chill","floor":35.0},{"not_picked":["Cold Snap","Stack"],"picked":"Coolheaded","floor":36.0},{"not_picked":["Leap","Beam Cell"],"picked":"Coolheaded","floor":39.0},{"not_picked":["Auto Shields+1","Gash","Stack"],"picked":"SKIP","floor":40.0},{"not_picked":["Tempest","FTL"],"picked":"Blizzard+1","floor":48.0},{"not_picked":["Darkness","Barrage+1"],"picked":"Recycle","floor":55.0}],"player_experience":1811287,"relics_obtained":[{"floor":8.0,"key":"Whetstone"},{"floor":9.0,"key":"Potion Belt"},{"floor":10.0,"key":"Cables"},{"floor":25.0,"key":"Enchiridion"},{"floor":40.0,"key":"Regal Pillow"},{"floor":43.0,"key":"PreservedInsect"},{"floor":55.0,"key":"Blood Vial"}],"event_choices":[{"damage_healed":0.0,"max_hp_gain":0.0,"max_hp_loss":0.0,"gold_gain":0.0,"cards_transformed":["Strike_B"],"event_name":"Living Wall","player_choice":"Change","floor":2.0,"gold_loss":0.0,"damage_taken":0.0,"cards_obtained":["Hyperbeam"]},{"cards_removed":["Strike_B"],"damage_healed":0.0,"max_hp_gain":0.0,"max_hp_loss":0.0,"gold_gain":0.0,"event_name":"The Cleric","player_choice":"Card Removal","floor":3.0,"gold_loss":75.0,"damage_taken":0.0},{"damage_healed":0.0,"max_hp_gain":0.0,"max_hp_loss":0.0,"gold_gain":150.0,"event_name":"Liars Game","player_choice":"AGREE","floor":4.0,"gold_loss":0.0,"damage_taken":0.0,"cards_obtained":["Doubt"]},{"cards_removed":["Strike_B"],"damage_healed":0.0,"max_hp_gain":0.0,"max_hp_loss":0.0,"gold_gain":0.0,"event_name":"Golden Wing","player_choice":"Card Removal","floor":12.0,"gold_loss":0.0,"damage_taken":7.0},{"damage_healed":0.0,"max_hp_gain":0.0,"max_hp_loss":0.0,"gold_gain":0.0,"event_name":"Colosseum","player_choice":"Fight","floor":19.0,"gold_loss":0.0,"damage_taken":0.0},{"damage_healed":0.0,"max_hp_gain":0.0,"max_hp_loss":0.0,"gold_gain":0.0,"event_name":"Colosseum","player_choice":"Fled From Nobs","floor":19.0,"gold_loss":0.0,"damage_taken":0.0},{"cards_removed":["Defend_B"],"damage_healed":0.0,"max_hp_gain":0.0,"max_hp_loss":0.0,"gold_gain":0.0,"event_name":"Back to Basics","player_choice":"Elegance","floor":21.0,"gold_loss":0.0,"damage_taken":0.0},{"damage_healed":0.0,"max_hp_gain":0.0,"max_hp_loss":0.0,"gold_gain":0.0,"event_name":"Cursed Tome","player_choice":"Obtained Book","floor":25.0,"gold_loss":0.0,"damage_taken":21.0},{"damage_healed":0.0,"max_hp_gain":0.0,"max_hp_loss":0.0,"gold_gain":0.0,"event_name":"SensoryStone","player_choice":"Memory 1","floor":37.0,"gold_loss":0.0,"damage_taken":0.0},{"cards_removed":["Defend_B"],"damage_healed":0.0,"max_hp_gain":0.0,"max_hp_loss":0.0,"gold_gain":0.0,"event_name":"Designer","player_choice":"Upgrade and Remove","floor":38.0,"gold_loss":110.0,"damage_taken":0.0,"cards_upgraded":["Coolheaded"]},{"damage_healed":0.0,"max_hp_gain":0.0,"max_hp_loss":0.0,"gold_gain":0.0,"event_name":"Tomb of Lord Red Mask","player_choice":"Ignored","floor":45.0,"gold_loss":0.0,"damage_taken":0.0}],"is_beta":false,"boss_relics":[{"not_picked":["Empty Cage","Busted Crown"],"picked":"Runic Pyramid"},{"not_picked":["Runic Dome","Black Star"],"picked":"Nuclear Battery"}],"items_purged_floors":[5],"is_endless":false,"potions_floor_spawned":[14,18,33,35,48,55],"killed_by":"The Heart","ascension_level":20}