{"gold_per_floor":[116,131,149,149,9,40,50,50,76,31,31,31,31,51,51,51],"floor_reached":16,"playtime":578,"items_purged":[],"score":200,"play_id":"a7d6533b-afbb-418b-82aa-53326dfc42c3","local_time":"20190326113604","is_ascension_mode":true,"campfire_choices":[{"data":"Hemokinesis","floor":8,"key":"SMITH"},{"data":"Bash","floor":11,"key":"SMITH"},{"data":"Evolve","floor":13,"key":"SMITH"},{"data":"Offering","floor":15,"key":"SMITH"}],"neow_cost":"PERCENT_DAMAGE","seed_source_timestamp":2050319237588,"circlet_count":0,"master_deck":["AscendersBane","Strike_R","Strike_R","Defend_R","Defend_R+1","Defend_R","Defend_R+1","Bash+1","Hemokinesis+1","Offering+1","Evolve+1","Dropkick"],"special_seed":0,"relics":["Burning Blood","War Paint"],"potions_floor_usage":[6,6],"damage_taken":[{"damage":14.0,"enemies":"Small Slimes","floor":1.0,"turns":6.0},{"damage":5.0,"enemies":"Cultist","floor":2.0,"turns":4.0},{"damage":8.0,"enemies":"Jaw Worm","floor":3.0,"turns":4.0},{"damage":22,"enemies":"3 Sentries","floor":6,"turns":14},{"damage":12,"enemies":"Looter","floor":7,"turns":3},{"damage":12,"enemies":"Exordium Thugs","floor":14,"turns":3},{"damage":24,"enemies":"Slime Boss","floor":16,"turns":4}],"seed_played":"3243596768345857076","potions_obtained":[{"floor":3.0,"key":"Energy Potion"},{"floor":6,"key":"SpeedPotion"}],"is_trial":false,"path_per_floor":["M","M","M","?","$","E","M","R","T","$","R","$","R","M","R","B"],"character_chosen":"IRONCLAD","items_purchased":["Evolve","Explosive Potion","Dropkick"],"campfire_rested":0,"item_purchase_floors":[5,5,10],"current_hp_per_floor":[42,43,41,41,41,25,19,19,19,19,19,19,19,13,13,0],"gold":51,"neow_bonus":"REMOVE_TWO","is_prod":false,"is_daily":false,"chose_seed":false,"campfire_upgraded":4,"win_rate":0,"timestamp":1553571364,"path_taken":["M","M","M","?","$","E","M","R","T","?","R","$","R","?","R","BOSS"],"build_version":"2019-01-23","purchased_purges":0,"victory":false,"max_hp_per_floor":[75,75,75,75,75,75,75,75,75,75,75,75,75,75,75,75],"card_choices":[{"not_picked":["Wild Strike","Armaments"],"picked":"Hemokinesis","floor":1.0},{"not_picked":["Wild Strike","Pommel Strike","Anger"],"picked":"SKIP","floor":2.0},{"not_picked":["Fire Breathing","Intimidate"],"picked":"Offering","floor":3.0},{"not_picked":["Rage","Corruption","Thunderclap"],"picked":"SKIP","floor":6},{"not_picked":["Fire Breathing","Seeing Red","Havoc"],"picked":"SKIP","floor":7},{"not_picked":["Evolve","Sword Boomerang","Infernal Blade"],"picked":"SKIP","floor":14}],"player_experience":3873858,"relics_obtained":[{"floor":6,"key":"War Paint"}],"event_choices":[{"cards_removed":["Strike_R"],"damage_healed":0.0,"max_hp_gain":0.0,"max_hp_loss":0.0,"gold_gain":0.0,"event_name":"Purifier","player_choice":"Purged","floor":4.0,"gold_loss":0.0,"damage_taken":0.0}],"is_beta":false,"boss_relics":[],"items_purged_floors":[],"is_endless":false,"potions_floor_spawned":[3,6],"killed_by":"Slime Boss","ascension_level":20}