{"gold_per_floor":[110,185,196,213,223,223,238,249,249,174,184,184,184,201,201,274,274,286,286,286],"floor_reached":20,"playtime":494,"items_purged":["Strike_G"],"score":302,"play_id":"fcde27ff-2f33-4dbc-b0a1-a9126a554907","local_time":"20190201044625","is_ascension_mode":true,"campfire_choices":[{"floor":6,"key":"REST"},{"floor":13,"key":"REST"},{"floor":15,"key":"REST"}],"neow_cost":"NONE","seed_source_timestamp":10504122200578,"circlet_count":0,"master_deck":["AscendersBane","Defend_G","Defend_G","Defend_G","Defend_G","Survivor","Neutralize","Malaise","Catalyst","Backflip","Deadly Poison","Acrobatics","Malaise","After Image","Dagger Throw+1","Tools of the Trade+1","Dagger Throw+1","PiercingWail+1","Corpse Explosion","Dash"],"relics":["Fusion Hammer","Ancient Tea Set","Astrolabe"],"potions_floor_usage":[18,18],"damage_taken":[{"damage":1,"enemies":"Cultist","floor":1,"turns":4},{"damage":5,"enemies":"Jaw Worm","floor":3,"turns":7},{"damage":1,"enemies":"2 Louse","floor":4,"turns":3},{"damage":15,"enemies":"Red Slaver","floor":5,"turns":5},{"damage":10,"enemies":"3 Louse","floor":7,"turns":4},{"damage":0,"enemies":"2 Fungi Beasts","floor":8,"turns":4},{"damage":4,"enemies":"Large Slime","floor":11,"turns":9},{"damage":5,"enemies":"3 Louse","floor":14,"turns":5},{"damage":13,"enemies":"The Guardian","floor":16,"turns":13},{"damage":0,"enemies":"Chosen","floor":18,"turns":6},{"damage":7,"enemies":"Colosseum Slavers","floor":20,"turns":2}],"seed_played":"5977877512682351213","potions_obtained":[{"floor":4,"key":"Fire Potion"},{"floor":5,"key":"Swift Potion"},{"floor":8,"key":"Fire Potion"},{"floor":18,"key":"PowerPotion"}],"is_trial":false,"path_per_floor":["M","?","M","M","M","R","M","M","T","$","M","?","R","M","R","B",null,"M","?","?"],"character_chosen":"THE_SILENT","items_purchased":[],"campfire_rested":3,"item_purchase_floors":[],"current_hp_per_floor":[58,47,42,41,26,45,35,35,35,35,31,27,46,41,60,47,61,61,61,54],"gold":286,"neow_bonus":"BOSS_RELIC","is_prod":false,"is_daily":false,"chose_seed":false,"campfire_upgraded":0,"win_rate":0,"timestamp":1548967585,"path_taken":["M","?","M","M","M","R","M","M","T","?","M","?","R","M","R","BOSS","M","?","?"],"build_version":"2019-01-23","purchased_purges":1,"victory":false,"max_hp_per_floor":[66,66,66,66,66,66,66,66,66,66,66,66,66,66,66,66,66,66,66,66],"card_choices":[{"not_picked":["Bane","Dagger Throw","Dodge and Roll"],"picked":"SKIP","floor":1},{"not_picked":["Deflect","Acrobatics"],"picked":"Malaise","floor":3},{"not_picked":["Noxious Fumes","Bane"],"picked":"Catalyst","floor":4},{"not_picked":["Concentrate","Outmaneuver"],"picked":"Backflip","floor":5},{"not_picked":["Outmaneuver","Acrobatics"],"picked":"Deadly Poison","floor":7},{"not_picked":["Prepared","Dagger Throw","Deflect"],"picked":"SKIP","floor":8},{"not_picked":["Dagger Spray","Slice"],"picked":"Acrobatics","floor":11},{"not_picked":["PiercingWail","Setup"],"picked":"Malaise","floor":14},{"not_picked":["Die Die Die","Tools of the Trade"],"picked":"After Image","floor":16},{"not_picked":["Flying Knee","Cloak And Dagger"],"picked":"PiercingWail+1","floor":18}],"player_experience":2440112,"relics_obtained":[{"floor":9,"key":"Ancient Tea Set"}],"event_choices":[{"damage_healed":0,"gold_gain":75,"player_choice":"Gather Gold","damage_taken":11,"max_hp_gain":0,"max_hp_loss":0,"event_name":"World of Goop","floor":2,"gold_loss":0},{"damage_healed":0,"gold_gain":0,"player_choice":"Bought 0 Potions","damage_taken":0,"max_hp_gain":0,"max_hp_loss":0,"event_name":"The Woman in Blue","floor":12,"gold_loss":0},{"damage_healed":0,"gold_gain":0,"cards_transformed":["Strike_G","Defend_G"],"player_choice":"Became Test Subject","damage_taken":0,"max_hp_gain":0,"max_hp_loss":0,"event_name":"Drug Dealer","floor":19,"gold_loss":0,"cards_obtained":["Corpse Explosion","Dash"]},{"damage_healed":0,"gold_gain":0,"player_choice":"Fight","damage_taken":0,"max_hp_gain":0,"max_hp_loss":0,"event_name":"Colosseum","floor":20,"gold_loss":0}],"is_beta":false,"boss_relics":[{"not_picked":["White Beast Statue","Busted Crown"],"picked":"Astrolabe"}],"items_purged_floors":[10],"is_endless":false,"potions_floor_spawned":[4,5,7,8,18],"killed_by":"Colosseum Slavers","ascension_level":16}