{"gold_per_floor":[113,133,133,147,147,147,182,53,53,53,53,82,93,18,18,95,95,106,116,116,16,16,16,45,45,71,71,81,113,24,35,35,109,109,122,12,12,12,30,62,75,75,99,99,119,136,148,498,498,498,498,498,498,14,47,47],"floor_reached":57,"playtime":3289,"items_purged":["Strike_B","Strike_B","Strike_B"],"score":2706,"play_id":"3b0aeebc-a4f9-4f79-a147-6e8bcc36a37b","local_time":"20190228173258","is_ascension_mode":true,"campfire_choices":[{"data":"Zap","floor":6.0,"key":"SMITH"},{"data":"Sunder","floor":15.0,"key":"SMITH"},{"data":"Coolheaded","floor":23.0,"key":"SMITH"},{"data":"Hologram","floor":25.0,"key":"SMITH"},{"data":"Consume","floor":32.0,"key":"SMITH"},{"data":"Turbo","floor":42.0,"key":"SMITH"},{"data":"Capacitor","floor":44.0,"key":"SMITH"},{"floor":49.0,"key":"RECALL"},{"data":"Hologram","floor":53.0,"key":"SMITH"}],"neow_cost":"NONE","seed_source_timestamp":3718018324706,"circlet_count":0,"master_deck":["AscendersBane","Defend_B","Defend_B","Defend_B+1","Zap+1","Dualcast","Compile Driver","Steam","Glacier","Sunder+1","Turbo+1","Skim","Coolheaded+1","Ball Lightning","Biased Cognition","Capacitor+1","Consume+1","Glacier","Self Repair","Hologram+1","Aggregate","Coolheaded+1","Redo+1","Seek","Undo","Conserve Battery","Electrodynamics","Hologram+1","Core Surge","BootSequence","Coolheaded","Capacitor","Go for the Eyes+1","Turbo","Capacitor"],"special_seed":0,"relics":["Cracked Core","NeowsBlessing","WarpedTongs","Gambling Chip","Bottled Lightning","Pear","Singing Bowl","Orrery","Pocketwatch","Cables","Nuclear Battery","Bottled Flame","Orichalcum","Old Coin","Art of War","Letter Opener"],"potions_floor_usage":[],"damage_taken":[{"damage":0.0,"enemies":"2 Louse","floor":1.0,"turns":1.0},{"damage":0.0,"enemies":"Cultist","floor":2.0,"turns":1.0},{"damage":1.0,"enemies":"Small Slimes","floor":4.0,"turns":1.0},{"damage":4.0,"enemies":"3 Sentries","floor":7.0,"turns":12.0},{"damage":11.0,"enemies":"Gremlin Nob","floor":12.0,"turns":3.0},{"damage":0.0,"enemies":"Exordium Wildlife","floor":13.0,"turns":4.0},{"damage":40.0,"enemies":"Hexaghost","floor":16.0,"turns":10.0},{"damage":12.0,"enemies":"Spheric Guardian","floor":18.0,"turns":6.0},{"damage":11.0,"enemies":"Shell Parasite","floor":19.0,"turns":7.0},{"damage":0.0,"enemies":"Gremlin Leader","floor":24.0,"turns":10.0},{"damage":4.0,"enemies":"3 Cultists","floor":28.0,"turns":7.0},{"damage":23.0,"enemies":"Slavers","floor":29.0,"turns":7.0},{"damage":3.0,"enemies":"Snake Plant","floor":31.0,"turns":4.0},{"damage":33.0,"enemies":"Champ","floor":33.0,"turns":22.0},{"damage":0.0,"enemies":"Orb Walker","floor":35.0,"turns":3.0},{"damage":0.0,"enemies":"3 Darklings","floor":39.0,"turns":2.0},{"damage":12.0,"enemies":"Reptomancer","floor":40.0,"turns":8.0},{"damage":10.0,"enemies":"Sphere and 2 Shapes","floor":41.0,"turns":5.0},{"damage":0.0,"enemies":"Spire Growth","floor":45.0,"turns":5.0},{"damage":0.0,"enemies":"Maw","floor":46.0,"turns":7.0},{"damage":0.0,"enemies":"Transient","floor":47.0,"turns":6.0},{"damage":26.0,"enemies":"2 Orb Walkers","floor":48.0,"turns":5.0},{"damage":29.0,"enemies":"Time Eater","floor":50.0,"turns":15.0},{"damage":35.0,"enemies":"Awakened One","floor":51.0,"turns":17.0},{"damage":23.0,"enemies":"Shield and Spear","floor":55.0,"turns":11.0},{"damage":41,"enemies":"The Heart","floor":56,"turns":13}],"seed_played":"-8134557564096084871","potions_obtained":[{"floor":2.0,"key":"EssenceOfSteel"},{"floor":12.0,"key":"FocusPotion"},{"floor":16.0,"key":"AttackPotion"},{"floor":24.0,"key":"Ancient Potion"},{"floor":29.0,"key":"Energy Potion"},{"floor":33.0,"key":"SpeedPotion"},{"floor":47.0,"key":"SkillPotion"}],"is_trial":false,"path_per_floor":["M","M","?","M","T","R","E","$","T","?","$","E","M","$","R","B",null,"M","M","?","$","?","R","E","R","T","?","M","E","$","M","R","B",null,"M","?","$","?","M","E","M","R","T","R","M","M","M","?","R","B","B",null,"R","$","E","B",null],"character_chosen":"DEFECT","items_purchased":["Turbo","Skim","Undo","Art of War","Capacitor","Weak Potion","FearPotion"],"campfire_rested":0,"item_purchase_floors":[8,8,30,54,54,54,54],"current_hp_per_floor":[64,64,64,63,63,63,59,59,69,62,62,51,51,51,51,11,64,64,60,60,60,36,36,45,45,45,45,48,35,35,39,39,13,71,71,71,71,71,73,68,65,65,65,65,72,79,86,67,67,45,17,73,73,73,59,28],"gold":47,"neow_bonus":"THREE_ENEMY_KILL","is_prod":false,"is_daily":false,"chose_seed":false,"campfire_upgraded":8,"win_rate":0,"timestamp":1551346378,"path_taken":["M","M","?","?","?","R","E","?","T","?","$","E","M","$","R","BOSS","M","M","?","?","?","R","E","R","T","?","?","E","$","M","R","BOSS","M","?","?","?","M","E","M","R","T","R","M","?","M","?","R","BOSS","BOSS","R","$","E","BOSS"],"build_version":"2019-01-23","purchased_purges":3,"victory":true,"max_hp_per_floor":[71,71,71,71,71,71,71,71,81,81,81,81,81,81,81,81,81,83,83,83,83,88,88,90,90,90,90,90,90,90,90,90,90,90,90,90,90,90,92,92,92,92,92,92,92,92,92,92,92,92,92,92,92,92,94,94],"card_choices":[{"not_picked":["Stack","Gash"],"picked":"Compile Driver","floor":1.0},{"not_picked":["Melter","Storm"],"picked":"Steam","floor":2.0},{"not_picked":["Sweeping Beam","Gash"],"picked":"Glacier","floor":4.0},{"not_picked":["Force Field","Melter"],"picked":"Sunder","floor":7.0},{"not_picked":["Tempest","Leap"],"picked":"Coolheaded","floor":12.0},{"not_picked":["Steam Power","Rebound"],"picked":"Ball Lightning","floor":13.0},{"not_picked":["Core Surge","Creative AI"],"picked":"Biased Cognition","floor":16.0},{"not_picked":["Gash","Storm"],"picked":"Capacitor","floor":17.0},{"not_picked":["Cold Snap","Fusion"],"picked":"Consume","floor":17.0},{"not_picked":["Leap","Gash"],"picked":"Glacier","floor":17.0},{"not_picked":["Leap","Compile Driver"],"picked":"Self Repair","floor":17.0},{"not_picked":["Sunder","Tempest"],"picked":"Hologram","floor":17.0},{"not_picked":["Barrage","Hologram","Sweeping Beam"],"picked":"Singing Bowl","floor":18.0},{"not_picked":["Fusion","Hologram"],"picked":"Aggregate","floor":19.0},{"not_picked":["Gash","Steam Power","Leap"],"picked":"Singing Bowl","floor":24.0},{"not_picked":["Conserve Battery","Steam"],"picked":"Redo+1","floor":28.0},{"not_picked":["Heatsinks","Capacitor"],"picked":"Seek","floor":29.0},{"not_picked":["Ball Lightning","Doom and Gloom+1"],"picked":"Conserve Battery","floor":31.0},{"not_picked":["Fission","Multi-Cast"],"picked":"Electrodynamics","floor":33.0},{"not_picked":["Melter","Sweeping Beam+1"],"picked":"Hologram","floor":35.0},{"not_picked":["Leap","Scrape","Sweeping Beam"],"picked":"Singing Bowl","floor":39.0},{"not_picked":["Capacitor","Reinforced Body+1"],"picked":"Core Surge","floor":40.0},{"not_picked":["Hologram","Static Discharge"],"picked":"BootSequence","floor":41.0},{"not_picked":["Gash","Cold Snap"],"picked":"Coolheaded","floor":45.0},{"not_picked":["Steam+1","Skim"],"picked":"Capacitor","floor":46.0},{"not_picked":["Rebound","Reinforced Body"],"picked":"Go for the Eyes+1","floor":47.0},{"not_picked":["Tempest","Rebound"],"picked":"Turbo","floor":48.0},{"not_picked":["Compile Driver+1","Reprogram","Chaos"],"picked":"Singing Bowl","floor":55.0}],"player_experience":1042820,"relics_obtained":[{"floor":5.0,"key":"Gambling Chip"},{"floor":7.0,"key":"Bottled Lightning"},{"floor":9.0,"key":"Pear"},{"floor":12.0,"key":"Singing Bowl"},{"floor":24.0,"key":"Pocketwatch"},{"floor":29.0,"key":"Cables"},{"floor":40.0,"key":"Bottled Flame"},{"floor":43.0,"key":"Orichalcum"},{"floor":48.0,"key":"Old Coin"},{"floor":55.0,"key":"Letter Opener"}],"event_choices":[{"damage_healed":0.0,"max_hp_gain":0.0,"max_hp_loss":0.0,"gold_gain":0.0,"event_name":"Accursed Blacksmith","player_choice":"Rummage","floor":3.0,"gold_loss":0.0,"damage_taken":0.0,"relics_obtained":["WarpedTongs"],"cards_obtained":["Pain"]},{"cards_removed":["Pain"],"damage_healed":0.0,"max_hp_gain":0.0,"max_hp_loss":0.0,"gold_gain":0.0,"event_name":"Golden Wing","player_choice":"Card Removal","floor":10.0,"gold_loss":0.0,"damage_taken":7.0},{"damage_healed":0.0,"max_hp_gain":0.0,"max_hp_loss":0.0,"gold_gain":0.0,"event_name":"Match and Keep!","player_choice":"0 cards matched","floor":20.0,"gold_loss":0.0,"damage_taken":0.0,"cards_obtained":[]},{"damage_healed":0.0,"max_hp_gain":5.0,"max_hp_loss":0.0,"gold_gain":0.0,"event_name":"Forgotten Altar","player_choice":"Shed Blood","floor":22.0,"gold_loss":0.0,"damage_taken":29.0},{"damage_healed":0.0,"max_hp_gain":0.0,"max_hp_loss":0.0,"gold_gain":0.0,"event_name":"Duplicator","player_choice":"Copied","floor":27.0,"gold_loss":0.0,"damage_taken":0.0,"cards_obtained":["Coolheaded"]},{"cards_removed":["Strike_B"],"damage_healed":0.0,"max_hp_gain":0.0,"max_hp_loss":0.0,"gold_gain":0.0,"event_name":"Designer","player_choice":"Upgrade and Remove","floor":36.0,"gold_loss":110.0,"damage_taken":0.0,"cards_upgraded":["Defend_B"]},{"cards_removed":["Defend_B"],"damage_healed":0.0,"max_hp_gain":0.0,"max_hp_loss":0.0,"gold_gain":0.0,"event_name":"Falling","player_choice":"Removed Skill","floor":38.0,"gold_loss":0.0,"damage_taken":0.0},{"damage_healed":0.0,"max_hp_gain":0.0,"max_hp_loss":0.0,"gold_gain":0.0,"event_name":"Mysterious Sphere","player_choice":"Fight","floor":48.0,"gold_loss":0.0,"damage_taken":0.0}],"is_beta":false,"boss_relics":[{"not_picked":["Coffee Dripper","Cursed Key"],"picked":"Orrery"},{"not_picked":["Empty Cage","Velvet Choker"],"picked":"Nuclear Battery"}],"items_purged_floors":[14,21,54],"is_endless":false,"potions_floor_spawned":[2,12,13,16,24,29,33,35,40,45,46,47],"ascension_level":20}