{"gold_per_floor":[119,136,136,149,224,252,252,252],"floor_reached":8,"playtime":219,"items_purged":[],"score":112,"play_id":"c07d92f0-fda7-478e-a033-b2eddff81151","local_time":"20190408170500","is_ascension_mode":true,"campfire_choices":[{"floor":7,"key":"REST"}],"neow_cost":"CURSE","seed_source_timestamp":19000770270219,"circlet_count":0,"master_deck":["AscendersBane","Defend_G","Defend_G","Defend_G","Defend_G","Defend_G","Strike_G","Strike_G","Strike_G","Strike_G","Strike_G","Survivor","Neutralize","Shame","Glass Knife","Deadly Poison","Pain"],"relics":["Ring of the Snake","WarpedTongs","Singing Bowl"],"potions_floor_usage":[6],"damage_taken":[{"damage":4,"enemies":"Small Slimes","floor":1,"turns":4},{"damage":0,"enemies":"Cultist","floor":2,"turns":3},{"damage":9,"enemies":"2 Louse","floor":4,"turns":2},{"damage":29,"enemies":"Lagavulin","floor":6,"turns":8},{"damage":36,"enemies":"Gremlin Nob","floor":8,"turns":3}],"seed_played":"2490476417452927749","potions_obtained":[{"floor":1,"key":"Strength Potion"}],"is_trial":false,"path_per_floor":["M","M","?","M","?","E","R","E"],"character_chosen":"THE_SILENT","items_purchased":[],"campfire_rested":1,"item_purchase_floors":[],"current_hp_per_floor":[55,55,55,46,35,8,28,0],"gold":252,"neow_bonus":"THREE_RARE_CARDS","is_prod":false,"is_daily":false,"chose_seed":false,"campfire_upgraded":0,"win_rate":0,"timestamp":1554714300,"path_taken":["M","M","?","?","?","E","R","E"],"build_version":"2019-01-23","purchased_purges":0,"victory":false,"max_hp_per_floor":[66,66,66,66,66,68,68,68],"card_choices":[{"not_picked":["Die Die Die","After Image"],"picked":"Glass Knife","floor":0},{"not_picked":["Blade Dance","Deflect","Prepared"],"picked":"SKIP","floor":1},{"not_picked":["Accuracy","Dodge and Roll"],"picked":"Deadly Poison","floor":2},{"not_picked":["Dagger Throw","Predator","Accuracy"],"picked":"SKIP","floor":4},{"not_picked":["All Out Attack","Underhanded Strike","Dagger Spray"],"picked":"Singing Bowl","floor":6}],"player_experience":4158691,"relics_obtained":[{"floor":6,"key":"Singing Bowl"}],"event_choices":[{"damage_healed":0,"gold_gain":0,"player_choice":"Rummage","damage_taken":0,"relics_obtained":["WarpedTongs"],"max_hp_gain":0,"max_hp_loss":0,"event_name":"Accursed Blacksmith","floor":3,"gold_loss":0,"cards_obtained":["Pain"]},{"damage_healed":0,"gold_gain":75,"player_choice":"Gather Gold","damage_taken":11,"max_hp_gain":0,"max_hp_loss":0,"event_name":"World of Goop","floor":5,"gold_loss":0}],"is_beta":false,"boss_relics":[],"items_purged_floors":[],"is_endless":false,"potions_floor_spawned":[1],"killed_by":"Gremlin Nob","ascension_level":20}