{"gold_per_floor":[110,32,42,42,42,72,72,105,159,170,170,185,199,249,249,325,325,341,341],"floor_reached":19,"playtime":455,"items_purged":[],"score":404,"play_id":"1862cccf-a316-4777-a22e-1523a66c6aa1","local_time":"20190413173507","is_ascension_mode":true,"campfire_choices":[{"data":"Rampage","floor":7,"key":"SMITH"},{"data":"Bash","floor":11,"key":"SMITH"},{"data":"Carnage","floor":15,"key":"SMITH"}],"neow_cost":"NONE","seed_source_timestamp":20690960781825,"circlet_count":0,"master_deck":["AscendersBane","Strike_R","Strike_R","Strike_R","Strike_R","Strike_R","Defend_R","Defend_R","Defend_R","Defend_R","Bash+1","Rampage+1","Bloodletting+1","Reaper","Carnage+1","Barricade"],"relics":["Burning Blood","NeowsBlessing","Smiling Mask","Toxic Egg 2","Anchor","Sozu"],"potions_floor_usage":[],"damage_taken":[{"damage":0,"enemies":"Small Slimes","floor":1,"turns":1},{"damage":0,"enemies":"Cultist","floor":3,"turns":1},{"damage":0,"enemies":"Lagavulin","floor":6,"turns":1},{"damage":63,"enemies":"3 Sentries","floor":8,"turns":13},{"damage":3,"enemies":"Jaw Worm","floor":10,"turns":3},{"damage":3,"enemies":"2 Fungi Beasts","floor":12,"turns":3},{"damage":11,"enemies":"3 Louse","floor":13,"turns":2},{"damage":17,"enemies":"Slime Boss","floor":16,"turns":9},{"damage":51,"enemies":"Spheric Guardian","floor":18,"turns":6},{"damage":6,"enemies":"Shell Parasite","floor":19,"turns":2}],"seed_played":"8640906176045910526","potions_obtained":[{"floor":8,"key":"Regen Potion"},{"floor":10,"key":"SpeedPotion"},{"floor":16,"key":"PowerPotion"}],"is_trial":false,"path_per_floor":["M","$","M","?","$","E","R","E","T","M","R","M","M","?","R","B",null,"M","M"],"character_chosen":"IRONCLAD","items_purchased":["Rampage"],"campfire_rested":0,"item_purchase_floors":[2],"current_hp_per_floor":[74,74,75,75,75,75,75,18,18,23,23,30,37,37,37,30,64,19,13],"gold":341,"neow_bonus":"THREE_ENEMY_KILL","is_prod":false,"is_daily":false,"chose_seed":false,"campfire_upgraded":3,"win_rate":0,"timestamp":1555148107,"path_taken":["M","$","M","?","?","E","R","E","T","M","R","M","M","?","R","BOSS","M","?"],"build_version":"2019-01-23","purchased_purges":0,"victory":false,"max_hp_per_floor":[75,75,75,75,75,75,75,75,75,75,75,75,75,75,75,75,75,75,75],"card_choices":[{"not_picked":["Iron Wave","Thunderclap","Twin Strike"],"picked":"SKIP","floor":1},{"not_picked":["Rupture","Sentinel","Clash"],"picked":"SKIP","floor":3},{"not_picked":["Headbutt","Combust"],"picked":"Bloodletting","floor":6},{"not_picked":["Barricade","Corruption"],"picked":"Reaper","floor":8},{"not_picked":["Pommel Strike","Clash","Wild Strike"],"picked":"SKIP","floor":10},{"not_picked":["Cleave","Bloodletting+1"],"picked":"Carnage","floor":12},{"not_picked":["Clothesline","Body Slam","Armaments+1"],"picked":"SKIP","floor":13},{"not_picked":["Reaper","Dark Embrace"],"picked":"Barricade","floor":16},{"not_picked":["Headbutt","Rupture","Whirlwind"],"picked":"SKIP","floor":18}],"player_experience":4251421,"relics_obtained":[{"floor":4,"key":"Smiling Mask"},{"floor":6,"key":"Toxic Egg 2"},{"floor":8,"key":"Anchor"}],"event_choices":[{"damage_healed":0,"gold_gain":0,"player_choice":"Relic","damage_taken":0,"max_hp_gain":0,"max_hp_loss":0,"event_name":"Wheel of Change","floor":4,"gold_loss":0},{"damage_healed":0,"gold_gain":50,"player_choice":"Pray","damage_taken":0,"max_hp_gain":0,"max_hp_loss":0,"event_name":"Golden Shrine","floor":14,"gold_loss":0}],"is_beta":false,"boss_relics":[{"not_picked":["Eternal Feather","Lizard Tail"],"picked":"Sozu"}],"items_purged_floors":[],"is_endless":false,"potions_floor_spawned":[8,10,16],"killed_by":"Shell Parasite","ascension_level":20}