{"gold_per_floor":[115,115,1,1,1,1,32,56,56,56,95,120,164,14,14,109,109,133,133,133,146,46,46,77,77,77,77,95,114,155,176,176,272,272,287,77,77,100,124,124,149,149,149,149,180,180,219,244,244,244,244,244,244,13,57,57],"floor_reached":57,"playtime":3417,"items_purged":["Strike_B","Defend_B"],"score":2882,"play_id":"aa45d9a7-6709-4319-8c39-fa43b18b9c1e","local_time":"20190416185904","is_ascension_mode":true,"campfire_choices":[{"data":"Zap","floor":6.0,"key":"SMITH"},{"data":"Defragment","floor":15.0,"key":"SMITH"},{"data":"Defragment","floor":23.0,"key":"SMITH"},{"data":"Coolheaded","floor":25.0,"key":"SMITH"},{"data":"Chaos","floor":32.0,"key":"SMITH"},{"data":"Fission","floor":40.0,"key":"SMITH"},{"data":"Dualcast","floor":42.0,"key":"SMITH"},{"data":"Hologram","floor":44.0,"key":"SMITH"},{"floor":49.0,"key":"RECALL"},{"data":"Double Energy","floor":53.0,"key":"SMITH"}],"neow_cost":"TEN_PERCENT_HP_LOSS","seed_source_timestamp":623420188110801,"circlet_count":0,"master_deck":["AscendersBane","Defend_B","Zap+1","Dualcast+1","Defragment+1","Coolheaded+1","Cold Snap","Compile Driver","Coolheaded+1","Defragment+1","Ball Lightning","Defragment+1","Seek","Amplify","Undo+1","Aggregate+1","Recycle+1","Reinforced Body","Chaos+1","Core Surge","Hologram+1","Fission+1","Conserve Battery+1","Double Energy+1","Go for the Eyes+1","Heatsinks+1"],"special_seed":0,"relics":["Cracked Core","Mango","Pear","Golden Idol","Potion Belt","Anchor","Letter Opener","Ginger","Astrolabe","Strawberry","Cables","Calling Bell","Regal Pillow","Meat on the Bone","Girya","OrangePellets","Pocketwatch","Kunai","Mercury Hourglass","ClockworkSouvenir","Gremlin Horn"],"potions_floor_usage":[56,56,56],"damage_taken":[{"damage":2.0,"enemies":"2 Louse","floor":1.0,"turns":2.0},{"damage":5.0,"enemies":"Lagavulin","floor":7.0,"turns":7.0},{"damage":0.0,"enemies":"Cultist","floor":8.0,"turns":3.0},{"damage":12.0,"enemies":"3 Sentries","floor":11.0,"turns":12.0},{"damage":0.0,"enemies":"Jaw Worm","floor":12.0,"turns":3.0},{"damage":30.0,"enemies":"Gremlin Nob","floor":13.0,"turns":4.0},{"damage":24.0,"enemies":"The Guardian","floor":16.0,"turns":8.0},{"damage":2.0,"enemies":"Spheric Guardian","floor":18.0,"turns":4.0},{"damage":5.0,"enemies":"Chosen","floor":21.0,"turns":6.0},{"damage":15.0,"enemies":"Gremlin Leader","floor":24.0,"turns":8.0},{"damage":9.0,"enemies":"Shelled Parasite and Fungi","floor":28.0,"turns":6.0},{"damage":19.0,"enemies":"Snake Plant","floor":29.0,"turns":5.0},{"damage":13.0,"enemies":"Slavers","floor":30.0,"turns":6.0},{"damage":0.0,"enemies":"Snecko","floor":31.0,"turns":5.0},{"damage":0.0,"enemies":"Champ","floor":33.0,"turns":11.0},{"damage":2.0,"enemies":"Orb Walker","floor":35.0,"turns":4.0},{"damage":7.0,"enemies":"3 Shapes","floor":38.0,"turns":5.0},{"damage":2.0,"enemies":"3 Darklings","floor":39.0,"turns":4.0},{"damage":0.0,"enemies":"Spire Growth","floor":41.0,"turns":6.0},{"damage":0.0,"enemies":"Giant Head","floor":45.0,"turns":9.0},{"damage":5.0,"enemies":"Reptomancer","floor":47.0,"turns":6.0},{"damage":7.0,"enemies":"Writhing Mass","floor":48.0,"turns":6.0},{"damage":35.0,"enemies":"Time Eater","floor":50.0,"turns":21.0},{"damage":1.0,"enemies":"Donu and Deca","floor":51.0,"turns":12.0},{"damage":25.0,"enemies":"Shield and Spear","floor":55.0,"turns":8.0},{"damage":46,"enemies":"The Heart","floor":56,"turns":14}],"seed_played":"5042392194391608524","potions_obtained":[{"floor":1.0,"key":"Regen Potion"},{"floor":12.0,"key":"Regen Potion"},{"floor":16.0,"key":"Energy Potion"},{"floor":18.0,"key":"Explosive Potion"},{"floor":24.0,"key":"FearPotion"},{"floor":29.0,"key":"Dexterity Potion"},{"floor":30.0,"key":"FearPotion"},{"floor":33.0,"key":"Block Potion"},{"floor":41.0,"key":"Energy Potion"},{"floor":47.0,"key":"Explosive Potion"},{"floor":55.0,"key":"Weak Potion"}],"is_trial":false,"path_per_floor":["M","?","$","T","?","R","E","M","T","?","E","M","E","$","R","B",null,"M","?","?","M","$","R","E","R","T","?","M","M","E","M","R","B",null,"M","$","?","M","M","R","M","R","T","R","E","?","E","M","R","B","B",null,"R","$","E","B",null],"character_chosen":"DEFECT","items_purchased":["Coolheaded","Cold Snap","Seek","OrangePellets","ClockworkSouvenir"],"campfire_rested":0,"item_purchase_floors":[3,3,14,36,54],"current_hp_per_floor":[76,76,76,86,56,56,51,51,51,51,54,54,24,24,24,15,70,68,68,68,63,63,63,55,55,55,55,46,27,14,14,14,14,75,73,73,73,66,64,64,64,64,64,64,64,64,59,52,52,29,40,81,81,81,56,22],"gold":57,"neow_bonus":"ONE_RARE_RELIC","is_prod":false,"is_daily":false,"chose_seed":false,"campfire_upgraded":9,"win_rate":0,"timestamp":1555412344,"path_taken":["M","?","?","?","?","R","E","M","T","?","E","M","E","$","R","BOSS","M","?","?","M","$","R","E","R","T","?","M","?","E","M","R","BOSS","M","$","?","?","M","R","M","R","T","R","E","?","E","M","R","BOSS","BOSS","R","$","E","BOSS"],"build_version":"2019-01-23","purchased_purges":2,"victory":true,"max_hp_per_floor":[78,78,78,88,88,88,88,88,88,88,88,88,88,88,88,88,88,88,88,88,88,88,88,95,95,95,95,95,95,95,95,95,95,95,95,95,95,95,95,95,95,95,95,95,95,95,95,95,95,95,95,95,95,95,95,95],"card_choices":[{"not_picked":["Rebound","Streamline"],"picked":"Defragment","floor":1.0},{"not_picked":["Coolheaded","Streamline"],"picked":"Compile Driver","floor":7.0},{"not_picked":["Rebound","Lockon"],"picked":"Coolheaded","floor":8.0},{"not_picked":["Lockon","Leap"],"picked":"Defragment","floor":11.0},{"not_picked":["Melter","Gash"],"picked":"Ball Lightning","floor":12.0},{"not_picked":["Reinforced Body","Conserve Battery"],"picked":"Defragment","floor":13.0},{"not_picked":["Reboot","Creative AI"],"picked":"Amplify","floor":16.0},{"not_picked":["Conserve Battery","Lockon","Steam Power"],"picked":"SKIP","floor":18.0},{"not_picked":["Streamline","Sunder"],"picked":"Reinforced Body","floor":21.0},{"not_picked":["Sweeping Beam","Go for the Eyes","Storm"],"picked":"SKIP","floor":24.0},{"not_picked":["Streamline","Cold Snap","Leap+1"],"picked":"SKIP","floor":28.0},{"not_picked":["BootSequence","Hologram"],"picked":"Chaos","floor":29.0},{"not_picked":["Compile Driver","FTL"],"picked":"Core Surge","floor":30.0},{"not_picked":["Gash","Conserve Battery"],"picked":"Hologram","floor":31.0},{"not_picked":["Amplify","Core Surge"],"picked":"Fission","floor":33.0},{"not_picked":["Barrage","Recycle","Aggregate+1"],"picked":"SKIP","floor":35.0},{"not_picked":["Coolheaded","Leap"],"picked":"Conserve Battery+1","floor":38.0},{"not_picked":["FTL","Coolheaded","Leap"],"picked":"SKIP","floor":39.0},{"not_picked":["Conserve Battery+1","Coolheaded","Beam Cell"],"picked":"SKIP","floor":41.0},{"not_picked":["Hello World+1","Static Discharge+1"],"picked":"Double Energy","floor":45.0},{"not_picked":["Coolheaded","Streamline"],"picked":"Go for the Eyes+1","floor":47.0},{"not_picked":["Streamline","Creative AI"],"picked":"Heatsinks+1","floor":48.0},{"not_picked":["Stack+1","Steam","Scrape+1"],"picked":"SKIP","floor":55.0}],"player_experience":1402433,"relics_obtained":[{"floor":4.0,"key":"Pear"},{"floor":7.0,"key":"Potion Belt"},{"floor":9.0,"key":"Anchor"},{"floor":11.0,"key":"Letter Opener"},{"floor":13.0,"key":"Ginger"},{"floor":24.0,"key":"Strawberry"},{"floor":30.0,"key":"Cables"},{"floor":34.0,"key":"Regal Pillow"},{"floor":34.0,"key":"Meat on the Bone"},{"floor":34.0,"key":"Girya"},{"floor":43.0,"key":"Pocketwatch"},{"floor":45.0,"key":"Kunai"},{"floor":47.0,"key":"Mercury Hourglass"},{"floor":55.0,"key":"Gremlin Horn"}],"event_choices":[{"damage_healed":0.0,"max_hp_gain":0.0,"max_hp_loss":0.0,"gold_gain":0.0,"event_name":"Upgrade Shrine","player_choice":"Upgraded","floor":2.0,"gold_loss":0.0,"damage_taken":0.0,"cards_upgraded":["Defragment"]},{"damage_healed":0.0,"max_hp_gain":0.0,"max_hp_loss":0.0,"gold_gain":0.0,"event_name":"Golden Idol","player_choice":"Take Damage","floor":5.0,"gold_loss":0.0,"damage_taken":30.0,"relics_obtained":["Golden Idol"]},{"damage_healed":0.0,"max_hp_gain":0.0,"max_hp_loss":0.0,"gold_gain":0.0,"event_name":"The Cleric","player_choice":"Leave","floor":10.0,"gold_loss":0.0,"damage_taken":0.0},{"damage_healed":0.0,"max_hp_gain":0.0,"max_hp_loss":0.0,"gold_gain":0.0,"event_name":"Vampires","player_choice":"Ignored","floor":19.0,"gold_loss":0.0,"damage_taken":0.0},{"cards_removed":["Defend_B"],"damage_healed":0.0,"max_hp_gain":0.0,"max_hp_loss":0.0,"gold_gain":0.0,"event_name":"Back to Basics","player_choice":"Elegance","floor":20.0,"gold_loss":0.0,"damage_taken":0.0},{"damage_healed":0.0,"max_hp_gain":0.0,"max_hp_loss":0.0,"gold_gain":0.0,"event_name":"The Mausoleum","player_choice":"Ignored","floor":27.0,"gold_loss":0.0,"damage_taken":0.0},{"damage_healed":0.0,"max_hp_gain":0.0,"max_hp_loss":0.0,"gold_gain":0.0,"event_name":"Upgrade Shrine","player_choice":"Upgraded","floor":37.0,"gold_loss":0.0,"damage_taken":0.0,"cards_upgraded":["Coolheaded"]},{"cards_removed":["Defend_B"],"damage_healed":0.0,"max_hp_gain":0.0,"max_hp_loss":0.0,"gold_gain":0.0,"event_name":"Falling","player_choice":"Removed Skill","floor":46.0,"gold_loss":0.0,"damage_taken":0.0}],"is_beta":false,"boss_relics":[{"not_picked":["Cursed Key","Philosopher\u0027s Stone"],"picked":"Astrolabe"},{"not_picked":["Sozu","Velvet Choker"],"picked":"Calling Bell"}],"items_purged_floors":[14,22],"is_endless":false,"potions_floor_spawned":[1,12,16,18,24,29,30,33,41,45,47,55],"ascension_level":20}