{"gold_per_floor":[114,165,181,197,59,84,84,113,163,163,175,175,11,11,11,107,107,126,126,126,110,110,110,125,125,125,141,141,155,255,265,265,360,360,371,371],"floor_reached":36,"playtime":5183,"items_purged":[],"score":397,"play_id":"c74ac6e6-8222-427b-a0d6-35c78a369632","local_time":"20190802092653","is_ascension_mode":false,"campfire_choices":[{"floor":7,"key":"REST"},{"floor":10,"key":"REST"},{"data":"Armaments","floor":12,"key":"SMITH"},{"floor":15,"key":"REST"},{"floor":23,"key":"REST"},{"floor":25,"key":"REST"},{"floor":28,"key":"REST"},{"floor":32,"key":"REST"}],"neow_cost":"NONE","seed_source_timestamp":382791396428300,"circlet_count":0,"master_deck":["Strike_R","Strike_R","Strike_R","Strike_R","Strike_R","Defend_R+1","Defend_R+1","Defend_R","Defend_R","Bash","Dropkick","Inflame","Cleave","Impervious+1","Inflame","Armaments+1","Perfected Strike","Double Tap+1","Twin Strike","Barricade","Bloodletting","RitualDagger","Blood for Blood+1","Thunderclap","Armaments","Pommel Strike+1","Carnage+1","Iron Wave+1","Bludgeon","Perfected Strike","Clothesline+1","Flex","Dual Wield","True Grit","Shrug It Off+1"],"relics":["Burning Blood","Ancient Tea Set","Champion Belt","Paper Frog","Runic Pyramid","Nloth\u0027s Gift","Pantograph","Unceasing Top","Letter Opener","Orrery"],"potions_floor_usage":[],"damage_taken":[{"damage":1,"enemies":"Cultist","floor":1,"turns":3},{"damage":1,"enemies":"2 Louse","floor":3,"turns":4},{"damage":6,"enemies":"Jaw Worm","floor":4,"turns":3},{"damage":35,"enemies":"3 Sentries","floor":6,"turns":8},{"damage":45,"enemies":"Lagavulin","floor":8,"turns":7},{"damage":9,"enemies":"Exordium Wildlife","floor":11,"turns":3},{"damage":37,"enemies":"Slime Boss","floor":16,"turns":10},{"damage":52,"enemies":"3 Byrds","floor":18,"turns":6},{"damage":27,"enemies":"2 Thieves","floor":21,"turns":4},{"damage":30,"enemies":"Centurion and Healer","floor":24,"turns":8},{"damage":21,"enemies":"Snake Plant","floor":27,"turns":2},{"damage":6,"enemies":"Snecko","floor":29,"turns":3},{"damage":9,"enemies":"Colosseum Slavers","floor":30,"turns":2},{"damage":30,"enemies":"Colosseum Nobs","floor":30,"turns":4},{"damage":13,"enemies":"3 Cultists","floor":31,"turns":5},{"damage":66,"enemies":"Champ","floor":33,"turns":11},{"damage":51,"enemies":"3 Shapes","floor":35,"turns":3},{"damage":47,"enemies":"3 Darklings","floor":36,"turns":5}],"seed_played":"1692447817701069239","potions_obtained":[{"floor":1,"key":"PowerPotion"},{"floor":3,"key":"LiquidBronze"},{"floor":11,"key":"Weak Potion"},{"floor":29,"key":"SpeedPotion"},{"floor":30,"key":"BloodPotion"}],"is_trial":false,"path_per_floor":["M","T","M","M","$","E","R","E","T","R","M","R","$","?","R","B",null,"M","?","?","M","$","R","M","R","T","M","R","M","?","M","R","B",null,"M","M"],"character_chosen":"IRONCLAD","items_purchased":["Impervious","Double Tap","Twin Strike"],"campfire_rested":7,"item_purchase_floors":[5,13,13],"current_hp_per_floor":[88,88,88,88,88,59,85,46,46,72,69,69,69,51,77,46,88,42,36,36,15,15,41,17,43,43,28,54,54,27,20,46,11,88,43,0],"gold":371,"neow_bonus":"TEN_PERCENT_HP_BONUS","is_prod":false,"is_daily":false,"chose_seed":false,"campfire_upgraded":1,"win_rate":0.0,"timestamp":1564759613,"path_taken":["M","?","M","?","?","E","R","E","T","R","M","R","$","?","R","BOSS","M","?","?","M","$","R","?","R","T","M","R","M","?","M","R","BOSS","M","M"],"build_version":"2019-07-17","purchased_purges":0,"victory":false,"max_hp_per_floor":[88,88,88,88,88,88,88,88,88,88,88,88,88,88,88,88,88,88,88,88,88,88,88,88,88,88,88,88,88,88,88,88,88,88,88,88],"card_choices":[{"not_picked":["Ghostly Armor","Flex"],"picked":"Dropkick","floor":1},{"not_picked":["Uppercut","Twin Strike"],"picked":"Inflame","floor":3},{"not_picked":["Dropkick","Warcry"],"picked":"Cleave","floor":4},{"not_picked":["Disarm","Power Through"],"picked":"Inflame","floor":6},{"not_picked":["Shrug It Off","Combust"],"picked":"Armaments","floor":8},{"not_picked":["Feel No Pain","Pommel Strike"],"picked":"Perfected Strike","floor":11},{"not_picked":["Feed","Bludgeon"],"picked":"Barricade","floor":16},{"not_picked":["Hemokinesis","Intimidate"],"picked":"Bloodletting","floor":18},{"not_picked":["Inflame","Cleave+1"],"picked":"Blood for Blood+1","floor":21},{"not_picked":["Flex","Warcry"],"picked":"Thunderclap","floor":24},{"not_picked":["Power Through","Headbutt+1"],"picked":"Armaments","floor":27},{"not_picked":["Rage","Body Slam"],"picked":"Pommel Strike+1","floor":29},{"not_picked":["Thunderclap","Combust"],"picked":"Carnage+1","floor":30},{"not_picked":["Bloodletting","Headbutt"],"picked":"Iron Wave+1","floor":31},{"not_picked":["Dark Embrace","Barricade"],"picked":"Bludgeon","floor":33},{"not_picked":["Body Slam","Barricade"],"picked":"Perfected Strike","floor":34},{"not_picked":["Body Slam","Iron Wave"],"picked":"Clothesline+1","floor":34},{"not_picked":["Heavy Blade","Dropkick"],"picked":"Flex","floor":34},{"not_picked":["Brutality","Armaments"],"picked":"Dual Wield","floor":34},{"not_picked":["Battle Trance","Heavy Blade"],"picked":"True Grit","floor":34},{"not_picked":["Sever Soul","Power Through"],"picked":"Shrug It Off+1","floor":35}],"player_experience":4864,"relics_obtained":[{"floor":2,"key":"Ancient Tea Set"},{"floor":6,"key":"Champion Belt"},{"floor":8,"key":"Paper Frog"},{"floor":9,"key":"War Paint"},{"floor":26,"key":"Pantograph"},{"floor":30,"key":"Unceasing Top"},{"floor":30,"key":"Letter Opener"}],"event_choices":[{"damage_healed":0,"gold_gain":0,"player_choice":"Entered Light","damage_taken":18,"max_hp_gain":0,"max_hp_loss":0,"event_name":"Shining Light","floor":14,"gold_loss":0,"cards_upgraded":["Double Tap","Defend_R"]},{"damage_healed":0,"gold_gain":0,"player_choice":"Joined the Cult","damage_taken":6,"max_hp_gain":0,"max_hp_loss":0,"event_name":"Nest","floor":19,"gold_loss":0,"cards_obtained":["RitualDagger"]},{"damage_healed":0,"gold_gain":0,"player_choice":"Traded Relic","damage_taken":0,"relics_obtained":["Nloth\u0027s Gift"],"max_hp_gain":0,"max_hp_loss":0,"event_name":"N\u0027loth","floor":20,"relics_lost":["War Paint"],"gold_loss":0},{"damage_healed":0,"gold_gain":0,"player_choice":"Fight","damage_taken":0,"max_hp_gain":0,"max_hp_loss":0,"event_name":"Colosseum","floor":30,"gold_loss":0},{"damage_healed":0,"gold_gain":0,"player_choice":"Fought Nobs","damage_taken":0,"max_hp_gain":0,"max_hp_loss":0,"event_name":"Colosseum","floor":30,"gold_loss":0}],"is_beta":false,"boss_relics":[{"not_picked":["Fusion Hammer","Black Blood"],"picked":"Runic Pyramid"},{"not_picked":["Mark of Pain","Runic Dome"],"picked":"Orrery"}],"items_purged_floors":[],"is_endless":false,"potions_floor_spawned":[1,3,11,16,18,29,30],"killed_by":"3 Darklings","ascension_level":0}