{"gold_per_floor":[114,114,130,141,10,43,56,86,137,148,148,165,182,194,194,266,266,280,291,302,93,107,107,107,107,107,138,138,138,163,180,180,180],"floor_reached":33,"playtime":1423,"items_purged":["Strike_G","Strike_G"],"score":892,"play_id":"c051028b-265c-4700-8619-861308b07b9a","local_time":"20190131201441","is_ascension_mode":true,"campfire_choices":[{"data":"Doppelganger","floor":11.0,"key":"SMITH"},{"data":"Grand Finale","floor":15.0,"key":"SMITH"},{"data":"Neutralize","floor":24.0,"key":"SMITH"},{"data":"Acrobatics","floor":28.0,"key":"SMITH"},{"data":"Outmaneuver","floor":32.0,"key":"SMITH"}],"neow_cost":"PERCENT_DAMAGE","seed_source_timestamp":27969003671815,"circlet_count":0,"master_deck":["AscendersBane","Defend_G","Defend_G","Defend_G","Defend_G","Defend_G","Strike_G","Strike_G","Survivor","Neutralize+1","Backflip","Grand Finale+1","Acrobatics+1","Doppelganger+1","Acrobatics+1","Decay","Outmaneuver+1","Adrenaline"],"special_seed":0,"relics":["Ring of the Snake","Tingsha","Happy Flower","Blue Candle","Orichalcum","Black Star","Gremlin Horn","Oddly Smooth Stone","Question Card","Blood Vial","Centennial Puzzle"],"potions_floor_usage":[33],"damage_taken":[{"damage":0.0,"enemies":"2 Louse","floor":1.0,"turns":3.0},{"damage":15.0,"enemies":"Cultist","floor":3.0,"turns":7.0},{"damage":0.0,"enemies":"Jaw Worm","floor":4.0,"turns":6.0},{"damage":0.0,"enemies":"Gremlin Nob","floor":6.0,"turns":2.0},{"damage":6.0,"enemies":"Lots of Slimes","floor":7.0,"turns":2.0},{"damage":9.0,"enemies":"Lagavulin","floor":8.0,"turns":6.0},{"damage":0.0,"enemies":"Red Slaver","floor":10.0,"turns":2.0},{"damage":4.0,"enemies":"Exordium Wildlife","floor":12.0,"turns":3.0},{"damage":0.0,"enemies":"Looter","floor":13.0,"turns":3.0},{"damage":6.0,"enemies":"Lots of Slimes","floor":14.0,"turns":2.0},{"damage":0.0,"enemies":"Hexaghost","floor":16.0,"turns":6.0},{"damage":11.0,"enemies":"Shell Parasite","floor":18.0,"turns":4.0},{"damage":13.0,"enemies":"2 Thieves","floor":19.0,"turns":3.0},{"damage":9.0,"enemies":"Snake Plant","floor":20.0,"turns":4.0},{"damage":5.0,"enemies":"Cultist and Chosen","floor":22.0,"turns":4.0},{"damage":0.0,"enemies":"Gremlin Leader","floor":23.0,"turns":2.0},{"damage":0.0,"enemies":"Slavers","floor":27.0,"turns":1.0},{"damage":0.0,"enemies":"Gremlin Leader","floor":30.0,"turns":2.0},{"damage":4.0,"enemies":"Shelled Parasite and Fungi","floor":31.0,"turns":2.0},{"damage":0,"enemies":"Champ","floor":33,"turns":7}],"seed_played":"-3371449584800765029","potions_obtained":[{"floor":1.0,"key":"Weak Potion"},{"floor":4.0,"key":"FearPotion"},{"floor":7.0,"key":"Swift Potion"},{"floor":12.0,"key":"Fire Potion"},{"floor":16.0,"key":"Block Potion"},{"floor":22.0,"key":"LiquidBronze"},{"floor":30.0,"key":"Explosive Potion"},{"floor":31.0,"key":"PowerPotion"}],"is_trial":false,"path_per_floor":["M","?","M","M","$","E","M","E","T","M","R","M","M","M","R","B",null,"M","M","M","$","M","E","R","?","T","E","R","?","E","M","R","B"],"character_chosen":"THE_SILENT","items_purchased":["Acrobatics","SmokeBomb"],"campfire_rested":0,"item_purchase_floors":[5,21],"current_hp_per_floor":[44,44,29,29,29,29,23,14,14,14,14,10,10,4,4,4,51,40,27,18,18,13,13,13,13,13,13,13,13,13,11,11,13],"gold":180,"neow_bonus":"ONE_RARE_RELIC","is_prod":false,"is_daily":false,"chose_seed":false,"campfire_upgraded":5,"win_rate":0,"timestamp":1548936881,"path_taken":["M","?","M","M","$","E","M","E","T","M","R","M","M","M","R","BOSS","M","M","M","$","M","E","R","?","T","E","R","?","E","M","R","BOSS"],"build_version":"2019-01-23","purchased_purges":2,"victory":false,"max_hp_per_floor":[66,66,66,66,66,66,66,66,66,66,66,66,66,66,66,66,66,66,66,66,66,66,66,66,66,66,66,66,66,66,66,66,66],"card_choices":[{"not_picked":["Accuracy","Masterful Stab"],"picked":"Backflip","floor":1.0},{"not_picked":["Backflip","Flying Knee","Backstab"],"picked":"SKIP","floor":3.0},{"not_picked":["Infinite Blades","Poisoned Stab"],"picked":"Grand Finale","floor":4.0},{"not_picked":["Sucker Punch","Doppelganger","Heel Hook"],"picked":"SKIP","floor":6.0},{"not_picked":["Sucker Punch","Heel Hook"],"picked":"Doppelganger","floor":6.0},{"not_picked":["Footwork","Masterful Stab","Deflect"],"picked":"SKIP","floor":7.0},{"not_picked":["Footwork","Masterful Stab","Deflect"],"picked":"SKIP","floor":7.0},{"not_picked":["Backflip","Deadly Poison","Caltrops"],"picked":"SKIP","floor":8.0},{"not_picked":["Dash","Predator","Concentrate"],"picked":"SKIP","floor":10.0},{"not_picked":["All Out Attack","Dagger Throw","Deadly Poison"],"picked":"SKIP","floor":12.0},{"not_picked":["Masterful Stab","Dagger Spray","Predator"],"picked":"SKIP","floor":13.0},{"not_picked":["Distraction","Dash","Flying Knee"],"picked":"SKIP","floor":14.0},{"not_picked":["Eviscerate","Choke"],"picked":"Acrobatics+1","floor":18.0},{"not_picked":["Choke","Concentrate","Leg Sweep"],"picked":"SKIP","floor":19.0},{"not_picked":["Choke","Concentrate","Leg Sweep"],"picked":"SKIP","floor":19.0},{"not_picked":["Endless Agony","Deflect","Caltrops"],"picked":"SKIP","floor":20.0},{"not_picked":["Poisoned Stab","Flying Knee+1","Catalyst"],"picked":"SKIP","floor":22.0},{"not_picked":["Flying Knee","Crippling Poison","Caltrops"],"picked":"SKIP","floor":27.0},{"not_picked":["Underhanded Strike","Distraction","Quick Slash"],"picked":"Outmaneuver","floor":30.0},{"not_picked":["Escape Plan","Quick Slash","Bane"],"picked":"Adrenaline","floor":31.0}],"player_experience":1402413,"relics_obtained":[{"floor":6.0,"key":"Happy Flower"},{"floor":8.0,"key":"Blue Candle"},{"floor":9.0,"key":"Orichalcum"},{"floor":26.0,"key":"Gremlin Horn"},{"floor":27.0,"key":"Oddly Smooth Stone"},{"floor":27.0,"key":"Question Card"},{"floor":30.0,"key":"Blood Vial"},{"floor":30.0,"key":"Centennial Puzzle"}],"event_choices":[{"cards_removed":["Strike_G"],"damage_healed":0.0,"max_hp_gain":0.0,"max_hp_loss":0.0,"gold_gain":0.0,"event_name":"Bonfire Elementals","player_choice":"Offered Basic","floor":2.0,"gold_loss":0.0,"damage_taken":0.0},{"damage_healed":0.0,"max_hp_gain":0.0,"max_hp_loss":0.0,"gold_gain":0.0,"event_name":"Vampires","player_choice":"Ignored","floor":25.0,"gold_loss":0.0,"damage_taken":0.0},{"damage_healed":0.0,"max_hp_gain":0.0,"max_hp_loss":0.0,"gold_gain":0.0,"event_name":"Forgotten Altar","player_choice":"Smashed Altar","floor":29.0,"gold_loss":0.0,"damage_taken":0.0,"cards_obtained":["Decay"]}],"is_beta":true,"boss_relics":[{"not_picked":["Philosopher\u0027s Stone","Lizard Tail"],"picked":"Black Star"}],"items_purged_floors":[5,21],"is_endless":false,"potions_floor_spawned":[1,4,7,12,16,22,23,30,31],"killed_by":"Champ","ascension_level":20}