{"gold_per_floor":[112,62,72,72,0,0,35,35,35,91,108,120,120,120,120,223,223,242,129,142,170,187,221,136,136,136,136,169,169,184,184,184,289,289,301,312,312,212,212,212,246,246,246,257,272,272,197,148,148,148],"floor_reached":51,"playtime":1747,"items_purged":["Strike_G","Strike_G+1","Defend_G"],"score":869,"play_id":"7487383a-7b1c-452b-b248-9edc6c991799","local_time":"20181028102848","is_ascension_mode":false,"campfire_choices":[{"data":"Noxious Fumes","floor":6.0,"key":"SMITH"},{"data":"Well Laid Plans","floor":8.0,"key":"SMITH"},{"data":"Deadly Poison","floor":13.0,"key":"SMITH"},{"data":"Neutralize","floor":15.0,"key":"SMITH"},{"data":"Burst","floor":25.0,"key":"SMITH"},{"data":"Footwork","floor":27.0,"key":"SMITH"},{"data":"Burst","floor":29.0,"key":"SMITH"},{"data":"Footwork","floor":32,"key":"SMITH"},{"data":"Night Terror","floor":40,"key":"SMITH"},{"data":"Malaise","floor":42,"key":"SMITH"},{"data":"Blur","floor":49,"key":"SMITH"}],"neow_cost":"NONE","seed_source_timestamp":228318428072,"circlet_count":0,"master_deck":["Defend_G+1","Strike_G+1","Survivor","Neutralize+1","Footwork+1","Deadly Poison+1","Noxious Fumes+1","Well Laid Plans+1","Blur+1","Burst+1","Die Die Die+1","Terror+1","Adrenaline+1","Calculated Gamble+1","Footwork+1","Catalyst+1","Burst+1","Escape Plan+1","Infinite Blades+1","Night Terror+1","Backflip+1","Malaise+1","Bouncing Flask+1","Backflip+1"],"special_seed":0,"relics":["Ring of the Snake","Whetstone","Du-Vu Doll","Tiny Chest","Gremlin Horn","Astrolabe","Red Mask","War Paint","Orichalcum","Frozen Egg 2","Juzu Bracelet","Runic Pyramid","Lantern","Bird Faced Urn","SsserpentHead","Ancient Tea Set"],"potions_floor_usage":[41,50,50,50],"damage_taken":[{"damage":1.0,"enemies":"2 Louse","floor":1.0,"turns":3.0},{"damage":1.0,"enemies":"Small Slimes","floor":3.0,"turns":5.0},{"damage":0.0,"enemies":"Lagavulin","floor":7.0,"turns":7.0},{"damage":22.0,"enemies":"Gremlin Nob","floor":10.0,"turns":5.0},{"damage":0.0,"enemies":"Jaw Worm","floor":11.0,"turns":4.0},{"damage":2.0,"enemies":"Looter","floor":12.0,"turns":4.0},{"damage":2.0,"enemies":"Slime Boss","floor":16.0,"turns":10.0},{"damage":2.0,"enemies":"Shell Parasite","floor":18.0,"turns":4.0},{"damage":1.0,"enemies":"Chosen","floor":20.0,"turns":3.0},{"damage":0.0,"enemies":"Masked Bandits","floor":21.0,"turns":3.0},{"damage":0.0,"enemies":"Snecko","floor":22.0,"turns":6.0},{"damage":14.0,"enemies":"Slavers","floor":23.0,"turns":6.0},{"damage":0.0,"enemies":"Gremlin Leader","floor":28.0,"turns":4.0},{"damage":0.0,"enemies":"Chosen and Byrds","floor":30.0,"turns":6.0},{"damage":26,"enemies":"Collector","floor":33,"turns":6},{"damage":0,"enemies":"3 Darklings","floor":35,"turns":10},{"damage":0,"enemies":"Orb Walker","floor":36,"turns":5},{"damage":0,"enemies":"Nemesis","floor":41,"turns":3},{"damage":0,"enemies":"Spire Growth","floor":44,"turns":5},{"damage":0,"enemies":"Maw","floor":45,"turns":3},{"damage":0,"enemies":"Time Eater","floor":50,"turns":7}],"seed_played":"-3127725965047951501","potions_obtained":[{"floor":3.0,"key":"Fire Potion"},{"floor":7.0,"key":"GamblersBrew"},{"floor":16.0,"key":"SpeedPotion"},{"floor":20.0,"key":"Ancient Potion"},{"floor":22.0,"key":"Swift Potion"},{"floor":30.0,"key":"Energy Potion"},{"floor":36,"key":"GamblersBrew"},{"floor":44,"key":"Dexterity Potion"}],"is_trial":false,"path_per_floor":["M","$","M","?","$","R","E","R","T","E","M","M","R","?","R","B",null,"M","$","M","?","M","E","?","R","T","R","E","R","M","?","R","B",null,"M","M","?","$","?","R","E","R","T","M","M","?","$","?","R","B"],"character_chosen":"THE_SILENT","items_purchased":["Deadly Poison","Well Laid Plans","Footwork"],"campfire_rested":0,"item_purchase_floors":[2,5,19],"current_hp_per_floor":[69,69,68,68,68,68,68,68,68,46,46,44,44,32,32,30,70,68,68,67,67,67,53,53,53,53,53,53,53,53,53,53,27,70,70,70,70,70,66,66,66,66,66,66,66,66,66,66,66,66],"gold":148,"neow_bonus":"THREE_CARDS","is_prod":false,"is_daily":false,"chose_seed":false,"campfire_upgraded":11,"win_rate":0,"timestamp":1540693728,"path_taken":["M","$","M","?","$","R","E","R","T","E","M","M","R","?","R","BOSS","M","$","M","?","M","E","?","R","T","R","E","R","M","?","R","BOSS","M","M","?","$","?","R","E","R","T","M","M","?","?","?","R","BOSS"],"build_version":"2018-10-25v2","purchased_purges":3,"victory":true,"max_hp_per_floor":[70,70,70,70,70,70,70,70,70,70,70,70,70,70,70,70,70,70,70,70,70,70,70,70,70,70,70,70,70,70,70,70,70,70,70,70,70,70,66,66,66,66,66,66,66,66,66,66,66,66],"card_choices":[{"not_picked":["Dagger Throw","Outmaneuver"],"picked":"Footwork","floor":0.0},{"not_picked":["Acrobatics","Sucker Punch","Flying Knee"],"picked":"SKIP","floor":1.0},{"not_picked":["Masterful Stab","Accuracy"],"picked":"Noxious Fumes","floor":3.0},{"not_picked":["Prepared","Doppelganger"],"picked":"Blur","floor":7.0},{"not_picked":["Backstab","Quick Slash","Blade Dance"],"picked":"SKIP","floor":10.0},{"not_picked":["Bane","Deflect","Underhanded Strike"],"picked":"SKIP","floor":11.0},{"not_picked":["Sucker Punch","Dagger Spray","Prepared"],"picked":"SKIP","floor":12.0},{"not_picked":["Storm of Steel","A Thousand Cuts"],"picked":"Burst","floor":16.0},{"not_picked":["Expertise+1","Masterful Stab","Calculated Gamble+1"],"picked":"SKIP","floor":18.0},{"not_picked":["Expertise+1","Masterful Stab"],"picked":"Calculated Gamble+1","floor":18.0},{"not_picked":["Acrobatics","Endless Agony","Dagger Throw"],"picked":"SKIP","floor":20.0},{"not_picked":["Outmaneuver","Cloak And Dagger+1"],"picked":"Catalyst","floor":21.0},{"not_picked":["Cloak And Dagger","Accuracy","Outmaneuver"],"picked":"SKIP","floor":22.0},{"not_picked":["Dagger Spray","Dodge and Roll","Flying Knee"],"picked":"SKIP","floor":23.0},{"not_picked":["Acrobatics","Flying Knee"],"picked":"Burst","floor":28.0},{"not_picked":["Deadly Poison","Flying Knee"],"picked":"Escape Plan+1","floor":30.0},{"not_picked":["Bullet Time","Doppelganger"],"picked":"Night Terror","floor":33},{"not_picked":["Infinite Blades+1","Flying Knee","Riddle With Holes+1"],"picked":"SKIP","floor":35},{"not_picked":["Acrobatics","Deadly Poison"],"picked":"Backflip+1","floor":36},{"not_picked":["Sucker Punch","Prepared+1"],"picked":"Malaise","floor":41},{"not_picked":["Backstab","Sucker Punch+1"],"picked":"Bouncing Flask+1","floor":44},{"not_picked":["Dagger Spray+1","Deadly Poison"],"picked":"Backflip+1","floor":45}],"player_experience":686871,"relics_obtained":[{"floor":7.0,"key":"Whetstone"},{"floor":9.0,"key":"Du-Vu Doll"},{"floor":10.0,"key":"Tiny Chest"},{"floor":21.0,"key":"Red Mask"},{"floor":23.0,"key":"War Paint"},{"floor":26.0,"key":"Frozen Egg 2"},{"floor":28.0,"key":"Juzu Bracelet"},{"floor":41,"key":"Lantern"},{"floor":43,"key":"Bird Faced Urn"}],"event_choices":[{"cards_removed":["Strike_G"],"damage_healed":0.0,"max_hp_gain":0.0,"max_hp_loss":0.0,"gold_gain":0.0,"event_name":"Living Wall","player_choice":"Forget","floor":4.0,"gold_loss":0.0,"damage_taken":0.0},{"damage_healed":0.0,"max_hp_gain":0.0,"max_hp_loss":0.0,"gold_gain":0.0,"event_name":"Scrap Ooze","player_choice":"Success","floor":14.0,"gold_loss":0.0,"damage_taken":12.0,"relics_obtained":["Gremlin Horn"]},{"damage_healed":0.0,"max_hp_gain":0.0,"max_hp_loss":0.0,"gold_gain":0.0,"event_name":"Masked Bandits","player_choice":"Fought Bandits","floor":21.0,"gold_loss":0.0,"damage_taken":0.0},{"damage_healed":0.0,"max_hp_gain":0.0,"max_hp_loss":0.0,"gold_gain":0.0,"event_name":"Addict","player_choice":"Obtained Relic","floor":24.0,"gold_loss":85.0,"damage_taken":0.0,"relics_obtained":["Orichalcum"]},{"damage_healed":0,"gold_gain":0,"cards_transformed":["Defend_G"],"player_choice":"Transformed","damage_taken":0,"max_hp_gain":0,"max_hp_loss":0,"event_name":"Transmorgrifier","floor":31,"gold_loss":0,"cards_obtained":["Infinite Blades"]},{"damage_healed":0,"gold_gain":0,"player_choice":"Memory 1","damage_taken":0,"max_hp_gain":0,"max_hp_loss":0,"event_name":"SensoryStone","floor":37,"gold_loss":0},{"damage_healed":0,"gold_gain":0,"player_choice":"Max HP","damage_taken":0,"max_hp_gain":0,"max_hp_loss":4,"event_name":"Winding Halls","floor":39,"gold_loss":0},{"damage_healed":0,"gold_gain":0,"player_choice":"Trade","damage_taken":0,"relics_obtained":["SsserpentHead"],"max_hp_gain":0,"max_hp_loss":0,"event_name":"FaceTrader","floor":46,"gold_loss":0},{"damage_healed":0,"gold_gain":0,"player_choice":"Paid Gold","damage_taken":0,"relics_obtained":["Ancient Tea Set"],"max_hp_gain":0,"max_hp_loss":0,"event_name":"WeMeetAgain","floor":48,"gold_loss":99}],"is_beta":false,"boss_relics":[{"not_picked":["Velvet Choker","HoveringKite"],"picked":"Astrolabe"},{"not_picked":["Busted Crown","Empty Cage"],"picked":"Runic Pyramid"}],"items_purged_floors":[19,38,47],"is_endless":false,"potions_floor_spawned":[3,7,16,20,21,22,30,36,44],"ascension_level":0}