{"gold_per_floor":[19,19,19,42,57,57,77,90,90,90,90,103,103,28,28,28],"floor_reached":16,"playtime":485,"items_purged":["Strike_G"],"score":184,"play_id":"2a341ee5-1ba5-42ae-8e52-2935c8a6330b","local_time":"20190301005238","is_ascension_mode":true,"campfire_choices":[{"data":"Terror","floor":6.0,"key":"SMITH"},{"data":"Deadly Poison","floor":11.0,"key":"SMITH"},{"data":"Predator","floor":15,"key":"SMITH"}],"neow_cost":"NO_GOLD","seed_source_timestamp":48426438164275,"circlet_count":0,"master_deck":["AscendersBane","Defend_G","Defend_G","Defend_G","Defend_G","Strike_G","Survivor","Neutralize","Terror+1","Doppelganger","Deadly Poison+1","Predator+1"],"special_seed":0,"relics":["Ring of the Snake","Golden Idol","Gremlin Horn"],"potions_floor_usage":[16],"damage_taken":[{"damage":8.0,"enemies":"Cultist","floor":1.0,"turns":6.0},{"damage":1.0,"enemies":"Jaw Worm","floor":4.0,"turns":5.0},{"damage":1.0,"enemies":"Small Slimes","floor":5.0,"turns":4.0},{"damage":7.0,"enemies":"Exordium Thugs","floor":7.0,"turns":11.0},{"damage":3.0,"enemies":"3 Louse","floor":8.0,"turns":5.0},{"damage":1,"enemies":"Blue Slaver","floor":12,"turns":2},{"damage":33,"enemies":"Slime Boss","floor":16,"turns":5}],"seed_played":"196342013435457443","potions_obtained":[{"floor":4.0,"key":"Block Potion"},{"floor":8.0,"key":"SteroidPotion"}],"is_trial":false,"path_per_floor":["M","?","?","M","M","R","M","M","T","?","R","M","?","$","R","B"],"character_chosen":"THE_SILENT","items_purchased":[],"campfire_rested":0,"item_purchase_floors":[],"current_hp_per_floor":[51,51,56,55,54,54,47,44,44,44,44,43,36,36,36,3],"gold":28,"neow_bonus":"REMOVE_TWO","is_prod":false,"is_daily":false,"chose_seed":false,"campfire_upgraded":3,"win_rate":0,"timestamp":1551372758,"path_taken":["M","?","?","M","M","R","M","M","T","?","R","?","?","?","R","BOSS"],"build_version":"2019-01-23","purchased_purges":1,"victory":false,"max_hp_per_floor":[66,60,65,65,65,65,65,65,65,65,65,65,65,65,65,65],"card_choices":[{"not_picked":["Sucker Punch","Blade Dance","Eviscerate"],"picked":"SKIP","floor":1.0},{"not_picked":["Acrobatics","PiercingWail"],"picked":"Terror","floor":4.0},{"not_picked":["Slice","Dagger Spray"],"picked":"Doppelganger","floor":5.0},{"not_picked":["Poisoned Stab","Prepared"],"picked":"Deadly Poison","floor":7.0},{"not_picked":["Deflect","Dash"],"picked":"Predator","floor":8.0},{"not_picked":["Predator","PiercingWail","Blur"],"picked":"SKIP","floor":12}],"player_experience":3248206,"relics_obtained":[{"floor":9.0,"key":"Gremlin Horn"}],"event_choices":[{"damage_healed":0.0,"max_hp_gain":0.0,"max_hp_loss":6.0,"gold_gain":0.0,"event_name":"Golden Idol","player_choice":"Lose Max HP","floor":2.0,"gold_loss":0.0,"damage_taken":0.0,"relics_obtained":["Golden Idol"]},{"damage_healed":0.0,"max_hp_gain":5.0,"max_hp_loss":0.0,"gold_gain":0.0,"event_name":"Big Fish","player_choice":"Donut","floor":3.0,"gold_loss":0.0,"damage_taken":0.0},{"cards_removed":["Strike_G"],"damage_healed":0.0,"max_hp_gain":0.0,"max_hp_loss":0.0,"gold_gain":0.0,"event_name":"Purifier","player_choice":"Purged","floor":10.0,"gold_loss":0.0,"damage_taken":0.0},{"cards_removed":["Strike_G"],"damage_healed":0,"gold_gain":0,"player_choice":"Card Removal","damage_taken":7,"max_hp_gain":0,"max_hp_loss":0,"event_name":"Golden Wing","floor":13,"gold_loss":0}],"is_beta":false,"boss_relics":[],"items_purged_floors":[14],"is_endless":false,"potions_floor_spawned":[4,8],"killed_by":"Slime Boss","ascension_level":20}