{"gold_per_floor":[111,111,261,274,199,234,254,274,349,349],"floor_reached":10,"playtime":212,"items_purged":[],"score":186,"play_id":"21d93f7c-5385-4de4-8c51-25035c39d583","local_time":"20181118171527","is_ascension_mode":true,"campfire_choices":[],"neow_cost":"NONE","seed_source_timestamp":1578287045054545,"circlet_count":0,"master_deck":["AscendersBane","Defend_G","Defend_G","Defend_G","Defend_G","Defend_G","Strike_G","Strike_G","Strike_G","Strike_G","Strike_G","Survivor","Neutralize","Deadly Poison","Catalyst"],"relics":["Ring of the Snake","NeowsBlessing","Tingsha","Bottled Flame"],"potions_floor_usage":[],"damage_taken":[{"damage":0,"enemies":"Jaw Worm","floor":1,"turns":1},{"damage":0,"enemies":"Small Slimes","floor":4,"turns":1},{"damage":0,"enemies":"3 Sentries","floor":6,"turns":2},{"damage":2,"enemies":"2 Louse","floor":7,"turns":3},{"damage":1,"enemies":"Looter","floor":8,"turns":4},{"damage":5,"enemies":"Gremlin Gang","floor":10,"turns":2}],"seed_played":"-3808657877597335584","potions_obtained":[{"floor":4,"key":"SteroidPotion"},{"floor":8,"key":"Block Potion"}],"is_trial":false,"path_per_floor":["M","?","?","M","?","E","M","M","T","M"],"character_chosen":"THE_SILENT","items_purchased":[],"campfire_rested":0,"item_purchase_floors":[],"current_hp_per_floor":[59,64,64,64,64,64,62,61,61,56],"gold":349,"neow_bonus":"THREE_ENEMY_KILL","is_prod":false,"is_daily":false,"chose_seed":false,"campfire_upgraded":0,"win_rate":0,"timestamp":1542532527,"path_taken":["M","?","?","M","?","E","M","M","T","M"],"build_version":"2018-11-15","purchased_purges":0,"victory":false,"max_hp_per_floor":[66,71,71,71,71,71,71,71,71,71],"card_choices":[{"not_picked":["Eviscerate","Poisoned Stab"],"picked":"Deadly Poison","floor":1},{"not_picked":["Dodge and Roll","Prepared","Eviscerate"],"picked":"SKIP","floor":4},{"not_picked":["PiercingWail","Flechettes","Underhanded Strike"],"picked":"SKIP","floor":6},{"not_picked":["Blade Dance","Poisoned Stab","Outmaneuver"],"picked":"SKIP","floor":7},{"not_picked":["Deflect","Slice"],"picked":"Catalyst","floor":8}],"player_experience":536733,"relics_obtained":[{"floor":6,"key":"Tingsha"},{"floor":9,"key":"Bottled Flame"}],"event_choices":[{"damage_healed":0,"gold_gain":0,"player_choice":"Donut","damage_taken":0,"max_hp_gain":5,"max_hp_loss":0,"event_name":"Big Fish","floor":2,"gold_loss":0},{"damage_healed":0,"gold_gain":150,"player_choice":"AGREE","damage_taken":0,"max_hp_gain":0,"max_hp_loss":0,"event_name":"Liars Game","floor":3,"gold_loss":0,"cards_obtained":["Doubt"]},{"cards_removed":["Doubt"],"damage_healed":0,"gold_gain":0,"player_choice":"Card Removal","damage_taken":0,"max_hp_gain":0,"max_hp_loss":0,"event_name":"The Cleric","floor":5,"gold_loss":75}],"is_beta":true,"boss_relics":[],"items_purged_floors":[],"is_endless":false,"potions_floor_spawned":[4,8],"killed_by":"Gremlin Gang","ascension_level":20}