{"gold_per_floor":[114,130,130,55,74,74,91,109,133,133,113,113,133,150,150,150],"floor_reached":16,"playtime":178,"items_purged":["Strike_G"],"score":169,"play_id":"c8198874-fdd0-40ca-a5a5-662b1ac09856","local_time":"20190201043750","is_ascension_mode":true,"campfire_choices":[{"data":"Deadly Poison","floor":6,"key":"SMITH"},{"data":"Dash","floor":10,"key":"SMITH"},{"data":"Defend_G","floor":12,"key":"SMITH"},{"data":"Survivor","floor":15,"key":"SMITH"}],"neow_cost":"NONE","seed_source_timestamp":10306981274315,"circlet_count":0,"master_deck":["AscendersBane","Defend_G","Defend_G","Defend_G+1","Defend_G","Defend_G","Strike_G","Strike_G","Strike_G","Strike_G+1","Survivor+1","Neutralize+1","Dash+1","Deadly Poison+1"],"relics":["Ring of the Snake","NeowsBlessing","Omamori"],"potions_floor_usage":[],"damage_taken":[{"damage":0,"enemies":"Jaw Worm","floor":1,"turns":1},{"damage":0,"enemies":"Small Slimes","floor":2,"turns":1},{"damage":0,"enemies":"Cultist","floor":5,"turns":1},{"damage":22,"enemies":"Gremlin Gang","floor":7,"turns":6},{"damage":0,"enemies":"Blue Slaver","floor":8,"turns":3},{"damage":6,"enemies":"Red Slaver","floor":13,"turns":4},{"damage":0,"enemies":"Looter","floor":14,"turns":3},{"damage":0,"enemies":"Slime Boss","floor":16,"turns":1}],"seed_played":"-1373478026487424799","potions_obtained":[{"floor":1,"key":"Energy Potion"},{"floor":11,"key":"Regen Potion"}],"is_trial":false,"path_per_floor":["M","M","?","$","M","R","M","M","T","R","?","R","M","M","R","B"],"character_chosen":"THE_SILENT","items_purchased":[],"campfire_rested":0,"item_purchase_floors":[],"current_hp_per_floor":[59,59,39,39,39,39,17,17,17,17,17,17,11,11,11,11],"gold":150,"neow_bonus":"THREE_ENEMY_KILL","is_prod":false,"is_daily":false,"chose_seed":false,"campfire_upgraded":4,"win_rate":0,"timestamp":1548967070,"path_taken":["M","M","?","$","M","R","M","M","T","R","?","R","?","?","R","BOSS"],"build_version":"2019-01-23","purchased_purges":1,"victory":false,"max_hp_per_floor":[66,66,66,66,66,66,66,66,66,66,66,66,66,66,66,66],"card_choices":[{"not_picked":["Heel Hook","Backflip"],"picked":"Dash","floor":1},{"not_picked":["Predator","Dagger Throw"],"picked":"Deadly Poison","floor":2},{"not_picked":["PiercingWail","Deflect","Accuracy"],"picked":"SKIP","floor":5},{"not_picked":["Underhanded Strike","Dagger Spray","Predator"],"picked":"SKIP","floor":7},{"not_picked":["Dodge and Roll","Escape Plan","Cloak And Dagger"],"picked":"SKIP","floor":8},{"not_picked":["Escape Plan","Heel Hook","Dash"],"picked":"SKIP","floor":13},{"not_picked":["Cloak And Dagger","Underhanded Strike","Wraith Form v2"],"picked":"SKIP","floor":14}],"player_experience":2439934,"relics_obtained":[{"floor":9,"key":"Omamori"}],"event_choices":[{"damage_healed":0,"gold_gain":0,"player_choice":"Entered Light","damage_taken":20,"max_hp_gain":0,"max_hp_loss":0,"event_name":"Shining Light","floor":3,"gold_loss":0,"cards_upgraded":["Strike_G","Neutralize"]},{"damage_healed":0,"gold_gain":0,"player_choice":"Bought 1 Potion","damage_taken":0,"max_hp_gain":0,"max_hp_loss":0,"event_name":"The Woman in Blue","floor":11,"gold_loss":0}],"is_beta":false,"boss_relics":[],"items_purged_floors":[4],"is_endless":false,"potions_floor_spawned":[1,13,14],"killed_by":"Slime Boss","ascension_level":16}