{"gold_per_floor":[119,119,119,61,75,75,75,75,75,75,100,13,29,29,29,128,128,141,141,41,41,41,41,56,56,56,56,80,80,98,113,113,113],"floor_reached":33,"playtime":730,"items_purged":["Writhe"],"score":566,"play_id":"70e77d97-3d28-49f1-815d-03bfa9d14308","local_time":"20181115212547","is_ascension_mode":true,"campfire_choices":[{"data":"Deadly Poison","floor":6,"key":"SMITH"},{"data":"Deadly Poison","floor":8,"key":"SMITH"},{"data":"Leg Sweep","floor":15,"key":"SMITH"},{"data":"A Thousand Cuts","floor":23,"key":"SMITH"},{"data":"Neutralize","floor":25,"key":"SMITH"},{"floor":27,"key":"RECALL"},{"data":"Prepared","floor":32,"key":"SMITH"}],"neow_cost":"PERCENT_DAMAGE","seed_source_timestamp":12259828343881,"circlet_count":0,"master_deck":["AscendersBane","Defend_G","Defend_G","Defend_G","Defend_G","Defend_G","Strike_G","Strike_G","Survivor","Neutralize+1","A Thousand Cuts+1","Deflect","Dagger Spray","Deadly Poison+1","Deadly Poison+1","Parasite","Leg Sweep+1","Blur","Corpse Explosion+1","Backflip","Shame","PiercingWail","Clumsy","Prepared+1"],"relics":["Ring of the Snake","Golden Idol","Darkstone Periapt","Cursed Key","Paper Crane","Centennial Puzzle"],"potions_floor_usage":[30,33],"damage_taken":[{"damage":9,"enemies":"Jaw Worm","floor":1,"turns":6},{"damage":0,"enemies":"2 Louse","floor":5,"turns":2},{"damage":4,"enemies":"Small Slimes","floor":11,"turns":3},{"damage":2,"enemies":"Blue Slaver","floor":13,"turns":4},{"damage":0,"enemies":"The Guardian","floor":16,"turns":11},{"damage":1,"enemies":"3 Byrds","floor":18,"turns":2},{"damage":8,"enemies":"Spheric Guardian","floor":24,"turns":4},{"damage":12,"enemies":"Snake Plant","floor":28,"turns":5},{"damage":15,"enemies":"Colosseum Slavers","floor":29,"turns":3},{"damage":1,"enemies":"Shelled Parasite and Fungi","floor":30,"turns":4},{"damage":14,"enemies":"3 Cultists","floor":31,"turns":3},{"damage":19,"enemies":"Collector","floor":33,"turns":8}],"seed_played":"-491487937378585275","potions_obtained":[{"floor":11,"key":"AttackPotion"},{"floor":13,"key":"AttackPotion"},{"floor":24,"key":"PowerPotion"}],"is_trial":false,"path_per_floor":["M","?","?","$","M","R","?","R","T","?","M","$","M","?","R","B",null,"M","?","$","?","?","R","M","R","T","R","M","?","M","M","R","B"],"character_chosen":"THE_SILENT","items_purchased":["Deadly Poison","Blur","Backflip"],"campfire_rested":0,"item_purchase_floors":[4,12,20],"current_hp_per_floor":[35,28,28,28,28,28,28,28,28,49,45,45,43,43,43,43,60,59,65,65,71,71,71,63,63,69,69,57,42,41,27,27,8],"gold":113,"neow_bonus":"THREE_RARE_CARDS","is_prod":false,"is_daily":false,"chose_seed":false,"campfire_upgraded":6,"win_rate":0,"timestamp":1542288347,"path_taken":["M","?","?","$","M","R","?","R","T","?","M","$","?","?","R","BOSS","M","?","$","?","?","R","?","R","T","R","M","?","M","M","R","BOSS"],"build_version":"2018-11-14","purchased_purges":1,"victory":false,"max_hp_per_floor":[66,66,66,66,66,66,60,60,60,66,66,66,66,66,66,66,66,66,72,72,78,78,78,78,78,84,84,84,84,84,84,84,84],"card_choices":[{"not_picked":["Doppelganger","Venomology"],"picked":"A Thousand Cuts","floor":0},{"not_picked":["Deflect","Sucker Punch","Dodge and Roll"],"picked":"SKIP","floor":1},{"not_picked":["Sucker Punch","Dodge and Roll"],"picked":"Deflect","floor":1},{"not_picked":["Quick Slash","Distraction"],"picked":"Deadly Poison","floor":5},{"not_picked":["Finisher","Dagger Throw"],"picked":"Leg Sweep","floor":11},{"not_picked":["Blade Dance","Flying Knee","Tactician"],"picked":"SKIP","floor":13},{"not_picked":["Adrenaline","Tools of the Trade"],"picked":"Corpse Explosion","floor":16},{"not_picked":["Outmaneuver","Deadly Poison","Sucker Punch"],"picked":"SKIP","floor":18},{"not_picked":["Leg Sweep","Masterful Stab"],"picked":"PiercingWail","floor":24},{"not_picked":["Outmaneuver","Cloak And Dagger","Blade Dance"],"picked":"SKIP","floor":28},{"not_picked":["Quick Slash","Outmaneuver","PiercingWail"],"picked":"SKIP","floor":30},{"not_picked":["Dagger Throw+1","Dodge and Roll"],"picked":"Prepared","floor":31}],"player_experience":1067896,"relics_obtained":[{"floor":9,"key":"Darkstone Periapt"}],"event_choices":[{"cards_removed":["Strike_G"],"damage_healed":0,"gold_gain":0,"player_choice":"Card Removal","damage_taken":7,"max_hp_gain":0,"max_hp_loss":0,"event_name":"Golden Wing","floor":2,"gold_loss":0},{"damage_healed":0,"gold_gain":0,"cards_transformed":["Strike_G"],"player_choice":"Change","damage_taken":0,"max_hp_gain":0,"max_hp_loss":0,"event_name":"Living Wall","floor":3,"gold_loss":0,"cards_obtained":["Dagger Spray"]},{"damage_healed":0,"gold_gain":0,"player_choice":"Lose Max HP","damage_taken":0,"relics_obtained":["Golden Idol"],"max_hp_gain":0,"max_hp_loss":6,"event_name":"Golden Idol","floor":7,"gold_loss":0},{"damage_healed":15,"gold_gain":0,"player_choice":"Healed and dodged fight","damage_taken":0,"max_hp_gain":0,"max_hp_loss":0,"event_name":"Mushrooms","floor":10,"gold_loss":0,"cards_obtained":["Parasite"]},{"cards_removed":["Strike_G"],"damage_healed":0,"gold_gain":0,"player_choice":"Purged","damage_taken":0,"max_hp_gain":0,"max_hp_loss":0,"event_name":"Purifier","floor":14,"gold_loss":0},{"damage_healed":0,"gold_gain":0,"player_choice":"Opened","damage_taken":0,"relics_obtained":["Paper Crane"],"max_hp_gain":0,"max_hp_loss":0,"event_name":"The Mausoleum","floor":19,"gold_loss":0,"cards_obtained":["Writhe"]},{"damage_healed":0,"gold_gain":0,"player_choice":"Stole Relic","damage_taken":0,"relics_obtained":["Centennial Puzzle"],"max_hp_gain":0,"max_hp_loss":0,"event_name":"Addict","floor":21,"gold_loss":0,"cards_obtained":["Shame"]},{"damage_healed":0,"gold_gain":0,"player_choice":"Upgraded","damage_taken":0,"max_hp_gain":0,"max_hp_loss":0,"event_name":"Upgrade Shrine","floor":22,"gold_loss":0,"cards_upgraded":["Corpse Explosion"]},{"damage_healed":0,"gold_gain":0,"player_choice":"Fight","damage_taken":0,"max_hp_gain":0,"max_hp_loss":0,"event_name":"Colosseum","floor":29,"gold_loss":0},{"damage_healed":0,"gold_gain":0,"player_choice":"Fled From Nobs","damage_taken":0,"max_hp_gain":0,"max_hp_loss":0,"event_name":"Colosseum","floor":29,"gold_loss":0}],"is_beta":true,"boss_relics":[{"not_picked":["Black Star","Philosopher\u0027s Stone"],"picked":"Cursed Key"}],"items_purged_floors":[20],"is_endless":false,"potions_floor_spawned":[11,13,18,24,29],"killed_by":"Collector","ascension_level":20}