{"path_per_floor":["M","M","?","M","$","R","?","M","T","R","E","M","$","M","R","B",null,"M","?","M","?","?"],"character_chosen":"THE_SILENT","items_purchased":[],"gold_per_floor":[119,135,135,153,78,78,78,92,118,118,159,183,83,102,102,223,223,242,242,260,260,260],"floor_reached":23,"campfire_rested":0,"playtime":1049,"current_hp_per_floor":[61,61,44,44,44,44,67,66,66,66,64,63,63,62,62,53,70,59,59,40,40,40],"items_purged":["Strike_G","Defend_G"],"gold":260,"score":191,"play_id":"680dceb8-3a4f-4206-9808-cabb9f0a599a","is_prod":false,"is_daily":false,"is_ascension_mode":false,"campfire_upgraded":3,"path_taken":["M","M","?","M","$","R","?","M","T","R","E","M","$","M","R","BOSS","M","?","M","?","?","E"],"build_version":"2018-02-15-PROD1","purchased_purges":2,"victory":false,"master_deck":["Defend_G","Defend_G","Defend_G","Strike_G","Strike_G","Strike_G","Survivor","Neutralize+1","Dash+1","Riddle With Holes","Acrobatics","Calculated Gamble+1","Predator","Writhe"],"max_hp_per_floor":[70,70,70,70,70,70,70,70,70,70,70,70,70,70,70,70,70,70,70,70,70,70],"relics":["Ring of the Snake","Golden Idol","Vajra","Orichalcum","Snecko Eye","Blood Vial"],"card_choices":[{"not_picked":["Eviscerate","Well Laid Plans"],"picked":"Dash"},{"not_picked":["Poisoned Stab","Blur"],"picked":"Riddle With Holes"},{"not_picked":["Blade Dance","Underhanded Strike"],"picked":"Acrobatics"},{"not_picked":["Outmaneuver","Prepared"],"picked":"Calculated Gamble"},{"not_picked":["Noxious Fumes","Sucker Punch"],"picked":"Predator"}],"player_experience":119168,"potions_floor_usage":[16,16],"damage_taken":[{"damage":9,"enemies":"Jaw Worm","floor":1,"turns":6},{"damage":0,"enemies":"2 Louse","floor":2,"turns":2},{"damage":0,"enemies":"Cultist","floor":4,"turns":3},{"damage":1,"enemies":"Large Slime","floor":8,"turns":8},{"damage":2,"enemies":"Lagavulin","floor":11,"turns":7},{"damage":1,"enemies":"3 Louse","floor":12,"turns":3},{"damage":1,"enemies":"Blue Slaver","floor":14,"turns":3},{"damage":9,"enemies":"The Guardian","floor":16,"turns":13},{"damage":11,"enemies":"Spheric Guardian","floor":18,"turns":4},{"damage":19,"enemies":"Chosen","floor":20,"turns":6},{"damage":46,"enemies":"Book of Stabbing","floor":23,"turns":8}],"event_choices":[{"event_name":"Golden Idol","player_choice":"Take Damage","floor":3,"damage_taken":0},{"event_name":"Big Fish","player_choice":"Banana","floor":7,"damage_taken":0},{"event_name":"Vampires","player_choice":"Ignored","floor":19,"damage_taken":0},{"event_name":"Back to Basics","player_choice":"Elegance","floor":21,"damage_taken":0},{"event_name":"The Mausoleum","player_choice":"Yes","floor":22,"damage_taken":0}],"boss_relics":[{"not_picked":["Eternal Feather","Velvet Choker"],"picked":"Snecko Eye"}],"potions_floor_spawned":[1,2,11,14],"seed_played":"9084477737119402721","killed_by":"Book of Stabbing","ascension_level":0,"is_trial":false}