{"gold_per_floor":[119,31,47,122,142,142,170,170,170,170,220,233,244,169,169,169],"floor_reached":16,"playtime":475,"items_purged":["Strike_G"],"score":200,"play_id":"023c002d-a76a-4b9b-a507-3b930567969b","local_time":"20190125161222","is_ascension_mode":true,"campfire_choices":[{"data":"Flechettes","floor":6,"key":"SMITH"},{"data":"Well Laid Plans","floor":8,"key":"SMITH"},{"data":"Neutralize","floor":10,"key":"SMITH"},{"data":"Calculated Gamble","floor":15,"key":"SMITH"}],"neow_cost":"NONE","seed_source_timestamp":22382918693078,"circlet_count":0,"master_deck":["AscendersBane","Defend_G","Defend_G","Defend_G","Defend_G","Defend_G","Strike_G","Strike_G","Strike_G","Strike_G","Survivor","Neutralize+1","Trip","Flying Knee","Flechettes+1","Well Laid Plans+1","Calculated Gamble+1"],"special_seed":0,"relics":["Ring of the Snake","Sundial","Orichalcum"],"potions_floor_usage":[7],"damage_taken":[{"damage":0.0,"enemies":"Cultist","floor":1.0,"turns":3.0},{"damage":4.0,"enemies":"Small Slimes","floor":3.0,"turns":3.0},{"damage":0,"enemies":"Jaw Worm","floor":5,"turns":3},{"damage":29,"enemies":"Gremlin Nob","floor":7,"turns":4},{"damage":0,"enemies":"3 Louse","floor":12,"turns":3},{"damage":0,"enemies":"Red Slaver","floor":13,"turns":3},{"damage":7,"enemies":"Slime Boss","floor":16,"turns":6}],"seed_played":"-1489349036439959153","potions_obtained":[{"floor":5,"key":"Weak Potion"}],"is_trial":false,"path_per_floor":["M","$","M","?","M","R","E","R","T","R","?","M","M","$","R","B"],"character_chosen":"THE_SILENT","items_purchased":["Flechettes"],"campfire_rested":0,"item_purchase_floors":[2],"current_hp_per_floor":[59,59,55,44,44,44,15,15,15,15,9,9,9,9,9,2],"gold":169,"neow_bonus":"RANDOM_COLORLESS","is_prod":false,"is_daily":false,"chose_seed":false,"campfire_upgraded":4,"win_rate":0,"timestamp":1548403942,"path_taken":["M","$","M","?","M","R","E","R","T","R","?","M","?","$","R","BOSS"],"build_version":"2019-01-23","purchased_purges":1,"victory":false,"max_hp_per_floor":[66,66,66,66,66,66,66,66,66,66,66,66,66,66,66,66],"card_choices":[{"not_picked":["Quick Slash","Backflip"],"picked":"Flying Knee","floor":1.0},{"not_picked":["Expertise","Flying Knee"],"picked":"Well Laid Plans","floor":3},{"not_picked":["Underhanded Strike","Well Laid Plans","Dodge and Roll"],"picked":"SKIP","floor":5},{"not_picked":["Setup","Escape Plan","Dodge and Roll"],"picked":"SKIP","floor":7},{"not_picked":["Setup","Escape Plan","Dodge and Roll"],"picked":"SKIP","floor":7},{"not_picked":["Leg Sweep","Poisoned Stab"],"picked":"Calculated Gamble","floor":12},{"not_picked":["Dagger Throw","Quick Slash","Finisher"],"picked":"SKIP","floor":13}],"player_experience":1343652,"relics_obtained":[{"floor":7,"key":"Sundial"},{"floor":9,"key":"Orichalcum"}],"event_choices":[{"damage_healed":0,"gold_gain":75,"player_choice":"Gather Gold","damage_taken":11,"max_hp_gain":0,"max_hp_loss":0,"event_name":"World of Goop","floor":4,"gold_loss":0},{"damage_healed":0,"gold_gain":50,"player_choice":"Touch","damage_taken":6,"max_hp_gain":0,"max_hp_loss":0,"event_name":"FaceTrader","floor":11,"gold_loss":0}],"is_beta":true,"boss_relics":[],"items_purged_floors":[14],"is_endless":false,"potions_floor_spawned":[5],"killed_by":"Slime Boss","ascension_level":20}