{"gold_per_floor":[111,128,143,157,29,29,59,59,59,69,69,81,106,123,123,200,200,218,229,229,241,141,175,175,192,192,192,209,41,56,73,73,144,194,205,218,218,268,118,118,197,197,197,225,225,120,120,120,120,120,120],"floor_reached":51,"playtime":2548,"items_purged":["Strike_G","Strike_G","Strike_G","Defend_G"],"score":1568,"play_id":"ec5ab102-3168-4d10-a85d-2c5fae58ed8a","local_time":"20190109001539","is_ascension_mode":true,"campfire_choices":[{"data":"Deadly Poison","floor":6.0,"key":"SMITH"},{"data":"Deadly Poison","floor":11.0,"key":"SMITH"},{"data":"Catalyst","floor":15.0,"key":"SMITH"},{"floor":24.0,"key":"RECALL"},{"floor":32.0,"key":"REST"},{"floor":40,"key":"REST"},{"floor":42,"key":"REST"},{"floor":47,"key":"REST"},{"floor":49,"key":"REST"}],"neow_cost":"NONE","seed_source_timestamp":42895050185008,"circlet_count":0,"master_deck":["AscendersBane","Defend_G+1","Defend_G","Defend_G","Survivor","Neutralize","Well Laid Plans","Footwork","Leg Sweep","Well Laid Plans","Deadly Poison+1","Deadly Poison+1","Catalyst+1","Adrenaline","Blur","Catalyst","Well Laid Plans+1","Expertise","Burst","Backflip","Backflip","Finesse","Sadistic Nature+1","HandOfGreed","Footwork+1","Catalyst","Backflip"],"special_seed":0,"relics":["Ring of the Snake","NeowsBlessing","Frozen Egg 2","FossilizedHelix","WingedGreaves","Fusion Hammer","Happy Flower","Tiny House","Question Card","Unceasing Top"],"potions_floor_usage":[44],"damage_taken":[{"damage":0.0,"enemies":"Small Slimes","floor":1.0,"turns":1.0},{"damage":0.0,"enemies":"Cultist","floor":2.0,"turns":1.0},{"damage":0.0,"enemies":"Jaw Worm","floor":3.0,"turns":1.0},{"damage":0.0,"enemies":"3 Louse","floor":4.0,"turns":5.0},{"damage":22.0,"enemies":"3 Sentries","floor":7.0,"turns":15.0},{"damage":0.0,"enemies":"Exordium Thugs","floor":10.0,"turns":8.0},{"damage":0.0,"enemies":"Blue Slaver","floor":12.0,"turns":4.0},{"damage":14.0,"enemies":"Gremlin Nob","floor":13.0,"turns":5.0},{"damage":5.0,"enemies":"Lots of Slimes","floor":14.0,"turns":7.0},{"damage":0.0,"enemies":"The Guardian","floor":16.0,"turns":8.0},{"damage":0.0,"enemies":"Shell Parasite","floor":18.0,"turns":4.0},{"damage":0.0,"enemies":"Spheric Guardian","floor":19.0,"turns":5.0},{"damage":0.0,"enemies":"Colosseum Slavers","floor":20.0,"turns":7.0},{"damage":0.0,"enemies":"Chosen and Byrds","floor":21.0,"turns":6.0},{"damage":5.0,"enemies":"Book of Stabbing","floor":23.0,"turns":6.0},{"damage":0.0,"enemies":"Centurion and Healer","floor":25.0,"turns":6.0},{"damage":0.0,"enemies":"Snake Plant","floor":28.0,"turns":3.0},{"damage":0.0,"enemies":"Chosen and Byrds","floor":30.0,"turns":7.0},{"damage":25.0,"enemies":"Shelled Parasite and Fungi","floor":31.0,"turns":6.0},{"damage":35.0,"enemies":"Automaton","floor":33.0,"turns":7.0},{"damage":0,"enemies":"3 Darklings","floor":35,"turns":10},{"damage":0,"enemies":"Orb Walker","floor":36,"turns":2},{"damage":9,"enemies":"4 Shapes","floor":41,"turns":11},{"damage":50,"enemies":"Reptomancer","floor":44,"turns":3},{"damage":0,"enemies":"Donu and Deca","floor":50,"turns":17},{"damage":0,"enemies":"Awakened One","floor":51,"turns":2}],"seed_played":"-8392154770532693372","potions_obtained":[{"floor":1.0,"key":"SkillPotion"},{"floor":3.0,"key":"Poison Potion"},{"floor":12.0,"key":"PowerPotion"},{"floor":16.0,"key":"SpeedPotion"},{"floor":19.0,"key":"Weak Potion"},{"floor":25.0,"key":"Block Potion"}],"is_trial":false,"path_per_floor":["M","M","M","M","$","R","E","?","T","M","R","M","E","M","R","B",null,"M","M","?","M","$","E","R","M","T","?","M","$","M","M","R","B",null,"M","M","?","?","$","R","M","R","T","E","?","$","R","$","R","B","B"],"character_chosen":"THE_SILENT","items_purchased":["Deadly Poison","Well Laid Plans+1","Catalyst","Backflip"],"campfire_rested":5,"item_purchase_floors":[5,29,46,46],"current_hp_per_floor":[59,59,59,59,59,59,37,37,37,37,37,37,23,18,18,18,54,54,54,54,54,54,49,49,49,49,49,49,49,49,24,43,8,57,57,57,47,47,47,68,59,71,71,21,21,21,42,42,63,63,63],"gold":120,"neow_bonus":"THREE_ENEMY_KILL","is_prod":false,"is_daily":false,"chose_seed":false,"campfire_upgraded":3,"win_rate":0,"timestamp":1546964139,"path_taken":["M","M","M","M","$","R","E","?","T","?","R","M","E","M","R","BOSS","M","M","?","M","$","E","R","M","T","?","M","$","M","M","R","BOSS","M","M","?","?","$","R","?","R","T","E","?","$","R","?","R","BOSS","BOSS"],"build_version":"2019-01-03v4","purchased_purges":4,"victory":false,"max_hp_per_floor":[66,66,66,66,66,66,66,66,66,66,66,66,66,66,66,66,66,66,66,66,66,66,66,66,66,66,66,66,66,66,66,66,66,71,71,71,71,71,71,71,71,71,71,71,71,71,71,71,71,71,71],"card_choices":[{"not_picked":["Blur","Finisher"],"picked":"Well Laid Plans","floor":1.0},{"not_picked":["Outmaneuver","All Out Attack"],"picked":"Footwork","floor":2.0},{"not_picked":["Outmaneuver","Blade Dance"],"picked":"Leg Sweep","floor":3.0},{"not_picked":["Outmaneuver","Slice"],"picked":"Well Laid Plans","floor":4.0},{"not_picked":["Slice","Deflect"],"picked":"Deadly Poison","floor":7.0},{"not_picked":["Eviscerate","Underhanded Strike","Dagger Spray"],"picked":"SKIP","floor":10.0},{"not_picked":["Dagger Spray","Outmaneuver","Crippling Poison"],"picked":"SKIP","floor":12.0},{"not_picked":["Accuracy+1","Slice","Deflect"],"picked":"SKIP","floor":13.0},{"not_picked":["Infinite Blades+1","Well Laid Plans+1"],"picked":"Catalyst","floor":14.0},{"not_picked":["Night Terror","Venomology"],"picked":"Adrenaline","floor":16.0},{"not_picked":["Quick Slash","Underhanded Strike","Dodge and Roll"],"picked":"SKIP","floor":18.0},{"not_picked":["Slice","Quick Slash"],"picked":"Blur","floor":19.0},{"not_picked":["Deadly Poison","Cloak And Dagger","Prepared"],"picked":"SKIP","floor":21.0},{"not_picked":["Acrobatics","Envenom+1"],"picked":"Catalyst","floor":23.0},{"not_picked":["Backstab","Dagger Throw","Bane"],"picked":"SKIP","floor":25.0},{"not_picked":["Bane","Distraction","Concentrate"],"picked":"SKIP","floor":28.0},{"not_picked":["Deflect","Dagger Throw","Concentrate"],"picked":"SKIP","floor":30.0},{"not_picked":["Terror","Riddle With Holes+1"],"picked":"Expertise","floor":31.0},{"not_picked":["Night Terror","Malaise"],"picked":"Burst","floor":33.0},{"not_picked":["Dagger Throw","Acrobatics"],"picked":"Backflip","floor":34},{"not_picked":["Heel Hook+1","Riddle With Holes"],"picked":"Backflip","floor":35},{"not_picked":["Bouncing Flask","Blade Dance+1","Crippling Poison"],"picked":"SKIP","floor":36},{"not_picked":["Dramatic Entrance","Secret Weapon"],"picked":"Finesse","floor":37},{"not_picked":["Jack Of All Trades","HandOfGreed"],"picked":"Sadistic Nature+1","floor":37},{"not_picked":["Panache+1","Forethought"],"picked":"HandOfGreed","floor":37},{"not_picked":["Heel Hook+1","Concentrate"],"picked":"Footwork+1","floor":41},{"not_picked":["All Out Attack","Glass Knife","Acrobatics","PiercingWail"],"picked":"SKIP","floor":44}],"player_experience":1870269,"relics_obtained":[{"floor":7.0,"key":"Frozen Egg 2"},{"floor":9.0,"key":"FossilizedHelix"},{"floor":13.0,"key":"WingedGreaves"},{"floor":23.0,"key":"Happy Flower"},{"floor":43,"key":"Question Card"},{"floor":44,"key":"Unceasing Top"}],"event_choices":[{"cards_removed":["Strike_G"],"damage_healed":0.0,"max_hp_gain":0.0,"max_hp_loss":0.0,"gold_gain":0.0,"event_name":"Purifier","player_choice":"Purged","floor":8.0,"gold_loss":0.0,"damage_taken":0.0},{"damage_healed":0.0,"max_hp_gain":0.0,"max_hp_loss":0.0,"gold_gain":0.0,"event_name":"Colosseum","player_choice":"Fight","floor":20.0,"gold_loss":0.0,"damage_taken":0.0},{"damage_healed":0.0,"max_hp_gain":0.0,"max_hp_loss":0.0,"gold_gain":0.0,"event_name":"Colosseum","player_choice":"Fled From Nobs","floor":20.0,"gold_loss":0.0,"damage_taken":0.0},{"cards_removed":["Strike_G"],"damage_healed":0.0,"max_hp_gain":0.0,"max_hp_loss":0.0,"gold_gain":0.0,"event_name":"Bonfire Elementals","player_choice":"Offered Basic","floor":27.0,"gold_loss":0.0,"damage_taken":0.0},{"damage_healed":0,"gold_gain":0,"player_choice":"Memory 3","damage_taken":10,"max_hp_gain":0,"max_hp_loss":0,"event_name":"SensoryStone","floor":37,"gold_loss":0},{"damage_healed":0,"gold_gain":50,"player_choice":"Pray","damage_taken":0,"max_hp_gain":0,"max_hp_loss":0,"event_name":"Golden Shrine","floor":38,"gold_loss":0},{"cards_removed":["Defend_G"],"damage_healed":0,"gold_gain":0,"player_choice":"Purged","damage_taken":0,"max_hp_gain":0,"max_hp_loss":0,"event_name":"Purifier","floor":45,"gold_loss":0}],"is_beta":false,"boss_relics":[{"not_picked":["White Beast Statue","Orrery"],"picked":"Fusion Hammer"},{"not_picked":["Pandora\u0027s Box","Philosopher\u0027s Stone"],"picked":"Tiny House"}],"items_purged_floors":[5,22,29,39],"is_endless":false,"potions_floor_spawned":[1,3,12,16,19,25,30,33,35,36,41],"killed_by":"Awakened One","ascension_level":20}