{"gold_per_floor":[113,113,113,14,38,38,82,82,82,96,115,155,168,181,181,274,274,289,289,339,339],"floor_reached":21,"playtime":845,"items_purged":[],"score":331,"play_id":"ccdcedd6-2e2d-4eeb-b42f-28311d860b20","local_time":"20190219002931","is_ascension_mode":true,"campfire_choices":[{"data":"Neutralize","floor":6,"key":"SMITH"},{"data":"Catalyst","floor":8,"key":"SMITH"},{"data":"Well Laid Plans","floor":15,"key":"SMITH"}],"neow_cost":"TEN_PERCENT_HP_LOSS","seed_source_timestamp":102423233501672,"circlet_count":0,"master_deck":["AscendersBane","Defend_G","Defend_G","Defend_G","Defend_G","Defend_G","Strike_G","Survivor","Neutralize+1","Well Laid Plans+1","Deadly Poison","Catalyst+1","Skewer+1","Adrenaline","Distraction+1","Tools of the Trade+1","PiercingWail+1"],"relics":["Ring of the Snake","Thread and Needle","Golden Idol","Blood Vial","Molten Egg 2","Sundial","Astrolabe","Nilry\u0027s Codex"],"potions_floor_usage":[7,11],"damage_taken":[{"damage":0,"enemies":"Cultist","floor":1,"turns":4},{"damage":0,"enemies":"Small Slimes","floor":5,"turns":5},{"damage":1,"enemies":"Lagavulin","floor":7,"turns":9},{"damage":0,"enemies":"Jaw Worm","floor":10,"turns":2},{"damage":0,"enemies":"Looter","floor":11,"turns":4},{"damage":17,"enemies":"3 Sentries","floor":12,"turns":14},{"damage":8,"enemies":"Large Slime","floor":13,"turns":11},{"damage":0,"enemies":"2 Fungi Beasts","floor":14,"turns":5},{"damage":13,"enemies":"The Guardian","floor":16,"turns":10},{"damage":0,"enemies":"Chosen","floor":18,"turns":5},{"damage":39,"enemies":"Masked Bandits","floor":21,"turns":4}],"seed_played":"2527313623569292214","potions_obtained":[{"floor":5,"key":"EntropicBrew"},{"floor":7,"key":"Poison Potion"},{"floor":11,"key":"FearPotion"}],"is_trial":false,"path_per_floor":["M","?","?","$","M","R","E","R","T","M","M","E","M","M","R","B",null,"M","?","?","?"],"character_chosen":"THE_SILENT","items_purchased":["Well Laid Plans","Deadly Poison"],"campfire_rested":0,"item_purchase_floors":[4,4],"current_hp_per_floor":[59,38,38,38,38,38,37,37,37,39,41,26,20,22,22,11,48,50,29,29,0],"gold":339,"neow_bonus":"ONE_RARE_RELIC","is_prod":false,"is_daily":false,"chose_seed":false,"campfire_upgraded":3,"win_rate":0,"timestamp":1550507371,"path_taken":["M","?","?","$","M","R","E","R","T","M","M","E","M","?","R","BOSS","M","?","?","?"],"build_version":"2019-01-23","purchased_purges":0,"victory":false,"max_hp_per_floor":[60,60,60,60,60,60,60,60,60,60,60,60,60,60,60,60,60,60,60,60,60],"card_choices":[{"not_picked":["Flying Knee","Acrobatics","Bane"],"picked":"SKIP","floor":1},{"not_picked":["Bouncing Flask","Distraction","Dagger Spray"],"picked":"SKIP","floor":5},{"not_picked":["Flying Knee","Acrobatics"],"picked":"Catalyst","floor":7},{"not_picked":["Unload+1","Predator+1","Accuracy"],"picked":"SKIP","floor":10},{"not_picked":["Dagger Spray+1","Bane+1","Quick Slash+1"],"picked":"SKIP","floor":11},{"not_picked":["Bane+1","Die Die Die+1","Leg Sweep"],"picked":"SKIP","floor":12},{"not_picked":["Distraction","Expertise"],"picked":"Skewer+1","floor":13},{"not_picked":["Dodge and Roll","Deflect","Blade Dance"],"picked":"SKIP","floor":14},{"not_picked":["After Image","Die Die Die+1"],"picked":"Adrenaline","floor":16},{"not_picked":["Deflect","Dagger Spray+1","Deadly Poison"],"picked":"SKIP","floor":18}],"player_experience":833178,"relics_obtained":[{"floor":7,"key":"Blood Vial"},{"floor":9,"key":"Molten Egg 2"},{"floor":12,"key":"Sundial"},{"floor":19,"key":"Nilry\u0027s Codex"}],"event_choices":[{"damage_healed":0,"gold_gain":0,"player_choice":"Take Damage","damage_taken":21,"relics_obtained":["Golden Idol"],"max_hp_gain":0,"max_hp_loss":0,"event_name":"Golden Idol","floor":2,"gold_loss":0},{"cards_removed":["Strike_G"],"damage_healed":0,"gold_gain":0,"player_choice":"Offered Basic","damage_taken":0,"max_hp_gain":0,"max_hp_loss":0,"event_name":"Bonfire Elementals","floor":3,"gold_loss":0},{"damage_healed":0,"gold_gain":0,"player_choice":"Obtained Book","damage_taken":21,"max_hp_gain":0,"max_hp_loss":0,"event_name":"Cursed Tome","floor":19,"gold_loss":0},{"damage_healed":0,"gold_gain":50,"player_choice":"Stole From Cult","damage_taken":0,"max_hp_gain":0,"max_hp_loss":0,"event_name":"Nest","floor":20,"gold_loss":0},{"damage_healed":0,"gold_gain":0,"player_choice":"Fought Bandits","damage_taken":0,"max_hp_gain":0,"max_hp_loss":0,"event_name":"Masked Bandits","floor":21,"gold_loss":0}],"is_beta":false,"boss_relics":[{"not_picked":["Black Star","HoveringKite"],"picked":"Astrolabe"}],"items_purged_floors":[],"is_endless":false,"potions_floor_spawned":[5,7,11,12,18],"killed_by":"Masked Bandits","ascension_level":15}