{"gold_per_floor":[359,234,234,254,270,270,270,270,324,324,342,342,342,342,342,444,444,426,446,446,466,484,484,515,515,515,526,526,17,116,135,135,232,232,242,253,9,9,24,24,58,77,100,126,126,143,169,185,185,185],"floor_reached":51,"playtime":1828,"items_purged":["Strike_G","Strike_G"],"score":867,"play_id":"1a20f439-dbb5-49ee-87a2-af3ad2ad94e0","local_time":"20181017145737","is_ascension_mode":false,"campfire_choices":[{"data":"Footwork","floor":6.0,"key":"SMITH"},{"data":"Deadly Poison","floor":8.0,"key":"SMITH"},{"data":"Deadly Poison","floor":10.0,"key":"SMITH"},{"data":"Wraith Form v2","floor":12.0,"key":"SMITH"},{"data":"Neutralize","floor":15.0,"key":"SMITH"},{"data":"Wraith Form v2","floor":23.0,"key":"SMITH"},{"data":"Noxious Fumes","floor":25.0,"key":"SMITH"},{"data":"Ghostly","floor":28.0,"key":"SMITH"},{"data":"Noxious Fumes","floor":32.0,"key":"SMITH"},{"data":"Night Terror","floor":40.0,"key":"SMITH"},{"data":"Wraith Form v2","floor":45,"key":"SMITH"},{"data":"Ghostly","floor":49,"key":"SMITH"}],"neow_cost":"TEN_PERCENT_HP_LOSS","seed_source_timestamp":15849888572101,"circlet_count":0,"master_deck":["Defend_G","Defend_G","Defend_G","Defend_G","Defend_G","Survivor","Neutralize+1","Predator","Deadly Poison+1","Footwork+1","Deadly Poison+1","Wraith Form v2+1","Wraith Form v2+1","Ghostly+1","Ghostly+1","Ghostly","Ghostly","Ghostly","Deadly Poison+1","Noxious Fumes+1","Noxious Fumes+1","Night Terror+1","Footwork+1","Concentrate+1","Wraith Form v2+1"],"special_seed":0,"relics":["Ring of the Snake","FaceOfCleric","Tiny Chest","Dodecahedron","Runic Pyramid","Ornamental Fan","Nunchaku","ClockworkSouvenir","FossilizedHelix","Runic Dome","Membership Card","Pantograph","Boot","Paper Crane","Orichalcum"],"potions_floor_usage":[50,50],"damage_taken":[{"damage":0.0,"enemies":"Small Slimes","floor":1.0,"turns":6.0},{"damage":0.0,"enemies":"Jaw Worm","floor":4.0,"turns":3.0},{"damage":0.0,"enemies":"2 Louse","floor":5.0,"turns":2.0},{"damage":0.0,"enemies":"2 Fungi Beasts","floor":11.0,"turns":4.0},{"damage":1.0,"enemies":"The Guardian","floor":16.0,"turns":9.0},{"damage":0.0,"enemies":"2 Thieves","floor":18.0,"turns":4.0},{"damage":0.0,"enemies":"Shell Parasite","floor":19.0,"turns":6.0},{"damage":0.0,"enemies":"Snecko","floor":21.0,"turns":7.0},{"damage":0.0,"enemies":"Centurion and Healer","floor":22.0,"turns":9.0},{"damage":10.0,"enemies":"Gremlin Leader","floor":24.0,"turns":7.0},{"damage":5.0,"enemies":"Cultist and Chosen","floor":27.0,"turns":6.0},{"damage":0.0,"enemies":"Shelled Parasite and Fungi","floor":31.0,"turns":6.0},{"damage":1.0,"enemies":"Automaton","floor":33.0,"turns":14.0},{"damage":0.0,"enemies":"Orb Walker","floor":35.0,"turns":5.0},{"damage":0.0,"enemies":"3 Darklings","floor":36.0,"turns":6.0},{"damage":0.0,"enemies":"Transient","floor":39.0,"turns":5.0},{"damage":0.0,"enemies":"Nemesis","floor":41.0,"turns":9.0},{"damage":0,"enemies":"Sphere and 2 Shapes","floor":42,"turns":6},{"damage":0,"enemies":"2 Orb Walkers","floor":44,"turns":9},{"damage":0,"enemies":"Reptomancer","floor":46,"turns":6},{"damage":0,"enemies":"3 Darklings","floor":48,"turns":7},{"damage":0,"enemies":"Time Eater","floor":50,"turns":12}],"seed_played":"-1702794037813015835","potions_obtained":[{"floor":1.0,"key":"Poison Potion"},{"floor":16.0,"key":"AttackPotion"},{"floor":18.0,"key":"Dexterity Potion"},{"floor":33.0,"key":"Regen Potion"},{"floor":44,"key":"PowerPotion"}],"is_trial":false,"path_per_floor":["M","$","?","M","M","R","?","R","T","R","M","R","?","T","R","B",null,"M","M","?","M","M","R","E","R","T","M","R","$","?","M","R","B",null,"M","M","$","?","M","R","E","M","T","E","R","M","T","M","R","B"],"character_chosen":"THE_SILENT","items_purchased":["Deadly Poison","ClockworkSouvenir","FossilizedHelix","Membership Card"],"campfire_rested":0,"item_purchase_floors":[2,29,29,37],"current_hp_per_floor":[63,63,56,56,56,56,56,56,56,56,57,57,57,57,57,57,65,66,67,33,34,35,35,26,26,26,22,22,22,22,23,23,23,39,40,41,41,41,42,42,43,44,44,45,45,46,46,47,47,48],"gold":185,"neow_bonus":"TWO_FIFTY_GOLD","is_prod":false,"is_daily":false,"chose_seed":false,"campfire_upgraded":12,"win_rate":0,"timestamp":1539759457,"path_taken":["M","$","?","M","M","R","?","R","T","R","?","R","?","?","R","BOSS","M","M","?","M","?","R","E","R","T","M","R","$","?","M","R","BOSS","M","M","$","?","M","R","E","M","T","E","R","?","?","M","R","BOSS"],"build_version":"2018-10-11","purchased_purges":2,"victory":true,"max_hp_per_floor":[63,63,63,63,63,63,63,63,63,63,64,64,64,64,64,65,65,66,67,33,34,35,35,36,36,36,37,37,37,37,38,38,39,39,40,41,41,41,42,42,43,44,44,45,45,46,46,47,47,48],"card_choices":[{"not_picked":["Quick Slash","Cloak And Dagger"],"picked":"Predator","floor":1.0},{"not_picked":["Leg Sweep","Poisoned Stab"],"picked":"Footwork","floor":4.0},{"not_picked":["Caltrops","Tactician"],"picked":"Deadly Poison","floor":5.0},{"not_picked":["Tactician","Poisoned Stab"],"picked":"Wraith Form v2","floor":11.0},{"not_picked":["Envenom","Phantasmal Killer"],"picked":"Wraith Form v2","floor":16.0},{"not_picked":["Flechettes","Underhanded Strike","Dash+1"],"picked":"SKIP","floor":18.0},{"not_picked":["Flying Knee+1","Endless Agony","Dagger Throw"],"picked":"SKIP","floor":19.0},{"not_picked":["Sucker Punch","Blade Dance","Acrobatics"],"picked":"SKIP","floor":21.0},{"not_picked":["Calculated Gamble","Deadly Poison+1","Crippling Poison"],"picked":"SKIP","floor":22.0},{"not_picked":["Calculated Gamble","Crippling Poison"],"picked":"Deadly Poison+1","floor":22.0},{"not_picked":["Skewer","Infinite Blades"],"picked":"Noxious Fumes","floor":24.0},{"not_picked":["Acrobatics","Bane","Cloak And Dagger+1"],"picked":"SKIP","floor":27.0},{"not_picked":["Concentrate","Masterful Stab"],"picked":"Noxious Fumes","floor":31.0},{"not_picked":["Envenom","Adrenaline"],"picked":"Night Terror","floor":33.0},{"not_picked":["Dagger Spray","Slice+1","Underhanded Strike+1"],"picked":"SKIP","floor":35.0},{"not_picked":["Blur","Dash+1","Riddle With Holes"],"picked":"SKIP","floor":36.0},{"not_picked":["Dagger Spray+1","Acrobatics+1"],"picked":"Footwork+1","floor":39.0},{"not_picked":["Calculated Gamble","Dash"],"picked":"Concentrate+1","floor":41.0},{"not_picked":["PiercingWail","Underhanded Strike+1","Dodge and Roll+1"],"picked":"SKIP","floor":42},{"not_picked":["Choke","Slice+1"],"picked":"Wraith Form v2","floor":44},{"not_picked":["Concentrate","Outmaneuver","Blur"],"picked":"SKIP","floor":46},{"not_picked":["Crippling Poison+1","Caltrops","Outmaneuver"],"picked":"SKIP","floor":48}],"player_experience":288065,"relics_obtained":[{"floor":9.0,"key":"Tiny Chest"},{"floor":14.0,"key":"Dodecahedron"},{"floor":24.0,"key":"Ornamental Fan"},{"floor":26.0,"key":"Nunchaku"},{"floor":41.0,"key":"Pantograph"},{"floor":43,"key":"Boot"},{"floor":44,"key":"Paper Crane"},{"floor":47,"key":"Orichalcum"}],"event_choices":[{"event_name":"Golden Wing","player_choice":"Card Removal","floor":3.0,"damage_taken":0.0},{"event_name":"FaceTrader","player_choice":"Trade","floor":7.0,"damage_taken":0.0},{"event_name":"Living Wall","player_choice":"Forget","floor":13.0,"damage_taken":0.0},{"event_name":"Ghosts","player_choice":"Became a Ghost","floor":20.0,"damage_taken":0.0},{"event_name":"Nest","player_choice":"Stole From Cult","floor":30.0,"damage_taken":0.0},{"event_name":"Bonfire Elementals","player_choice":"BASIC","floor":38.0,"damage_taken":0.0}],"is_beta":false,"boss_relics":[{"not_picked":["Velvet Choker","Philosopher\u0027s Stone"],"picked":"Runic Pyramid"},{"not_picked":["WristBlade","White Beast Statue"],"picked":"Runic Dome"}],"items_purged_floors":[2,37],"is_endless":false,"potions_floor_spawned":[1,16,18,27,33,35,41,44,46],"ascension_level":0}