{"gold_per_floor":[109,123,133,152,152,152,152,188,188,188,204,39,39,64,64,160,160,178,178,178,196,196,230,265,289,289,325,349,349,111,134,134,233,233,251,275,94,427,475,509,519,546,570,600,600,633,633,645,645,645,645,645,645,16,46,46],"floor_reached":57,"playtime":2215,"items_purged":["Strike_R+1","Cleave"],"score":3285,"play_id":"98e3fa1b-1eaf-4bdf-989d-cf4fdf9253e4","local_time":"20190806012043","is_ascension_mode":true,"campfire_choices":[{"data":"Body Slam","floor":7.0,"key":"SMITH"},{"data":"Battle Trance","floor":10.0,"key":"SMITH"},{"data":"Armaments","floor":15.0,"key":"SMITH"},{"data":"Dark Embrace","floor":32.0,"key":"SMITH"},{"data":"Offering","floor":45.0,"key":"SMITH"},{"floor":49.0,"key":"RECALL"},{"floor":53.0,"key":"DIG"}],"neow_cost":"NONE","seed_source_timestamp":714308870327204,"circlet_count":0,"master_deck":["AscendersBane","Defend_R+1","Defend_R+1","Defend_R+1","Defend_R+1","Bash+1","Body Slam+1","Feel No Pain+1","Power Through+1","Battle Trance+1","Armaments+1","Second Wind+1","Evolve+1","Dark Embrace+1","Impervious+1","Juggernaut+1","Berserk+1","Cleave+1","Evolve+1","Feel No Pain+1","Offering+1","Burning Pact+1","True Grit+1"],"special_seed":0,"relics":["Burning Blood","Shovel","Ice Cream","Turnip","Runic Dome","Enchiridion","WingedGreaves","Frozen Egg 2","Paper Frog","Whetstone","Busted Crown","Bird Faced Urn","The Courier","Red Skull","Happy Flower","Mummified Hand","Mark of the Bloom","Bottled Lightning","TheAbacus","Gambling Chip","Kunai","Bottled Flame"],"potions_floor_usage":[56],"damage_taken":[{"damage":1.0,"enemies":"Cultist","floor":1.0,"turns":3.0},{"damage":4.0,"enemies":"2 Louse","floor":2.0,"turns":4.0},{"damage":12.0,"enemies":"Small Slimes","floor":3.0,"turns":4.0},{"damage":31.0,"enemies":"Exordium Thugs","floor":4.0,"turns":7.0},{"damage":32.0,"enemies":"Gremlin Nob","floor":8.0,"turns":4.0},{"damage":9.0,"enemies":"Looter","floor":11.0,"turns":5.0},{"damage":4.0,"enemies":"2 Fungi Beasts","floor":14.0,"turns":5.0},{"damage":14.0,"enemies":"Hexaghost","floor":16.0,"turns":10.0},{"damage":11.0,"enemies":"Shell Parasite","floor":18.0,"turns":6.0},{"damage":1.0,"enemies":"Spheric Guardian","floor":21.0,"turns":6.0},{"damage":3.0,"enemies":"Book of Stabbing","floor":23.0,"turns":4.0},{"damage":3.0,"enemies":"Gremlin Leader","floor":24.0,"turns":5.0},{"damage":13.0,"enemies":"3 Cultists","floor":25.0,"turns":5.0},{"damage":28.0,"enemies":"Slavers","floor":27.0,"turns":5.0},{"damage":8.0,"enemies":"Centurion and Healer","floor":28.0,"turns":7.0},{"damage":1.0,"enemies":"Cultist and Chosen","floor":31.0,"turns":5.0},{"damage":0.0,"enemies":"Automaton","floor":33.0,"turns":6.0},{"damage":6.0,"enemies":"Orb Walker","floor":35.0,"turns":3.0},{"damage":21.0,"enemies":"3 Shapes","floor":36.0,"turns":3.0},{"damage":15.0,"enemies":"2 Orb Walkers","floor":39.0,"turns":4.0},{"damage":6.0,"enemies":"Reptomancer","floor":40.0,"turns":3.0},{"damage":0.0,"enemies":"Maw","floor":41.0,"turns":5.0},{"damage":6.0,"enemies":"Nemesis","floor":42.0,"turns":5.0},{"damage":20.0,"enemies":"Reptomancer","floor":44.0,"turns":4.0},{"damage":6.0,"enemies":"Giant Head","floor":46.0,"turns":3.0},{"damage":0.0,"enemies":"Transient","floor":48.0,"turns":5.0},{"damage":0.0,"enemies":"Awakened One","floor":50.0,"turns":4.0},{"damage":22.0,"enemies":"Donu and Deca","floor":51.0,"turns":3.0},{"damage":6.0,"enemies":"Shield and Spear","floor":55.0,"turns":3.0},{"damage":8,"enemies":"The Heart","floor":56,"turns":6}],"seed_played":"-7072052992805342050","potions_obtained":[{"floor":0.0,"key":"Explosive Potion"},{"floor":0.0,"key":"Block Potion"},{"floor":1.0,"key":"Fire Potion"},{"floor":8.0,"key":"Regen Potion"},{"floor":14.0,"key":"Poison Potion"},{"floor":16.0,"key":"SpeedPotion"},{"floor":18.0,"key":"Swift Potion"},{"floor":24.0,"key":"FairyPotion"},{"floor":31.0,"key":"Explosive Potion"},{"floor":35.0,"key":"Ancient Potion"}],"is_trial":false,"path_per_floor":["M","M","M","M","?","?","R","E","T","R","M","$","?","M","R","B",null,"M","?","?","M","?","E","E","M","T","E","M","?","$","M","R","B",null,"M","M","$","?","?","E","M","E","T","E","R","E","?","M","R","B","B",null,"R","$","E","B",null],"character_chosen":"IRONCLAD","items_purchased":["Second Wind","Evolve","BloodPotion","Evolve+1","Burning Pact","TheAbacus","Gambling Chip","Kunai"],"campfire_rested":0,"item_purchase_floors":[12,12,30,30,37,54,54,54],"current_hp_per_floor":[73,75,69,44,44,33,33,7,7,7,18,18,18,20,20,12,54,49,49,28,33,33,36,39,32,32,10,8,8,8,30,30,36,60,60,45,45,45,36,50,68,68,68,62,62,68,68,68,68,68,46,46,46,46,40,32],"gold":46,"neow_bonus":"THREE_SMALL_POTIONS","is_prod":false,"is_daily":false,"chose_seed":false,"campfire_upgraded":5,"win_rate":0,"timestamp":1565022043,"path_taken":["M","?","M","M","?","?","R","E","T","R","M","$","?","M","R","BOSS","M","?","?","M","?","E","E","M","T","E","?","?","$","M","R","BOSS","M","M","$","?","?","E","M","E","T","E","R","E","?","M","R","BOSS","BOSS","R","$","E","BOSS"],"build_version":"2019-07-17","purchased_purges":2,"victory":true,"max_hp_per_floor":[75,75,75,75,68,68,68,68,68,68,68,68,68,68,68,68,68,68,68,68,68,68,68,68,68,68,68,68,68,68,68,68,68,68,68,68,68,68,68,68,68,68,68,68,68,68,68,68,68,68,68,68,68,68,68,68],"card_choices":[{"not_picked":["Headbutt","Iron Wave","Twin Strike"],"picked":"SKIP","floor":1.0},{"not_picked":["Clothesline","Clash"],"picked":"Body Slam","floor":2.0},{"not_picked":["Thunderclap","Perfected Strike"],"picked":"Feel No Pain","floor":3.0},{"not_picked":["Heavy Blade","Blood for Blood"],"picked":"Power Through","floor":4.0},{"not_picked":["Hemokinesis","Shrug It Off"],"picked":"Battle Trance","floor":8.0},{"not_picked":["Cleave","True Grit"],"picked":"Armaments","floor":11.0},{"not_picked":["Anger","Havoc","Cleave"],"picked":"SKIP","floor":14.0},{"not_picked":["Anger","Havoc","Cleave"],"picked":"SKIP","floor":14.0},{"not_picked":["Bludgeon","Brutality"],"picked":"Impervious","floor":16.0},{"not_picked":["Seeing Red","Headbutt","Rage"],"picked":"SKIP","floor":18.0},{"not_picked":["Pommel Strike","Heavy Blade","Dropkick"],"picked":"SKIP","floor":21.0},{"not_picked":["Reckless Charge","Wild Strike+1","Iron Wave"],"picked":"SKIP","floor":23.0},{"not_picked":["Reckless Charge","Wild Strike+1","Iron Wave"],"picked":"SKIP","floor":23.0},{"not_picked":["Combust","Headbutt"],"picked":"Berserk","floor":24.0},{"not_picked":["Thunderclap","Perfected Strike","Carnage+1"],"picked":"SKIP","floor":25.0},{"not_picked":["Intimidate","Headbutt","Anger"],"picked":"SKIP","floor":27.0},{"not_picked":["Cleave","Anger","Body Slam"],"picked":"SKIP","floor":28.0},{"not_picked":["Twin Strike","Headbutt"],"picked":"Feel No Pain+1","floor":31.0},{"not_picked":["Bludgeon","Double Tap"],"picked":"Offering","floor":33.0},{"not_picked":["Seeing Red"],"picked":"SKIP","floor":35.0},{"not_picked":["Clash"],"picked":"SKIP","floor":36.0},{"not_picked":["Twin Strike"],"picked":"SKIP","floor":40.0},{"not_picked":["Twin Strike+1"],"picked":"SKIP","floor":41.0},{"not_picked":["True Grit"],"picked":"SKIP","floor":42.0},{"not_picked":[],"picked":"True Grit","floor":42.0},{"not_picked":["Armaments"],"picked":"SKIP","floor":44.0},{"not_picked":["Bludgeon"],"picked":"SKIP","floor":46.0},{"not_picked":["True Grit+1"],"picked":"SKIP","floor":48.0},{"not_picked":["Whirlwind+1"],"picked":"SKIP","floor":55.0}],"player_experience":776320,"relics_obtained":[{"floor":8.0,"key":"Ice Cream"},{"floor":9.0,"key":"Turnip"},{"floor":20.0,"key":"Enchiridion"},{"floor":23.0,"key":"WingedGreaves"},{"floor":24.0,"key":"Frozen Egg 2"},{"floor":26.0,"key":"Paper Frog"},{"floor":27.0,"key":"Whetstone"},{"floor":39.0,"key":"Bird Faced Urn"},{"floor":40.0,"key":"The Courier"},{"floor":42.0,"key":"Red Skull"},{"floor":44.0,"key":"Happy Flower"},{"floor":46.0,"key":"Mummified Hand"},{"floor":53.0,"key":"Bottled Lightning"},{"floor":55.0,"key":"Bottled Flame"}],"event_choices":[{"damage_healed":0.0,"max_hp_gain":0.0,"max_hp_loss":7.0,"gold_gain":0.0,"event_name":"Golden Idol","player_choice":"Lose Max HP","floor":5.0,"gold_loss":0.0,"damage_taken":0.0,"relics_obtained":["Golden Idol"]},{"damage_healed":0.0,"max_hp_gain":0.0,"max_hp_loss":0.0,"gold_gain":0.0,"event_name":"Scrap Ooze","player_choice":"Success","floor":6.0,"gold_loss":0.0,"damage_taken":11.0,"relics_obtained":["Shovel"]},{"damage_healed":0.0,"max_hp_gain":0.0,"max_hp_loss":0.0,"gold_gain":0.0,"cards_transformed":["Strike_R"],"event_name":"Living Wall","player_choice":"Change","floor":13.0,"gold_loss":0.0,"damage_taken":0.0,"cards_obtained":["Dark Embrace"]},{"damage_healed":0.0,"max_hp_gain":0.0,"max_hp_loss":0.0,"gold_gain":0.0,"event_name":"Vampires","player_choice":"Ignored","floor":19.0,"gold_loss":0.0,"damage_taken":0.0},{"damage_healed":0.0,"max_hp_gain":0.0,"max_hp_loss":0.0,"gold_gain":0.0,"event_name":"Cursed Tome","player_choice":"Obtained Book","floor":20.0,"gold_loss":0.0,"damage_taken":21.0},{"damage_healed":0.0,"max_hp_gain":0.0,"max_hp_loss":0.0,"gold_gain":0.0,"cards_transformed":["Strike_R"],"event_name":"Transmorgrifier","player_choice":"Transformed","floor":22.0,"gold_loss":0.0,"damage_taken":0.0,"cards_obtained":["Juggernaut"]},{"damage_healed":0.0,"max_hp_gain":0.0,"max_hp_loss":0.0,"gold_gain":0.0,"cards_transformed":["Strike_R","Strike_R"],"event_name":"Drug Dealer","player_choice":"Became Test Subject","floor":29.0,"gold_loss":0.0,"damage_taken":0.0,"cards_obtained":["Cleave","Cleave"]},{"damage_healed":0.0,"max_hp_gain":0.0,"max_hp_loss":0.0,"gold_gain":333.0,"event_name":"The Moai Head","player_choice":"Gave Idol","floor":38.0,"relics_lost":["Golden Idol"],"gold_loss":0.0,"damage_taken":0.0},{"damage_healed":0.0,"max_hp_gain":0.0,"max_hp_loss":0.0,"gold_gain":0.0,"event_name":"Mysterious Sphere","player_choice":"Fight","floor":39.0,"gold_loss":0.0,"damage_taken":0.0},{"damage_healed":0.0,"max_hp_gain":0.0,"max_hp_loss":0.0,"gold_gain":0.0,"event_name":"MindBloom","player_choice":"Upgrade","floor":47.0,"gold_loss":0.0,"damage_taken":0.0,"cards_upgraded":["Defend_R","Defend_R","Defend_R","Defend_R","Feel No Pain","Power Through","Second Wind","Evolve","Impervious","Juggernaut","Cleave","Burning Pact","True Grit"],"relics_obtained":["Mark of the Bloom"]}],"is_beta":false,"boss_relics":[{"not_picked":["Tiny House","Ectoplasm"],"picked":"Runic Dome"},{"not_picked":["Velvet Choker","Eternal Feather"],"picked":"Busted Crown"}],"items_purged_floors":[30,37],"is_endless":false,"potions_floor_spawned":[1,8,14,16,18,21,24,31,35,39,42,44,46,55],"ascension_level":20}