{"gold_per_floor":[117,127,52,52,52,79,79,79,79,99,129,149,149,180,180,254,254,271,321,336,786,78,78,78],"floor_reached":24,"playtime":662,"items_purged":["Regret","Strike_B"],"score":424,"play_id":"204fcd4d-8262-4371-b269-748d5b4ee9a3","local_time":"20190411203610","is_ascension_mode":true,"campfire_choices":[{"data":"Turbo","floor":7.0,"key":"SMITH"},{"floor":13.0,"key":"REST"},{"data":"Chaos","floor":15.0,"key":"SMITH"},{"floor":23,"key":"REST"}],"neow_cost":"CURSE","seed_source_timestamp":200823582624989,"circlet_count":0,"master_deck":["AscendersBane","Defend_B","Defend_B","Defend_B","Defend_B","Zap","Dualcast","Meteor Strike","Chaos+1","Turbo+1","Reinforced Body","Ball Lightning","Go for the Eyes","Heatsinks","Biased Cognition","Multi-Cast","White Noise","Hologram"],"special_seed":0,"relics":["Cracked Core","WingedGreaves","Pantograph","Symbiotic Virus","Girya","Empty Cage","OrangePellets","Incense Burner"],"potions_floor_usage":[18],"damage_taken":[{"damage":4.0,"enemies":"Jaw Worm","floor":1.0,"turns":3.0},{"damage":0.0,"enemies":"2 Louse","floor":2.0,"turns":2.0},{"damage":40.0,"enemies":"3 Sentries","floor":6.0,"turns":8.0},{"damage":1.0,"enemies":"Cultist","floor":10.0,"turns":3.0},{"damage":34.0,"enemies":"Gremlin Nob","floor":11.0,"turns":5.0},{"damage":0.0,"enemies":"Looter","floor":12.0,"turns":1.0},{"damage":16.0,"enemies":"Lagavulin","floor":14.0,"turns":5.0},{"damage":28.0,"enemies":"Slime Boss","floor":16.0,"turns":8.0},{"damage":1,"enemies":"Spheric Guardian","floor":18,"turns":3},{"damage":9,"enemies":"3 Byrds","floor":20,"turns":6},{"damage":27,"enemies":"Snake Plant","floor":24,"turns":3}],"seed_played":"2544996799443790633","potions_obtained":[{"floor":2.0,"key":"SkillPotion"},{"floor":10.0,"key":"SteroidPotion"},{"floor":16.0,"key":"FocusPotion"},{"floor":20,"key":"Poison Potion"}],"is_trial":false,"path_per_floor":["M","M","$","?","?","E","R","?","T","M","E","M","R","E","R","B",null,"M","?","M","?","$","R","M"],"character_chosen":"DEFECT","items_purchased":["OrangePellets","Hologram","Incense Burner"],"campfire_rested":2,"item_purchase_floors":[22,22,22],"current_hp_per_floor":[60,60,60,60,60,20,20,43,43,42,8,8,29,13,13,10,56,55,55,46,4,4,25,0],"gold":78,"neow_bonus":"THREE_RARE_CARDS","is_prod":false,"is_daily":false,"chose_seed":false,"campfire_upgraded":2,"win_rate":0,"timestamp":1554986170,"path_taken":["M","M","$","?","?","E","R","?","T","?","E","?","R","E","R","BOSS","M","?","M","?","$","R","M"],"build_version":"2019-01-23","purchased_purges":2,"victory":false,"max_hp_per_floor":[71,71,71,71,71,71,71,71,71,71,71,71,71,71,71,71,71,71,71,71,71,71,71,71],"card_choices":[{"not_picked":["Electrodynamics","Amplify"],"picked":"Meteor Strike","floor":0.0},{"not_picked":["Go for the Eyes","Conserve Battery"],"picked":"Chaos","floor":1.0},{"not_picked":["Ball Lightning","Steam"],"picked":"Turbo","floor":2.0},{"not_picked":["Gash","Storm"],"picked":"Ball Lightning","floor":6.0},{"not_picked":["Steam","FTL"],"picked":"Go for the Eyes","floor":10.0},{"not_picked":["Conserve Battery","Blizzard"],"picked":"Heatsinks","floor":11.0},{"not_picked":["Gash","Barrage","Chaos"],"picked":"SKIP","floor":12.0},{"not_picked":["Barrage","Heatsinks"],"picked":"Biased Cognition","floor":14.0},{"not_picked":["Meteor Strike","Core Surge"],"picked":"Multi-Cast","floor":16.0},{"not_picked":["Hello World","Leap"],"picked":"White Noise","floor":18},{"not_picked":["Consume","Barrage+1","Rip and Tear"],"picked":"SKIP","floor":20}],"player_experience":1363545,"relics_obtained":[{"floor":6.0,"key":"WingedGreaves"},{"floor":9.0,"key":"Pantograph"},{"floor":11.0,"key":"Symbiotic Virus"},{"floor":14.0,"key":"Girya"}],"event_choices":[{"damage_healed":0.0,"max_hp_gain":0.0,"max_hp_loss":0.0,"gold_gain":0.0,"event_name":"The Cleric","player_choice":"Leave","floor":4.0,"gold_loss":0.0,"damage_taken":0.0},{"damage_healed":0.0,"max_hp_gain":0.0,"max_hp_loss":0.0,"gold_gain":0.0,"cards_transformed":["Strike_B"],"event_name":"Living Wall","player_choice":"Change","floor":5.0,"gold_loss":0.0,"damage_taken":0.0,"cards_obtained":["Reinforced Body"]},{"damage_healed":23.0,"max_hp_gain":0.0,"max_hp_loss":0.0,"gold_gain":0.0,"event_name":"Big Fish","player_choice":"Banana","floor":8.0,"gold_loss":0.0,"damage_taken":0.0},{"damage_healed":0,"gold_gain":50,"player_choice":"Stole From Cult","damage_taken":0,"max_hp_gain":0,"max_hp_loss":0,"event_name":"Nest","floor":19,"gold_loss":0},{"damage_healed":0,"gold_gain":450,"player_choice":"GOLD GOLD GOLD GOLD GOLD ","damage_taken":42,"max_hp_gain":0,"max_hp_loss":0,"event_name":"Knowing Skull","floor":21,"potions_obtained":[],"gold_loss":0,"cards_obtained":[]}],"is_beta":false,"boss_relics":[{"not_picked":["Sozu","Velvet Choker"],"picked":"Empty Cage"}],"items_purged_floors":[3,22],"is_endless":false,"potions_floor_spawned":[2,10,16,20],"killed_by":"Snake Plant","ascension_level":20}