{"path_per_floor":["M","M","M","M","?","E","R","M","T","T","M","?","$","M","R","B",null,"M","$","?","?","$","M","M","E","T"],"character_chosen":"IRONCLAD","items_purchased":["Madness"],"gold_per_floor":[114,129,144,159,159,219,219,234,259,284,299,299,224,239,239,339,339,354,152,152,152,27,42,57,87,137,137],"floor_reached":27,"campfire_rested":0,"playtime":1002,"current_hp_per_floor":[80,80,80,80,80,50,50,49,49,49,53,28,28,33,33,32,80,63,63,63,63,63,54,47,23,23,0],"items_purged":["Strike_R","Decay","Strike_R"],"gold":137,"score":235,"play_id":"24178a7f-3d57-4308-ac65-c02e376acaa6","local_time":"20180406111228","daily_mods":["Diverse","Binary","Night Terrors"],"is_prod":false,"is_daily":true,"is_ascension_mode":false,"campfire_upgraded":2,"timestamp":1522984348,"path_taken":["M","M","M","M","?","E","R","M","T","?","?","?","?","?","R","BOSS","M","$","?","?","$","M","M","E","T","E"],"build_version":"2018-04-05","purchased_purges":3,"victory":false,"master_deck":["Strike_R","Strike_R","Defend_R","Defend_R","Defend_R","Defend_R","Bash+1","Shrug It Off","Slice","Pommel Strike+1","Escape Plan","Clumsy","Madness","Escape Plan","Backflip"],"max_hp_per_floor":[80,80,80,80,80,80,80,80,80,80,80,80,80,80,80,80,80,80,80,80,80,80,80,80,80,80,80],"relics":["Burning Blood","Tiny Chest","Orichalcum","Pen Nib","Happy Flower","Calling Bell","Oddly Smooth Stone","Shuriken","Letter Opener","Thread and Needle","Art of War"],"card_choices":[{"not_picked":["Dagger Throw"],"picked":"Shrug It Off","floor":3},{"not_picked":["Quick Slash"],"picked":"Slice","floor":4},{"not_picked":["Leg Sweep"],"picked":"Pommel Strike","floor":11},{"not_picked":["Dropkick"],"picked":"Escape Plan","floor":14},{"not_picked":["Feel No Pain"],"picked":"Escape Plan","floor":24},{"not_picked":["Noxious Fumes"],"picked":"Backflip","floor":25}],"player_experience":376257,"potions_floor_usage":[4,16,23,25],"damage_taken":[{"damage":5,"enemies":"Jaw Worm","floor":1,"turns":4},{"damage":1,"enemies":"Cultist","floor":2,"turns":3},{"damage":2,"enemies":"Small Slimes","floor":3,"turns":4},{"damage":1,"enemies":"3 Louse","floor":4,"turns":4},{"damage":36,"enemies":"3 Sentries","floor":6,"turns":11},{"damage":7,"enemies":"Exordium Wildlife","floor":8,"turns":4},{"damage":2,"enemies":"Gremlin Gang","floor":11,"turns":6},{"damage":1,"enemies":"3 Louse","floor":14,"turns":3},{"damage":22,"enemies":"The Guardian","floor":16,"turns":11},{"damage":23,"enemies":"Chosen","floor":18,"turns":6},{"damage":15,"enemies":"2 Thieves","floor":23,"turns":3},{"damage":13,"enemies":"Chosen and Byrds","floor":24,"turns":5},{"damage":42,"enemies":"Book of Stabbing","floor":25,"turns":5},{"damage":29,"enemies":"Gremlin Leader","floor":27,"turns":4}],"event_choices":[{"event_name":"Bonfire Elementals","player_choice":"BASIC","floor":5,"damage_taken":0},{"event_name":"Scrap Ooze","player_choice":"success","floor":12,"damage_taken":25},{"event_name":"Back to Basics","player_choice":"Elegance","floor":20,"damage_taken":0},{"event_name":"Drug Dealer","player_choice":"Ignored","floor":21,"damage_taken":0}],"boss_relics":[{"not_picked":["Runic Pyramid","Lizard Tail"],"picked":"Calling Bell"}],"potions_floor_spawned":[2,3,4,6,16,23],"seed_played":"-7248569299204843606","killed_by":"Gremlin Leader","ascension_level":0,"is_trial":false}