{"path_per_floor":["M","?","$","M","M","E","?","E","T","$","M","R","M","M","R","B",null,"M","?","?","M","$","E","$","?","T"],"character_chosen":"IRONCLAD","items_purchased":["Blood Vial"],"gold_per_floor":[114,114,39,56,68,97,172,203,283,79,94,94,104,122,122,224,224,241,141,91,108,58,90,40,40,94,94],"floor_reached":27,"campfire_rested":0,"playtime":715,"current_hp_per_floor":[70,70,70,68,72,70,59,51,51,51,59,59,60,61,61,72,72,66,66,66,59,59,22,22,22,22,0],"items_purged":["Regret","Defend_R","Defend_R","Strike_R"],"gold":94,"score":241,"play_id":"898c7f71-0bf6-43d0-b1eb-63390cfe74d5","local_time":"20180325184653","is_prod":false,"is_daily":false,"is_ascension_mode":false,"campfire_upgraded":2,"timestamp":1521996413,"path_taken":["M","?","$","M","M","E","?","E","T","$","M","R","M","?","R","BOSS","M","?","?","M","$","E","$","?","T","M"],"build_version":"2018-03-22v2","purchased_purges":4,"victory":false,"master_deck":["Strike_R","Strike_R","Strike_R","Strike_R","Bash","Intimidate","Clash","Clash","Flex+1","Dual Wield+1","Dual Wield+1","Thunderclap","Warcry","Body Slam","J.A.X.","Evolve"],"max_hp_per_floor":[72,72,72,72,72,72,72,72,72,72,72,72,72,72,72,72,72,72,72,72,72,72,72,72,72,72,72],"relics":["Burning Blood","Pantograph","Vajra","Blue Candle","Smiling Mask","Blood Vial","Sozu","Oddly Smooth Stone","Tiny Chest"],"card_choices":[{"not_picked":["Sword Boomerang","Fire Breathing"],"picked":"Intimidate","floor":1.0},{"not_picked":["Headbutt","Carnage"],"picked":"Clash","floor":4.0},{"not_picked":["Iron Wave","Armaments"],"picked":"Clash","floor":5.0},{"not_picked":["Clothesline","Sentinel"],"picked":"Flex","floor":6.0},{"not_picked":["Sword Boomerang","Wild Strike"],"picked":"Dual Wield","floor":8.0},{"not_picked":["Headbutt","Thunderclap"],"picked":"Dual Wield","floor":11.0},{"not_picked":["Heavy Blade","Cleave"],"picked":"Thunderclap","floor":13.0},{"not_picked":["Intimidate","Anger"],"picked":"Warcry","floor":14.0},{"not_picked":["Havoc","Rupture"],"picked":"Body Slam","floor":18.0},{"not_picked":["Dropkick","Dual Wield"],"picked":"Evolve","floor":23}],"player_experience":191733,"potions_floor_usage":[],"damage_taken":[{"damage":8.0,"enemies":"2 Louse","floor":1.0,"turns":3.0},{"damage":8.0,"enemies":"Jaw Worm","floor":4.0,"turns":2.0},{"damage":0.0,"enemies":"Cultist","floor":5.0,"turns":3.0},{"damage":8.0,"enemies":"Gremlin Nob","floor":6.0,"turns":3.0},{"damage":14.0,"enemies":"Lagavulin","floor":8.0,"turns":4.0},{"damage":0.0,"enemies":"Exordium Wildlife","floor":11.0,"turns":2.0},{"damage":7.0,"enemies":"Blue Slaver","floor":13.0,"turns":2.0},{"damage":7.0,"enemies":"Looter","floor":14.0,"turns":2.0},{"damage":6.0,"enemies":"Slime Boss","floor":16.0,"turns":3.0},{"damage":12.0,"enemies":"3 Byrds","floor":18.0,"turns":4.0},{"damage":15.0,"enemies":"2 Thieves","floor":21.0,"turns":3.0},{"damage":45,"enemies":"Book of Stabbing","floor":23,"turns":4},{"damage":24,"enemies":"Chosen and Byrds","floor":27,"turns":3}],"event_choices":[{"event_name":"Big Fish","player_choice":"Box","floor":2.0,"damage_taken":0.0},{"event_name":"World of Goop","player_choice":"Gather Gold","floor":7.0,"damage_taken":0.0},{"event_name":"Drug Dealer","player_choice":"Got JAXXED","floor":19.0,"damage_taken":0.0},{"event_name":"The Joust","player_choice":"Bet on Murderer","floor":20.0,"damage_taken":0.0},{"event_name":"Upgrade Shrine","player_choice":"Upgraded","floor":25,"damage_taken":0}],"boss_relics":[],"potions_floor_spawned":[4,5,14,16,18],"seed_played":"-4207740899452883791","killed_by":"Chosen and Byrds","ascension_level":0,"is_trial":false}