{"gold_per_floor":[109,119,44,60,60,60,70,70,70,98,98,98,131,149,149,226,226,239,259,269,269,56,56,56],"floor_reached":24,"playtime":677,"items_purged":["Strike_G"],"score":462,"play_id":"4d0f606f-e511-4555-8ee9-746a82d535ec","local_time":"20190224231619","is_ascension_mode":true,"campfire_choices":[{"data":"Catalyst","floor":6.0,"key":"SMITH"},{"data":"Deadly Poison","floor":8.0,"key":"SMITH"},{"data":"Deadly Poison","floor":12,"key":"SMITH"},{"data":"Neutralize","floor":15,"key":"SMITH"},{"data":"Survivor","floor":23,"key":"SMITH"}],"neow_cost":"PERCENT_DAMAGE","seed_source_timestamp":39507206129009,"circlet_count":0,"master_deck":["AscendersBane","Defend_G","Defend_G","Defend_G","Defend_G","Strike_G","Strike_G","Strike_G","Survivor+1","Neutralize+1","Endless Agony","Catalyst+1","Deadly Poison+1","Deadly Poison+1","After Image"],"special_seed":0,"relics":["Ring of the Serpent","Ornamental Fan","Turnip","Blood Vial","PrismaticShard"],"potions_floor_usage":[18,20],"damage_taken":[{"damage":4.0,"enemies":"Cultist","floor":1.0,"turns":4.0},{"damage":0.0,"enemies":"2 Louse","floor":2.0,"turns":3.0},{"damage":0.0,"enemies":"Small Slimes","floor":4.0,"turns":4.0},{"damage":7.0,"enemies":"3 Louse","floor":7.0,"turns":4.0},{"damage":0,"enemies":"Gremlin Nob","floor":10,"turns":3},{"damage":9,"enemies":"Lagavulin","floor":13,"turns":5},{"damage":0,"enemies":"Blue Slaver","floor":14,"turns":2},{"damage":7,"enemies":"Hexaghost","floor":16,"turns":7},{"damage":8,"enemies":"3 Byrds","floor":18,"turns":7},{"damage":10,"enemies":"Chosen","floor":19,"turns":4},{"damage":10,"enemies":"Snake Plant","floor":20,"turns":5},{"damage":0,"enemies":"Gremlin Leader","floor":24,"turns":1}],"seed_played":"-8308115436867129527","potions_obtained":[{"floor":7.0,"key":"Block Potion"},{"floor":14,"key":"Strength Potion"},{"floor":16,"key":"Dexterity Potion"},{"floor":19,"key":"EssenceOfSteel"},{"floor":20,"key":"LiquidBronze"}],"is_trial":false,"path_per_floor":["M","M","$","M","$","R","M","R","T","E","?","R","E","M","R","B",null,"M","M","M","?","$","R","E"],"character_chosen":"THE_SILENT","items_purchased":["PrismaticShard"],"campfire_rested":0,"item_purchase_floors":[22],"current_hp_per_floor":[40,40,40,40,40,40,33,33,33,33,33,33,24,26,26,21,55,49,41,33,33,33,33,35],"gold":56,"neow_bonus":"TRANSFORM_TWO_CARDS","is_prod":false,"is_daily":false,"chose_seed":false,"campfire_upgraded":5,"win_rate":0,"timestamp":1551021379,"path_taken":["M","?","$","M","$","R","M","R","T","E","?","R","E","M","R","BOSS","M","M","?","?","$","R","E"],"build_version":"2019-01-23","purchased_purges":1,"victory":false,"max_hp_per_floor":[66,66,66,66,66,66,66,66,66,66,66,66,66,66,66,66,66,66,66,66,66,66,66,66],"card_choices":[{"not_picked":["Blade Dance","Dagger Spray"],"picked":"Deadly Poison","floor":1.0},{"not_picked":["Underhanded Strike","Quick Slash"],"picked":"Deadly Poison","floor":2.0},{"not_picked":["Acrobatics","Masterful Stab","Dagger Spray"],"picked":"SKIP","floor":4.0},{"not_picked":["Bane","Blur","Finisher"],"picked":"SKIP","floor":7.0},{"not_picked":["Escape Plan","Flying Knee"],"picked":"After Image","floor":10},{"not_picked":["Dagger Throw","Sucker Punch","Dagger Spray"],"picked":"SKIP","floor":13},{"not_picked":["Terror","Poisoned Stab","Masterful Stab"],"picked":"SKIP","floor":14},{"not_picked":["Crippling Poison","Terror","Leg Sweep"],"picked":"SKIP","floor":18},{"not_picked":["Acrobatics","Bane","Expertise"],"picked":"SKIP","floor":19},{"not_picked":["Noxious Fumes","Setup","Blade Dance"],"picked":"SKIP","floor":20}],"player_experience":3114018,"relics_obtained":[{"floor":10,"key":"Ornamental Fan"},{"floor":13,"key":"Blood Vial"}],"event_choices":[{"damage_healed":0,"gold_gain":0,"player_choice":"Gave Potion","damage_taken":0,"relics_obtained":["Turnip"],"max_hp_gain":0,"max_hp_loss":0,"event_name":"WeMeetAgain","floor":11,"gold_loss":0},{"damage_healed":0,"gold_gain":0,"player_choice":"Ignored","damage_taken":0,"max_hp_gain":0,"max_hp_loss":0,"event_name":"The Mausoleum","floor":21,"gold_loss":0}],"is_beta":false,"boss_relics":[{"not_picked":["Fusion Hammer","Busted Crown"],"picked":"Ring of the Serpent"}],"items_purged_floors":[3],"is_endless":false,"potions_floor_spawned":[7,14,16,19,20],"killed_by":"Gremlin Leader","ascension_level":20}