{"gold_per_floor":[119,135,410,425,216,216,244,244,244,244,244,262,262],"floor_reached":13,"playtime":422,"items_purged":["Regret"],"score":166,"play_id":"293f9443-2880-4e23-940d-13a5a7bed735","local_time":"20190511210819","is_ascension_mode":true,"campfire_choices":[{"data":"Consume","floor":6.0,"key":"SMITH"},{"data":"Dualcast","floor":8.0,"key":"SMITH"},{"data":"Zap","floor":10.0,"key":"SMITH"}],"neow_cost":"NONE","seed_source_timestamp":30897572428359,"circlet_count":0,"master_deck":["AscendersBane","Strike_B","Strike_B","Strike_B","Strike_B","Defend_B","Defend_B","Defend_B","Defend_B","Zap+1","Dualcast+1","Beam Cell","Ball Lightning","Consume+1","Discovery","Self Repair","Self Repair","Parasite"],"special_seed":0,"relics":["Calling Bell","Dream Catcher","Question Card","Unceasing Top","Matryoshka","Bag of Preparation","Peace Pipe"],"potions_floor_usage":[12,13],"damage_taken":[{"damage":3.0,"enemies":"2 Louse","floor":1.0,"turns":4.0},{"damage":2.0,"enemies":"Cultist","floor":2.0,"turns":4.0},{"damage":7.0,"enemies":"Jaw Worm","floor":4.0,"turns":3.0},{"damage":51.0,"enemies":"Gremlin Nob","floor":7.0,"turns":4.0},{"damage":0,"enemies":"3 Louse","floor":12,"turns":1},{"damage":50,"enemies":"Lagavulin","floor":13,"turns":6}],"seed_played":"1323642755999930062","potions_obtained":[{"floor":2.0,"key":"Explosive Potion"},{"floor":7.0,"key":"Regen Potion"}],"is_trial":false,"path_per_floor":["M","M","?","M","$","R","E","R","T","R","?","M","E"],"character_chosen":"DEFECT","items_purchased":["Discovery","Self Repair"],"campfire_rested":0,"item_purchase_floors":[5,5],"current_hp_per_floor":[61,59,59,52,52,52,8,8,8,8,25,25,0],"gold":262,"neow_bonus":"BOSS_RELIC","is_prod":false,"is_daily":false,"chose_seed":false,"campfire_upgraded":3,"win_rate":0,"timestamp":1557580099,"path_taken":["M","M","?","?","$","R","E","R","T","R","?","M","E"],"build_version":"2019-01-23","purchased_purges":1,"victory":false,"max_hp_per_floor":[71,71,71,71,71,71,71,71,71,71,71,71,71],"card_choices":[{"not_picked":["Coolheaded","Sunder","Go for the Eyes"],"picked":"Beam Cell","floor":1.0},{"not_picked":["Barrage","Leap","Beam Cell"],"picked":"Ball Lightning","floor":2.0},{"not_picked":["Turbo","Rebound","Hologram"],"picked":"Consume","floor":4.0},{"not_picked":["Go for the Eyes","Rebound","Tempest"],"picked":"Self Repair","floor":7.0},{"not_picked":["Stack","Compile Driver","Beam Cell","Rebound"],"picked":"SKIP","floor":12}],"player_experience":4702883,"relics_obtained":[{"floor":0.0,"key":"Dream Catcher"},{"floor":0.0,"key":"Question Card"},{"floor":0.0,"key":"Unceasing Top"},{"floor":7.0,"key":"Matryoshka"},{"floor":9.0,"key":"Bag of Preparation"},{"floor":9.0,"key":"Peace Pipe"}],"event_choices":[{"damage_healed":0.0,"max_hp_gain":0.0,"max_hp_loss":0.0,"gold_gain":275.0,"event_name":"Golden Shrine","player_choice":"Desecrate","floor":3.0,"gold_loss":0.0,"damage_taken":0.0,"cards_obtained":["Regret"]},{"damage_healed":17.0,"max_hp_gain":0.0,"max_hp_loss":0.0,"gold_gain":0.0,"event_name":"Mushrooms","player_choice":"Healed and dodged fight","floor":11.0,"gold_loss":0.0,"damage_taken":0.0,"cards_obtained":["Parasite"]}],"is_beta":false,"boss_relics":[],"items_purged_floors":[5],"is_endless":false,"potions_floor_spawned":[2,7],"killed_by":"Lagavulin","ascension_level":20}