{"gold_per_floor":[112,112,262,147,161,188,188,223,223,123,123,223,241,261,261,261],"floor_reached":16,"playtime":282,"items_purged":["Doubt","Strike_B"],"score":266,"play_id":"254afcf6-20eb-4bb7-a261-733366fe6ecb","local_time":"20181119195532","is_ascension_mode":true,"campfire_choices":[{"data":"Zap","floor":7,"key":"SMITH"},{"data":"Defragment","floor":11,"key":"SMITH"},{"data":"Loop","floor":15,"key":"SMITH"}],"neow_cost":"NONE","seed_source_timestamp":1674222199871391,"circlet_count":0,"master_deck":["AscendersBane","Strike_B","Strike_B+1","Strike_B+1","Defend_B","Defend_B","Defend_B+1","Defend_B","Zap+1","Dualcast+1","Defragment+1","Recycle","Loop+1","Hologram"],"relics":["Cracked Core","NeowsBlessing","Gambling Chip","Whetstone","Pear"],"potions_floor_usage":[],"damage_taken":[{"damage":0,"enemies":"Small Slimes","floor":1,"turns":1},{"damage":0,"enemies":"2 Louse","floor":5,"turns":2},{"damage":0,"enemies":"Lagavulin","floor":6,"turns":1},{"damage":37,"enemies":"3 Sentries","floor":8,"turns":10},{"damage":0,"enemies":"Cultist","floor":13,"turns":4},{"damage":7,"enemies":"Exordium Wildlife","floor":14,"turns":3},{"damage":0,"enemies":"The Guardian","floor":16,"turns":1}],"seed_played":"1590236913348672664","potions_obtained":[{"floor":6,"key":"Explosive Potion"},{"floor":8,"key":"SteroidPotion"}],"is_trial":false,"path_per_floor":["M","?","?","$","M","E","R","E","T","$","R","?","M","M","R","B"],"character_chosen":"DEFECT","items_purchased":["Defragment"],"campfire_rested":0,"item_purchase_floors":[4],"current_hp_per_floor":[64,43,43,43,43,43,43,6,16,16,16,16,16,9,9,9],"gold":261,"neow_bonus":"THREE_ENEMY_KILL","is_prod":false,"is_daily":false,"chose_seed":false,"campfire_upgraded":3,"win_rate":0,"timestamp":1542628532,"path_taken":["M","?","?","$","M","E","R","E","T","$","R","?","M","M","R","BOSS"],"build_version":"2018-11-15","purchased_purges":2,"victory":false,"max_hp_per_floor":[71,71,71,71,71,71,71,71,81,81,81,81,81,81,81,81],"card_choices":[{"not_picked":["Gash","Sweeping Beam","Rebound"],"picked":"SKIP","floor":1},{"not_picked":["Rebound","Steam Power","Barrage"],"picked":"SKIP","floor":5},{"not_picked":["Steam","Stack"],"picked":"Recycle","floor":6},{"not_picked":["Rainbow","Cold Snap"],"picked":"Loop","floor":8},{"not_picked":["Doom and Gloom","Leap"],"picked":"Hologram","floor":13},{"not_picked":["Doom and Gloom","Compile Driver","Hello World"],"picked":"SKIP","floor":14}],"player_experience":564515,"relics_obtained":[{"floor":6,"key":"Gambling Chip"},{"floor":8,"key":"Whetstone"},{"floor":9,"key":"Pear"}],"event_choices":[{"damage_healed":0,"gold_gain":0,"player_choice":"Entered Light","damage_taken":21,"max_hp_gain":0,"max_hp_loss":0,"event_name":"Shining Light","floor":2,"gold_loss":0,"cards_upgraded":["Defend_B","Dualcast"]},{"damage_healed":0,"gold_gain":150,"player_choice":"AGREE","damage_taken":0,"max_hp_gain":0,"max_hp_loss":0,"event_name":"Liars Game","floor":3,"gold_loss":0,"cards_obtained":["Doubt"]},{"damage_healed":0,"gold_gain":100,"player_choice":"Gold","damage_taken":0,"max_hp_gain":0,"max_hp_loss":0,"event_name":"Wheel of Change","floor":12,"gold_loss":0}],"is_beta":true,"boss_relics":[],"items_purged_floors":[4,10],"is_endless":false,"potions_floor_spawned":[6,8,14],"killed_by":"The Guardian","ascension_level":20}