{"gold_per_floor":[109,1,1,1,26,57,57,92,165,178,211,225,242,242,242,319,319,339,264,69,79,97,122,135,163,188,212,224,286,298,310],"floor_reached":31,"playtime":778,"items_purged":[],"score":686,"play_id":"d5a7c989-6e7a-48cc-a224-710db92e672e","local_time":"20190216211408","is_ascension_mode":true,"campfire_choices":[{"data":"Sunder","floor":7.0,"key":"SMITH"},{"data":"Beam Cell","floor":15.0,"key":"SMITH"},{"data":"Hologram","floor":28.0,"key":"SMITH"},{"data":"Mind Blast","floor":30.0,"key":"SMITH"}],"neow_cost":"NONE","seed_source_timestamp":352768976992808,"circlet_count":0,"master_deck":["AscendersBane","Strike_B","Strike_B","Strike_B","Defend_B","Defend_B","Defend_B","Defend_B","Zap","Dualcast","Sunder+1","Conserve Battery","Compile Driver","Hologram+1","Recycle","Defragment+1","Reinforced Body","Beam Cell+1","Turbo","Electrodynamics+1","Coolheaded+1","Heatsinks+1","Mind Blast+1","Conserve Battery","Stack+1","Redo","Cold Snap","Loop+1","Go for the Eyes"],"special_seed":0,"relics":["Cracked Core","NeowsBlessing","DataDisk","Sundial","Bird Faced Urn","Frozen Egg 2","Bronze Scales","Turnip","Coffee Dripper","PreservedInsect","FossilizedHelix","MawBank"],"potions_floor_usage":[],"damage_taken":[{"damage":0.0,"enemies":"Jaw Worm","floor":1.0,"turns":1.0},{"damage":0.0,"enemies":"Lagavulin","floor":6.0,"turns":1.0},{"damage":0.0,"enemies":"Gremlin Nob","floor":8.0,"turns":1.0},{"damage":6.0,"enemies":"2 Louse","floor":10.0,"turns":3.0},{"damage":8.0,"enemies":"Lagavulin","floor":11.0,"turns":5.0},{"damage":0.0,"enemies":"Cultist","floor":12.0,"turns":3.0},{"damage":11.0,"enemies":"Looter","floor":13.0,"turns":2.0},{"damage":7.0,"enemies":"Slime Boss","floor":16.0,"turns":8.0},{"damage":2.0,"enemies":"2 Thieves","floor":18.0,"turns":3.0},{"damage":11.0,"enemies":"Chosen","floor":21.0,"turns":4.0},{"damage":27.0,"enemies":"Snake Plant","floor":22.0,"turns":3.0},{"damage":18.0,"enemies":"Gremlin Leader","floor":23.0,"turns":5.0},{"damage":14.0,"enemies":"Centurion and Healer","floor":24.0,"turns":2.0},{"damage":11.0,"enemies":"Book of Stabbing","floor":25.0,"turns":3.0},{"damage":8.0,"enemies":"Shelled Parasite and Fungi","floor":27.0,"turns":4.0},{"damage":14,"enemies":"Gremlin Leader","floor":31,"turns":4}],"seed_played":"-4355934572291515034","potions_obtained":[{"floor":1.0,"key":"FearPotion"},{"floor":8.0,"key":"Weak Potion"},{"floor":11.0,"key":"SteroidPotion"},{"floor":22.0,"key":"Fire Potion"},{"floor":23.0,"key":"AttackPotion"}],"is_trial":false,"path_per_floor":["M","$","?","?","T","E","R","E","T","M","E","M","M","T","R","B",null,"M","?","$","M","M","E","M","E","T","M","R","?","R","E"],"character_chosen":"DEFECT","items_purchased":["Conserve Battery","Compile Driver","Heatsinks+1","Mind Blast","Conserve Battery"],"campfire_rested":0,"item_purchase_floors":[2,2,20,20,20],"current_hp_per_floor":[64,64,69,69,69,69,69,69,69,63,57,57,48,48,48,43,68,70,70,70,63,40,24,12,7,7,7,7,7,7,0],"gold":310,"neow_bonus":"THREE_ENEMY_KILL","is_prod":false,"is_daily":false,"chose_seed":false,"campfire_upgraded":4,"win_rate":0,"timestamp":1550322848,"path_taken":["M","$","?","?","?","E","R","E","T","M","E","M","M","?","R","BOSS","M","?","$","M","M","E","M","E","T","M","R","?","R","E"],"build_version":"2019-01-23","purchased_purges":0,"victory":false,"max_hp_per_floor":[71,71,76,76,76,76,76,76,76,76,76,76,76,76,76,76,76,76,76,76,76,76,76,76,76,76,76,76,76,76,76],"card_choices":[{"not_picked":["Chaos","Loop"],"picked":"Sunder","floor":1.0},{"not_picked":["Lockon","Hello World"],"picked":"Hologram","floor":6.0},{"not_picked":["Self Repair","Tempest"],"picked":"Recycle","floor":8.0},{"not_picked":["Lockon","Barrage"],"picked":"Defragment+1","floor":10.0},{"not_picked":["Streamline","Sunder"],"picked":"Reinforced Body","floor":11.0},{"not_picked":["Double Energy","Streamline"],"picked":"Beam Cell","floor":12.0},{"not_picked":["Rebound","Compile Driver"],"picked":"Turbo","floor":13.0},{"not_picked":["Seek","Reboot"],"picked":"Electrodynamics+1","floor":16.0},{"not_picked":["Gash","Beam Cell"],"picked":"Coolheaded+1","floor":18.0},{"not_picked":["BootSequence","Gash"],"picked":"Stack+1","floor":21.0},{"not_picked":["Barrage","Sweeping Beam"],"picked":"Redo","floor":22.0},{"not_picked":["White Noise","Compile Driver"],"picked":"Cold Snap","floor":23.0},{"not_picked":["Conserve Battery+1","Melter"],"picked":"Loop+1","floor":24.0},{"not_picked":["Turbo","Barrage","Electrodynamics+1"],"picked":"SKIP","floor":25.0},{"not_picked":["Blizzard","Scrape"],"picked":"Go for the Eyes","floor":27.0}],"player_experience":791185,"relics_obtained":[{"floor":5.0,"key":"DataDisk"},{"floor":6.0,"key":"Sundial"},{"floor":8.0,"key":"Bird Faced Urn"},{"floor":9.0,"key":"Frozen Egg 2"},{"floor":11.0,"key":"Bronze Scales"},{"floor":14.0,"key":"Turnip"},{"floor":23.0,"key":"PreservedInsect"},{"floor":25.0,"key":"FossilizedHelix"},{"floor":26.0,"key":"MawBank"}],"event_choices":[{"damage_healed":0.0,"max_hp_gain":5.0,"max_hp_loss":0.0,"gold_gain":0.0,"event_name":"Big Fish","player_choice":"Donut","floor":3.0,"gold_loss":0.0,"damage_taken":0.0},{"damage_healed":0.0,"max_hp_gain":0.0,"max_hp_loss":0.0,"gold_gain":0.0,"event_name":"The Cleric","player_choice":"Leave","floor":4.0,"gold_loss":0.0,"damage_taken":0.0},{"cards_removed":["Strike_B"],"damage_healed":0.0,"max_hp_gain":0.0,"max_hp_loss":0.0,"gold_gain":0.0,"event_name":"Beggar","player_choice":"Gave Gold","floor":19.0,"gold_loss":75.0,"damage_taken":0.0},{"damage_healed":0.0,"max_hp_gain":0.0,"max_hp_loss":0.0,"gold_gain":50.0,"event_name":"Nest","player_choice":"Stole From Cult","floor":29.0,"gold_loss":0.0,"damage_taken":0.0}],"is_beta":false,"boss_relics":[{"not_picked":["Cursed Key","Empty Cage"],"picked":"Coffee Dripper"}],"items_purged_floors":[],"is_endless":false,"potions_floor_spawned":[1,8,11,13,22,23],"killed_by":"Gremlin Leader","ascension_level":20}