{"gold_per_floor":[118,138,213,213,85,85,98,117,140,160,60,60,85,97,97,200,200,215,234,109,120,135,135,153,153,207,136,148,162,177,177,177,276,276,290,140,0,0,0,0,13,13,13,26,38,57,76,95,95,95],"floor_reached":51,"playtime":2896,"items_purged":["Strike_G","Strike_G","Defend_G","Strike_G"],"score":622,"play_id":"99b1e7df-d6ab-4e97-8d86-1223bc527559","local_time":"20181101144535","is_ascension_mode":false,"campfire_choices":[{"data":"Poisoned Stab","floor":6,"key":"SMITH"},{"data":"Catalyst","floor":12,"key":"SMITH"},{"data":"Neutralize","floor":15,"key":"SMITH"},{"data":"Glass Knife","floor":23,"key":"SMITH"},{"data":"Footwork","floor":25,"key":"SMITH"},{"data":"Catalyst","floor":32,"key":"SMITH"},{"data":"Poisoned Stab","floor":40,"key":"SMITH"},{"data":"Poisoned Stab","floor":42,"key":"SMITH"},{"data":"The Bomb","floor":49,"key":"SMITH"}],"neow_cost":"NONE","seed_source_timestamp":15953893826084,"circlet_count":0,"master_deck":["Defend_G","Defend_G","Defend_G","Defend_G+1","Strike_G+1","Strike_G","Survivor","Neutralize+1","Catalyst+1","Poisoned Stab+1","Footwork+1","Backflip","Glass Knife+1","Dodge and Roll+1","Catalyst+1","Poisoned Stab+1","Poisoned Stab+1","Venomology","Good Instincts","Panacea","The Bomb+1","Leg Sweep+1"],"relics":["Ring of the Snake","Anchor","Strawberry","Velvet Choker","Ancient Tea Set","Lantern","Eternal Feather","Red Mask","Incense Burner"],"potions_floor_usage":[19,19,33,33,35,44,45,46,47,48,50,50,50,50],"damage_taken":[{"damage":7,"enemies":"Jaw Worm","floor":1,"turns":10},{"damage":0,"enemies":"Small Slimes","floor":2,"turns":4},{"damage":0,"enemies":"Cultist","floor":7,"turns":3},{"damage":4,"enemies":"Gremlin Gang","floor":8,"turns":6},{"damage":0,"enemies":"Red Slaver","floor":10,"turns":4},{"damage":1,"enemies":"Exordium Thugs","floor":14,"turns":5},{"damage":17,"enemies":"The Guardian","floor":16,"turns":11},{"damage":0,"enemies":"Chosen","floor":18,"turns":6},{"damage":0,"enemies":"Spheric Guardian","floor":19,"turns":7},{"damage":6,"enemies":"Snecko","floor":21,"turns":6},{"damage":4,"enemies":"Shelled Parasite and Fungi","floor":22,"turns":5},{"damage":16,"enemies":"Sentry and Sphere","floor":24,"turns":9},{"damage":0,"enemies":"Snake Plant","floor":28,"turns":4},{"damage":3,"enemies":"Shelled Parasite and Fungi","floor":29,"turns":4},{"damage":0,"enemies":"Centurion and Healer","floor":30,"turns":7},{"damage":5,"enemies":"Automaton","floor":33,"turns":6},{"damage":0,"enemies":"Orb Walker","floor":35,"turns":2},{"damage":0,"enemies":"3 Shapes","floor":41,"turns":5},{"damage":1,"enemies":"Sphere and 2 Shapes","floor":44,"turns":5},{"damage":0,"enemies":"4 Shapes","floor":45,"turns":7},{"damage":0,"enemies":"Transient","floor":46,"turns":5},{"damage":2,"enemies":"Writhing Mass","floor":47,"turns":4},{"damage":1,"enemies":"4 Shapes","floor":48,"turns":4},{"damage":61,"enemies":"Donu and Deca","floor":50,"turns":11}],"seed_played":"-8304817377563254997","potions_obtained":[{"floor":8,"key":"SneckoOil"},{"floor":14,"key":"SkillPotion"},{"floor":16,"key":"Weak Potion"},{"floor":19,"key":"FearPotion"},{"floor":24,"key":"SteroidPotion"},{"floor":35,"key":"Block Potion"},{"floor":44,"key":"Swift Potion"}],"is_trial":false,"path_per_floor":["M","M","?","?","$","R","M","M","T","M","$","R","T","M","R","B",null,"M","M","$","M","M","R","M","R","T","$","M","M","M","?","R","B",null,"M","$","?","?","?","R","M","R","T","M","M","M","M","M","R","B"],"character_chosen":"THE_SILENT","items_purchased":["Poisoned Stab","Catalyst"],"campfire_rested":0,"item_purchase_floors":[5,27],"current_hp_per_floor":[70,70,59,44,44,44,44,40,40,40,40,40,47,46,46,29,84,84,84,84,78,74,74,58,58,58,58,58,55,55,55,55,50,84,84,84,84,74,74,84,84,84,84,83,83,83,81,80,84,38],"gold":95,"neow_bonus":"TEN_PERCENT_HP_BONUS","is_prod":false,"is_daily":false,"chose_seed":false,"campfire_upgraded":9,"win_rate":0,"timestamp":1541054735,"path_taken":["M","M","?","?","$","R","M","M","T","?","?","R","?","M","R","BOSS","M","M","$","M","M","R","M","R","T","$","M","M","?","?","R","BOSS","M","$","?","?","?","R","M","R","T","M","M","M","M","?","R","BOSS"],"build_version":"2018-10-25v2","purchased_purges":4,"victory":true,"max_hp_per_floor":[77,77,77,77,77,77,77,77,77,77,77,77,84,84,84,84,84,84,84,84,84,84,84,84,84,84,84,84,84,84,84,84,84,84,84,84,84,84,84,84,84,84,84,84,84,84,84,84,84,84],"card_choices":[{"not_picked":["Prepared","Endless Agony","Heel Hook"],"picked":"SKIP","floor":1},{"not_picked":["Masterful Stab","Backstab"],"picked":"Catalyst","floor":2},{"not_picked":["Deflect","Slice"],"picked":"Footwork","floor":7},{"not_picked":["Reflex","Bane","Blur"],"picked":"SKIP","floor":8},{"not_picked":["Acrobatics","Dagger Spray","Calculated Gamble"],"picked":"SKIP","floor":10},{"not_picked":["Backstab","Blade Dance"],"picked":"Backflip","floor":14},{"not_picked":["Tools of the Trade","Phantasmal Killer"],"picked":"Glass Knife","floor":16},{"not_picked":["Flying Knee","Tactician"],"picked":"Dodge and Roll+1","floor":18},{"not_picked":["Slice","Heel Hook","PiercingWail"],"picked":"SKIP","floor":19},{"not_picked":["Masterful Stab+1","Flying Knee+1","Riddle With Holes"],"picked":"SKIP","floor":21},{"not_picked":["Setup","Backstab","Finisher"],"picked":"SKIP","floor":22},{"not_picked":["Backstab+1","Slice+1","Prepared"],"picked":"SKIP","floor":24},{"not_picked":["All Out Attack","Dodge and Roll"],"picked":"Poisoned Stab","floor":28},{"not_picked":["Heel Hook","Outmaneuver+1","Blade Dance"],"picked":"SKIP","floor":29},{"not_picked":["Dagger Throw","Blade Dance"],"picked":"Poisoned Stab","floor":30},{"not_picked":["Glass Knife","Phantasmal Killer"],"picked":"Venomology","floor":33},{"not_picked":["Quick Slash","Flying Knee+1","Reflex"],"picked":"SKIP","floor":35},{"not_picked":["Deep Breath","Madness"],"picked":"Good Instincts","floor":38},{"not_picked":["Good Instincts","Purity"],"picked":"Panacea","floor":38},{"not_picked":["Panache","Mind Blast"],"picked":"The Bomb","floor":38},{"not_picked":["Slice","Blade Dance","Dagger Spray"],"picked":"SKIP","floor":41},{"not_picked":["Dagger Spray+1","Acrobatics+1","Riddle With Holes+1"],"picked":"SKIP","floor":44},{"not_picked":["Cloak And Dagger+1","Backstab+1","Underhanded Strike+1"],"picked":"SKIP","floor":45},{"not_picked":["Outmaneuver+1","Sucker Punch+1","Cloak And Dagger"],"picked":"SKIP","floor":46},{"not_picked":["Calculated Gamble+1","Outmaneuver+1","Blade Dance"],"picked":"SKIP","floor":47},{"not_picked":["Prepared+1","Eviscerate"],"picked":"Leg Sweep+1","floor":48}],"player_experience":804384,"relics_obtained":[{"floor":9,"key":"Anchor"},{"floor":13,"key":"Strawberry"},{"floor":26,"key":"Ancient Tea Set"},{"floor":31,"key":"Lantern"},{"floor":43,"key":"Incense Burner"}],"event_choices":[{"damage_healed":0,"gold_gain":75,"player_choice":"Gather Gold","damage_taken":11,"max_hp_gain":0,"max_hp_loss":0,"event_name":"World of Goop","floor":3,"gold_loss":0},{"damage_healed":0,"gold_gain":0,"player_choice":"Entered Light","damage_taken":15,"max_hp_gain":0,"max_hp_loss":0,"event_name":"Shining Light","floor":4,"gold_loss":0,"cards_upgraded":["Defend_G","Strike_G"]},{"damage_healed":0,"gold_gain":0,"player_choice":"Relic","damage_taken":0,"max_hp_gain":0,"max_hp_loss":0,"event_name":"Wheel of Change","floor":31,"gold_loss":0},{"damage_healed":0,"gold_gain":0,"player_choice":"Paid","damage_taken":0,"relics_obtained":["Red Mask"],"max_hp_gain":0,"max_hp_loss":0,"event_name":"Tomb of Lord Red Mask","floor":37,"gold_loss":140},{"damage_healed":0,"gold_gain":0,"player_choice":"Memory 3","damage_taken":10,"max_hp_gain":0,"max_hp_loss":0,"event_name":"SensoryStone","floor":38,"gold_loss":0},{"damage_healed":0,"gold_gain":0,"player_choice":"Ignored","damage_taken":0,"max_hp_gain":0,"max_hp_loss":0,"event_name":"Mysterious Sphere","floor":39,"gold_loss":0}],"is_beta":false,"boss_relics":[{"not_picked":["Fusion Hammer","Black Star"],"picked":"Velvet Choker"},{"not_picked":["WristBlade","Calling Bell"],"picked":"Eternal Feather"}],"items_purged_floors":[5,11,20,36],"is_endless":false,"potions_floor_spawned":[8,14,16,19,24,35,44,47,48],"ascension_level":0}