{"gold_per_floor":[155,155,430,449,467,545,545,545,545,595,468,578,578,30,30,155,155,198,37,56,93,156,265,265,321,321,375,425,494,561,621,621,724,724,724,22,22,40,155,155,212,212,212,265,370,424,424,92,92,117,192,192,192,58,89,89],"floor_reached":57,"playtime":5438,"items_purged":["Regret","Strike_R","Strike_R+1","Feel No Pain","Blood for Blood+1"],"score":3545,"play_id":"2e7640e3-b4f7-4aff-9699-da824ba3243a","local_time":"20190310135057","is_ascension_mode":true,"campfire_choices":[{"floor":7.0,"key":"REST"},{"data":"True Grit","floor":13.0,"key":"SMITH"},{"data":"Bash","floor":15.0,"key":"SMITH"},{"data":"Evolve","floor":32.0,"key":"SMITH"},{"data":"Burning Pact","floor":40.0,"key":"SMITH"},{"data":"Finesse","floor":42.0,"key":"SMITH"},{"floor":49.0,"key":"RECALL"},{"data":"Second Wind","floor":53.0,"key":"SMITH"}],"neow_cost":"CURSE","seed_source_timestamp":4826484874534,"circlet_count":0,"master_deck":["AscendersBane","Defend_R","Defend_R","Defend_R","Defend_R","Bash+1","Finesse+1","HandOfGreed+1","Parasite","Headbutt","Power Through","True Grit+1","Pommel Strike+1","Fiend Fire+1","Double Tap+1","Feel No Pain+1","Evolve+1","Second Wind+1","Dark Embrace+1","Burning Pact+1","Bloodletting+1"],"special_seed":0,"relics":["Burning Blood","Molten Egg 2","Whetstone","Meat on the Bone","Sundial","Gambling Chip","Astrolabe","Matryoshka","MutagenicStrength","Ancient Tea Set","Frozen Egg 2","Potion Belt","Orrery","PrismaticShard","Kunai","PreservedInsect","Ginger","Dodecahedron","Ice Cream","Orichalcum","Happy Flower","Mercury Hourglass"],"potions_floor_usage":[56,56,56,56],"damage_taken":[{"damage":0.0,"enemies":"Small Slimes","floor":1.0,"turns":4.0},{"damage":3.0,"enemies":"Cultist","floor":4.0,"turns":4.0},{"damage":12.0,"enemies":"Jaw Worm","floor":5.0,"turns":3.0},{"damage":33.0,"enemies":"3 Sentries","floor":6.0,"turns":10.0},{"damage":32.0,"enemies":"Gremlin Nob","floor":10.0,"turns":4.0},{"damage":8.0,"enemies":"Gremlin Gang","floor":12.0,"turns":7.0},{"damage":0.0,"enemies":"Slime Boss","floor":16.0,"turns":10.0},{"damage":14.0,"enemies":"Shell Parasite","floor":18.0,"turns":3.0},{"damage":0.0,"enemies":"Spheric Guardian","floor":20.0,"turns":1.0},{"damage":0.0,"enemies":"Snecko","floor":21.0,"turns":5.0},{"damage":0.0,"enemies":"Centurion and Healer","floor":22.0,"turns":13.0},{"damage":14.0,"enemies":"Slavers","floor":23.0,"turns":6.0},{"damage":3.0,"enemies":"Gremlin Leader","floor":25.0,"turns":6.0},{"damage":41.0,"enemies":"Book of Stabbing","floor":27.0,"turns":6.0},{"damage":1.0,"enemies":"Sentry and Sphere","floor":29.0,"turns":6.0},{"damage":21.0,"enemies":"Shelled Parasite and Fungi","floor":30.0,"turns":6.0},{"damage":0.0,"enemies":"Chosen and Byrds","floor":31.0,"turns":6.0},{"damage":0.0,"enemies":"Automaton","floor":33.0,"turns":5.0},{"damage":0.0,"enemies":"3 Darklings","floor":35.0,"turns":1.0},{"damage":0.0,"enemies":"Orb Walker","floor":38.0,"turns":3.0},{"damage":7.0,"enemies":"4 Shapes","floor":39.0,"turns":7.0},{"damage":0.0,"enemies":"Giant Head","floor":41.0,"turns":4.0},{"damage":6.0,"enemies":"Nemesis","floor":44.0,"turns":3.0},{"damage":7.0,"enemies":"2 Orb Walkers","floor":45.0,"turns":3.0},{"damage":6.0,"enemies":"Reptomancer","floor":46.0,"turns":3.0},{"damage":0.0,"enemies":"3 Darklings","floor":47.0,"turns":1.0},{"damage":0.0,"enemies":"Time Eater","floor":50.0,"turns":11.0},{"damage":10.0,"enemies":"Awakened One","floor":51.0,"turns":4.0},{"damage":3.0,"enemies":"Shield and Spear","floor":55.0,"turns":2.0},{"damage":0,"enemies":"The Heart","floor":56,"turns":6}],"seed_played":"3465420028577177448","potions_obtained":[{"floor":4.0,"key":"SmokeBomb"},{"floor":5.0,"key":"Weak Potion"},{"floor":20.0,"key":"Energy Potion"},{"floor":21.0,"key":"BloodPotion"},{"floor":22.0,"key":"Fruit Juice"},{"floor":31.0,"key":"SmokeBomb"},{"floor":33.0,"key":"Dexterity Potion"},{"floor":38.0,"key":"SpeedPotion"},{"floor":45.0,"key":"SmokeBomb"},{"floor":46.0,"key":"Poison Potion"},{"floor":55.0,"key":"Energy Potion"}],"is_trial":false,"path_per_floor":["M","?","?","M","M","E","R","T","T","E","$","M","R","$","R","B",null,"M","$","M","M","M","E","?","E","T","E","?","M","M","M","R","B",null,"M","$","?","M","M","R","E","R","T","E","?","E","M","$","R","B","B",null,"R","$","E","B",null],"character_chosen":"IRONCLAD","items_purchased":["True Grit","Gambling Chip","Pommel Strike+1","SkillPotion","Evolve","PrismaticShard","Dark Embrace+1","Burning Pact","GamblersBrew","Happy Flower","LiquidBronze","Weak Potion"],"campfire_rested":1,"item_purchase_floors":[11,14,14,14,19,36,36,36,36,48,54,54],"current_hp_per_floor":[74,74,74,75,69,42,64,64,64,50,50,48,48,48,48,54,70,62,62,68,74,80,72,72,75,75,52,44,49,46,52,52,58,75,80,80,76,76,75,75,76,76,76,76,75,75,76,76,76,76,72,75,75,75,76,76],"gold":89,"neow_bonus":"RANDOM_COLORLESS_2","is_prod":false,"is_daily":false,"chose_seed":false,"campfire_upgraded":6,"win_rate":0,"timestamp":1552197057,"path_taken":["M","?","?","?","M","E","R","?","T","E","$","M","R","$","R","BOSS","M","$","?","M","M","E","?","E","T","E","?","M","?","M","R","BOSS","M","$","?","M","M","R","E","R","T","E","?","E","M","$","R","BOSS","BOSS","R","$","E","BOSS"],"build_version":"2019-01-23","purchased_purges":5,"victory":true,"max_hp_per_floor":[75,75,75,75,75,75,75,75,75,75,75,75,75,75,75,75,75,75,75,75,75,80,80,80,80,80,80,80,80,80,80,80,80,80,80,80,76,76,76,76,76,76,76,76,76,76,76,76,76,76,76,76,76,76,76,76],"card_choices":[{"not_picked":["Clash","Clothesline","Entrench"],"picked":"SKIP","floor":1.0},{"not_picked":["Disarm","Perfected Strike"],"picked":"Feel No Pain","floor":4.0},{"not_picked":["Cleave","Shrug It Off"],"picked":"Headbutt","floor":5.0},{"not_picked":["Sentinel","Body Slam","Berserk"],"picked":"SKIP","floor":6.0},{"not_picked":["Disarm","Thunderclap+1"],"picked":"Power Through","floor":10.0},{"not_picked":["Clothesline+1","Rupture","Havoc"],"picked":"SKIP","floor":12.0},{"not_picked":["Juggernaut","Barricade"],"picked":"Fiend Fire+1","floor":16.0},{"not_picked":["Havoc","Sword Boomerang+1","Bloodletting"],"picked":"SKIP","floor":18.0},{"not_picked":["Infernal Blade","Shrug It Off"],"picked":"Second Wind","floor":20.0},{"not_picked":["Spot Weakness","Flex+1","Wild Strike+1"],"picked":"SKIP","floor":21.0},{"not_picked":["Pommel Strike+1","Armaments","Sword Boomerang+1"],"picked":"SKIP","floor":22.0},{"not_picked":["Havoc","Iron Wave+1","Cleave+1"],"picked":"SKIP","floor":23.0},{"not_picked":["Twin Strike+1","Heavy Blade+1","Sword Boomerang+1"],"picked":"SKIP","floor":25.0},{"not_picked":["Ghostly Armor","Metallicize+1","Shrug It Off"],"picked":"SKIP","floor":27.0},{"not_picked":["Fiend Fire+1","Body Slam+1","Wild Strike+1"],"picked":"SKIP","floor":29.0},{"not_picked":["Shrug It Off","Clash+1","Second Wind"],"picked":"SKIP","floor":30.0},{"not_picked":["Havoc","Rampage+1","Bloodletting"],"picked":"SKIP","floor":31.0},{"not_picked":["Searing Blow+1","Flying Knee+1","Conserve Battery"],"picked":"SKIP","floor":38.0},{"not_picked":["Hello World+1","Metallicize+1","Bane+1"],"picked":"SKIP","floor":39.0},{"not_picked":["HandOfGreed+1","Stack"],"picked":"Bloodletting+1","floor":41.0},{"not_picked":["Go for the Eyes+1","Sucker Punch+1","Swift Strike+1"],"picked":"SKIP","floor":44.0},{"not_picked":["Inflame+1","Shrug It Off","Immolate+1"],"picked":"SKIP","floor":46.0},{"not_picked":["Corruption+1","Sucker Punch+1","Underhanded Strike+1"],"picked":"SKIP","floor":55.0},{"not_picked":["Corruption+1","Sucker Punch+1","Underhanded Strike+1"],"picked":"SKIP","floor":55.0}],"player_experience":3459545,"relics_obtained":[{"floor":6.0,"key":"Molten Egg 2"},{"floor":8.0,"key":"Whetstone"},{"floor":9.0,"key":"Meat on the Bone"},{"floor":10.0,"key":"Sundial"},{"floor":23.0,"key":"Matryoshka"},{"floor":25.0,"key":"Ancient Tea Set"},{"floor":26.0,"key":"Frozen Egg 2"},{"floor":27.0,"key":"Potion Belt"},{"floor":41.0,"key":"Kunai"},{"floor":43.0,"key":"PreservedInsect"},{"floor":43.0,"key":"Ginger"},{"floor":44.0,"key":"Dodecahedron"},{"floor":45.0,"key":"Ice Cream"},{"floor":46.0,"key":"Orichalcum"},{"floor":55.0,"key":"Mercury Hourglass"}],"event_choices":[{"damage_healed":0.0,"max_hp_gain":0.0,"max_hp_loss":0.0,"gold_gain":0.0,"event_name":"Living Wall","player_choice":"Grow","floor":2.0,"gold_loss":0.0,"damage_taken":0.0,"cards_upgraded":["HandOfGreed"]},{"damage_healed":0.0,"max_hp_gain":0.0,"max_hp_loss":0.0,"gold_gain":275.0,"event_name":"Golden Shrine","player_choice":"Desecrate","floor":3.0,"gold_loss":0.0,"damage_taken":0.0,"cards_obtained":["Regret"]},{"damage_healed":0.0,"max_hp_gain":0.0,"max_hp_loss":0.0,"gold_gain":0.0,"event_name":"Drug Dealer","player_choice":"Inject Mutagens","floor":24.0,"gold_loss":0.0,"damage_taken":0.0,"relics_obtained":["MutagenicStrength"]},{"damage_healed":0.0,"max_hp_gain":0.0,"max_hp_loss":0.0,"gold_gain":50.0,"event_name":"FaceTrader","player_choice":"Touch","floor":28.0,"gold_loss":0.0,"damage_taken":8.0},{"damage_healed":0.0,"max_hp_gain":0.0,"max_hp_loss":4.0,"gold_gain":0.0,"event_name":"Winding Halls","player_choice":"Max HP","floor":37.0,"gold_loss":0.0,"damage_taken":0.0},{"damage_healed":0.0,"max_hp_gain":0.0,"max_hp_loss":0.0,"gold_gain":0.0,"event_name":"Mysterious Sphere","player_choice":"Fight","floor":45.0,"gold_loss":0.0,"damage_taken":0.0}],"is_beta":false,"boss_relics":[{"not_picked":["Ectoplasm","Lizard Tail"],"picked":"Astrolabe"},{"not_picked":["Calling Bell","Pandora\u0027s Box"],"picked":"Orrery"}],"items_purged_floors":[11,14,19,36,48],"is_endless":false,"potions_floor_spawned":[4,5,10,20,21,22,31,33,35,38,45,46,55],"ascension_level":20}