{"gold_per_floor":[211,386,67,67,67,67,13,13,13,27,47,47,47,65,65,168,168,181,41,54,65,65,65,76,76,76,76,76,76,155,174,174,279,279,298,298,317,158,158,174,174,24,24,24,24,38,38,55,55,55],"floor_reached":51,"playtime":2705,"items_purged":["Doubt","Strike_G","Strike_G","Strike_G"],"score":608,"play_id":"b33ca24d-74cf-4ce6-9665-16d0f1d5e043","local_time":"20181103203125","is_ascension_mode":false,"campfire_choices":[{"data":"Neutralize","floor":6.0,"key":"SMITH"},{"data":"Survivor","floor":8.0,"key":"SMITH"},{"data":"Defend_G","floor":13.0,"key":"SMITH"},{"data":"Noxious Fumes","floor":15.0,"key":"SMITH"},{"data":"Well Laid Plans","floor":23.0,"key":"SMITH"},{"data":"Defend_G","floor":25.0,"key":"SMITH"},{"data":"Defend_G","floor":28.0,"key":"SMITH"},{"data":"Defend_G","floor":32.0,"key":"SMITH"},{"data":"Footwork","floor":41.0,"key":"SMITH"},{"data":"Defend_G","floor":44.0,"key":"SMITH"},{"floor":49,"key":"REST"}],"neow_cost":"NONE","seed_source_timestamp":0,"circlet_count":0,"master_deck":["Defend_G+1","Defend_G+1","Defend_G+1","Defend_G+1","Defend_G+1","Survivor+1","Neutralize+1","Cloak And Dagger+1","Deadly Poison+1","Noxious Fumes+1","Adrenaline+1","Cloak And Dagger+1","Well Laid Plans+1","Deflect+1","Deflect+1","J.A.X.+1","Dodge and Roll+1","Burst+1","Dodge and Roll+1","Footwork+1","Cloak And Dagger+1","Parasite","PiercingWail+1","Deflect+1"],"special_seed":0,"relics":["Ring of the Snake","Toxic Egg 2","Pantograph","Philosopher\u0027s Stone","Darkstone Periapt","Mercury Hourglass","Gremlin Horn","Runic Pyramid","Matryoshka"],"potions_floor_usage":[50],"damage_taken":[{"damage":0.0,"enemies":"Jaw Worm","floor":1.0,"turns":5.0},{"damage":0.0,"enemies":"2 Louse","floor":10.0,"turns":3.0},{"damage":0.0,"enemies":"Cultist","floor":11.0,"turns":4.0},{"damage":0.0,"enemies":"Large Slime","floor":14.0,"turns":6.0},{"damage":48.0,"enemies":"Slime Boss","floor":16.0,"turns":10.0},{"damage":2.0,"enemies":"Shell Parasite","floor":18.0,"turns":5.0},{"damage":11.0,"enemies":"Spheric Guardian","floor":20.0,"turns":5.0},{"damage":4.0,"enemies":"Snecko","floor":21.0,"turns":6.0},{"damage":4.0,"enemies":"Snake Plant","floor":24.0,"turns":6.0},{"damage":8.0,"enemies":"Sentry and Sphere","floor":31.0,"turns":5.0},{"damage":30.0,"enemies":"Champ","floor":33.0,"turns":11.0},{"damage":0.0,"enemies":"3 Shapes","floor":35.0,"turns":4.0},{"damage":0.0,"enemies":"3 Darklings","floor":37.0,"turns":5.0},{"damage":0.0,"enemies":"Jaw Worm Horde","floor":40.0,"turns":8.0},{"damage":0.0,"enemies":"Writhing Mass","floor":46.0,"turns":10.0},{"damage":0.0,"enemies":"3 Darklings","floor":48.0,"turns":6.0},{"damage":33,"enemies":"Time Eater","floor":50,"turns":15}],"seed_played":"-4318493285928111979","potions_obtained":[{"floor":1.0,"key":"GhostInAJar"},{"floor":18.0,"key":"Weak Potion"},{"floor":20.0,"key":"Regen Potion"},{"floor":24.0,"key":"PowerPotion"}],"is_trial":false,"path_per_floor":["M","?","$","?","?","R","$","R","T","M","M","?","R","M","R","B",null,"M","$","M","M","$","R","M","R","T","?","R","?","T","M","R","B",null,"M","?","M","$","?","M","R","$","T","R","?","M","$","M","M","R","B",null],"character_chosen":"THE_SILENT","items_purchased":["Toxic Egg 2","Cloak And Dagger+1","Well Laid Plans","Footwork"],"campfire_rested":1,"item_purchase_floors":[3,7,19,38],"current_hp_per_floor":[70,70,70,75,75,75,75,75,75,75,75,75,75,75,75,27,75,73,73,62,71,71,71,67,67,67,67,67,67,67,59,59,45,75,75,75,75,75,75,75,75,75,75,75,71,77,77,77,77,44],"gold":55,"neow_bonus":"HUNDRED_GOLD","is_prod":false,"is_daily":false,"chose_seed":false,"campfire_upgraded":10,"win_rate":0,"timestamp":1541248285,"path_taken":["M","?","$","?","?","R","$","R","T","?","M","?","R","M","R","BOSS","M","$","?","M","$","R","M","R","T","?","R","?","?","?","R","BOSS","M","?","M","?","?","M","R","$","T","R","?","M","$","M","R","BOSS"],"build_version":"2018-11-01","purchased_purges":4,"victory":true,"max_hp_per_floor":[70,70,70,75,75,75,75,75,75,75,75,75,75,75,75,75,75,75,75,75,75,75,75,75,75,75,75,75,75,75,75,75,75,75,75,75,75,75,75,75,75,75,75,75,71,77,77,77,77,77],"card_choices":[{"not_picked":["Prepared","Slice","Distraction"],"picked":"SKIP","floor":1.0},{"not_picked":["Endless Agony","Underhanded Strike","Concentrate+1"],"picked":"SKIP","floor":10.0},{"not_picked":["Sucker Punch","Dagger Spray"],"picked":"Deadly Poison+1","floor":11.0},{"not_picked":["Storm of Steel+1","Quick Slash"],"picked":"Noxious Fumes","floor":14.0},{"not_picked":["Unload","Phantasmal Killer+1"],"picked":"Adrenaline+1","floor":16.0},{"not_picked":["Acrobatics+1","Tactician+1"],"picked":"Cloak And Dagger+1","floor":18.0},{"not_picked":["Caltrops+1","Poisoned Stab+1"],"picked":"Deflect+1","floor":20.0},{"not_picked":["Outmaneuver+1","Sucker Punch+1","Deflect+1"],"picked":"SKIP","floor":21.0},{"not_picked":["Outmaneuver+1","Sucker Punch+1"],"picked":"Deflect+1","floor":21.0},{"not_picked":["Tactician+1","Outmaneuver+1","Dagger Spray"],"picked":"SKIP","floor":24.0},{"not_picked":["PiercingWail+1","Tactician+1"],"picked":"Dodge and Roll+1","floor":31.0},{"not_picked":["Adrenaline+1","Phantasmal Killer+1"],"picked":"Burst+1","floor":33.0},{"not_picked":["Prepared+1","Outmaneuver+1","All Out Attack"],"picked":"SKIP","floor":35.0},{"not_picked":["Slice","Reflex+1"],"picked":"Dodge and Roll+1","floor":37.0},{"not_picked":["Acrobatics+1","Reflex+1"],"picked":"Cloak And Dagger+1","floor":40.0},{"not_picked":["Choke","Slice"],"picked":"PiercingWail+1","floor":46.0},{"not_picked":["All Out Attack","Bane+1"],"picked":"Deflect+1","floor":48}],"player_experience":835010,"relics_obtained":[{"floor":9.0,"key":"Pantograph"},{"floor":26.0,"key":"Darkstone Periapt"},{"floor":30.0,"key":"Gremlin Horn"},{"floor":43.0,"key":"Matryoshka"}],"event_choices":[{"damage_healed":0.0,"max_hp_gain":0.0,"max_hp_loss":0.0,"gold_gain":175.0,"event_name":"Liars Game","player_choice":"AGREE","floor":2.0,"gold_loss":0.0,"damage_taken":0.0,"cards_obtained":["Doubt"]},{"damage_healed":0.0,"max_hp_gain":5.0,"max_hp_loss":0.0,"gold_gain":0.0,"event_name":"Big Fish","player_choice":"Donut","floor":4.0,"gold_loss":0.0,"damage_taken":0.0},{"damage_healed":0.0,"max_hp_gain":0.0,"max_hp_loss":0.0,"gold_gain":0.0,"event_name":"Wheel of Change","player_choice":"Full Heal","floor":5.0,"gold_loss":0.0,"damage_taken":0.0},{"cards_removed":["Strike_G"],"damage_healed":0.0,"max_hp_gain":0.0,"max_hp_loss":0.0,"gold_gain":0.0,"event_name":"Bonfire Elementals","player_choice":"Offered Basic","floor":12.0,"gold_loss":0.0,"damage_taken":0.0},{"damage_healed":0.0,"max_hp_gain":0.0,"max_hp_loss":0.0,"gold_gain":0.0,"event_name":"Drug Dealer","player_choice":"Obtain J.A.X.","floor":27.0,"gold_loss":0.0,"damage_taken":0.0,"cards_obtained":["J.A.X."]},{"damage_healed":0.0,"max_hp_gain":0.0,"max_hp_loss":0.0,"gold_gain":0.0,"event_name":"The Mausoleum","player_choice":"Opened","floor":29.0,"gold_loss":0.0,"damage_taken":0.0,"relics_obtained":["Mercury Hourglass"]},{"damage_healed":0.0,"max_hp_gain":0.0,"max_hp_loss":0.0,"gold_gain":0.0,"event_name":"Mysterious Sphere","player_choice":"Ignored","floor":36.0,"gold_loss":0.0,"damage_taken":0.0},{"cards_removed":["Strike_G"],"damage_healed":0.0,"max_hp_gain":0.0,"max_hp_loss":0.0,"gold_gain":0.0,"event_name":"Falling","player_choice":"Removed Attack","floor":39.0,"gold_loss":0.0,"damage_taken":0.0},{"damage_healed":0.0,"max_hp_gain":0.0,"max_hp_loss":4.0,"gold_gain":0.0,"event_name":"Winding Halls","player_choice":"Max HP","floor":45.0,"gold_loss":0.0,"damage_taken":0.0}],"is_beta":false,"boss_relics":[{"not_picked":["Ring of the Serpent","Velvet Choker"],"picked":"Philosopher\u0027s Stone"},{"not_picked":["Busted Crown","Orrery"],"picked":"Runic Pyramid"}],"items_purged_floors":[3,19,38,42],"is_endless":false,"potions_floor_spawned":[1,18,20,24,33,35,48],"ascension_level":0}