{"gold_per_floor":[14,14,33,54,67,67,101,101,150,221,261,436,9,52,52,172,172,191,141,141,175,195,195,195,233,233,233,276,296,296],"floor_reached":30,"playtime":1003,"items_purged":["Doubt","Strike_G"],"score":518,"play_id":"dafd1480-5974-45c4-a1fd-8aa41527a5b8","local_time":"20190729210245","is_ascension_mode":true,"campfire_choices":[{"data":"Well Laid Plans","floor":6.0,"key":"SMITH"},{"data":"Masterful Stab","floor":8.0,"key":"SMITH"},{"data":"Neutralize","floor":15.0,"key":"SMITH"},{"data":"Flechettes","floor":23.0,"key":"SMITH"},{"floor":27.0,"key":"REST"}],"neow_cost":"NO_GOLD","seed_source_timestamp":89319584108069,"circlet_count":0,"master_deck":["AscendersBane","Strike_G","Strike_G","Defend_G+1","Defend_G","Defend_G","Defend_G","Defend_G+1","Survivor","Neutralize+1","Masterful Stab+1","Deadly Poison","Well Laid Plans+1","Escape Plan","Impatience","Flechettes+1","Acrobatics","Reflex","Prepared"],"special_seed":0,"relics":["Ring of the Snake","Golden Idol","Ninja Scroll","War Paint","Bag of Marbles","Calipers","Medical Kit","Smiling Mask","Orrery","Red Mask","Nunchaku","Bird Faced Urn","Dodecahedron"],"potions_floor_usage":[29],"damage_taken":[{"damage":12.0,"enemies":"Small Slimes","floor":1.0,"turns":7.0},{"damage":0.0,"enemies":"2 Louse","floor":3.0,"turns":4.0},{"damage":0.0,"enemies":"Cultist","floor":4.0,"turns":3.0},{"damage":4.0,"enemies":"Exordium Wildlife","floor":5.0,"turns":7.0},{"damage":24.0,"enemies":"3 Sentries","floor":7.0,"turns":12.0},{"damage":10.0,"enemies":"Gremlin Nob","floor":10.0,"turns":3.0},{"damage":11.0,"enemies":"Lagavulin","floor":11.0,"turns":6.0},{"damage":5.0,"enemies":"3 Sentries","floor":14.0,"turns":9.0},{"damage":0.0,"enemies":"The Guardian","floor":16.0,"turns":10.0},{"damage":3.0,"enemies":"Spheric Guardian","floor":18.0,"turns":3.0},{"damage":40.0,"enemies":"Masked Bandits","floor":21.0,"turns":5.0},{"damage":3.0,"enemies":"Shell Parasite","floor":22.0,"turns":4.0},{"damage":18.0,"enemies":"Book of Stabbing","floor":25.0,"turns":5.0},{"damage":15,"enemies":"Gremlin Leader","floor":28,"turns":4},{"damage":12,"enemies":"Sentry and Sphere","floor":29,"turns":7},{"damage":2,"enemies":"Book of Stabbing","floor":30,"turns":4}],"seed_played":"7117870762063526755","potions_obtained":[{"floor":1.0,"key":"Strength Potion"},{"floor":5.0,"key":"Regen Potion"},{"floor":16.0,"key":"FairyPotion"},{"floor":18.0,"key":"PowerPotion"},{"floor":28,"key":"PowerPotion"}],"is_trial":false,"path_per_floor":["M","?","M","M","M","R","E","R","T","?","E","?","$","E","R","B",null,"M","$","?","?","M","R","?","E","T","R","E","M","E"],"character_chosen":"THE_SILENT","items_purchased":["Impatience","Medical Kit","Block Potion"],"campfire_rested":1,"item_purchase_floors":[13,13,13],"current_hp_per_floor":[51,51,51,51,47,47,38,38,38,28,17,17,17,12,12,12,52,49,49,49,9,6,6,6,6,6,25,12,4,4],"gold":296,"neow_bonus":"REMOVE_TWO","is_prod":false,"is_daily":false,"chose_seed":false,"campfire_upgraded":4,"win_rate":0,"timestamp":1564401765,"path_taken":["M","?","M","M","M","R","E","R","T","?","E","?","$","E","R","BOSS","M","$","?","?","M","R","?","E","T","R","E","M","E"],"build_version":"2019-07-17","purchased_purges":2,"victory":false,"max_hp_per_floor":[70,65,65,65,65,65,65,65,65,65,65,65,65,65,65,65,65,65,65,65,65,65,65,65,65,65,65,65,65,65],"card_choices":[{"not_picked":["Dagger Throw","Acrobatics"],"picked":"Masterful Stab","floor":1.0},{"not_picked":["Poisoned Stab","Flying Knee"],"picked":"Deadly Poison","floor":3.0},{"not_picked":["Blade Dance","Cloak And Dagger","Skewer"],"picked":"SKIP","floor":4.0},{"not_picked":["Acrobatics","Underhanded Strike"],"picked":"Well Laid Plans","floor":5.0},{"not_picked":["Blade Dance","Backflip","Dash"],"picked":"SKIP","floor":7.0},{"not_picked":["Dagger Throw","Terror"],"picked":"Escape Plan","floor":10.0},{"not_picked":["Blade Dance","Deadly Poison","All Out Attack"],"picked":"SKIP","floor":11.0},{"not_picked":["Leg Sweep","Riddle With Holes","Setup"],"picked":"SKIP","floor":14.0},{"not_picked":["Deflect","Dodge and Roll"],"picked":"Flechettes","floor":17.0},{"not_picked":["Setup","PiercingWail"],"picked":"Acrobatics","floor":17.0},{"not_picked":["Underhanded Strike+1","Masterful Stab+1","Blade Dance"],"picked":"SKIP","floor":18.0},{"not_picked":["Underhanded Strike","Quick Slash","Accuracy+1"],"picked":"SKIP","floor":22.0},{"not_picked":["Noxious Fumes","Heel Hook","Terror+1"],"picked":"SKIP","floor":25.0},{"not_picked":["All Out Attack","Poisoned Stab"],"picked":"Reflex","floor":28},{"not_picked":["Endless Agony","Terror"],"picked":"Prepared","floor":29}],"player_experience":678466,"relics_obtained":[{"floor":7.0,"key":"Ninja Scroll"},{"floor":9.0,"key":"War Paint"},{"floor":10.0,"key":"Bag of Marbles"},{"floor":11.0,"key":"Calipers"},{"floor":14.0,"key":"Smiling Mask"},{"floor":21.0,"key":"Red Mask"},{"floor":25.0,"key":"Nunchaku"},{"floor":26.0,"key":"Bird Faced Urn"},{"floor":28,"key":"Dodecahedron"}],"event_choices":[{"damage_healed":0.0,"max_hp_gain":0.0,"max_hp_loss":5.0,"gold_gain":0.0,"event_name":"Golden Idol","player_choice":"Lose Max HP","floor":2.0,"gold_loss":0.0,"damage_taken":0.0,"relics_obtained":["Golden Idol"]},{"damage_healed":0.0,"max_hp_gain":0.0,"max_hp_loss":0.0,"gold_gain":30.0,"event_name":"Dead Adventurer","player_choice":"Searched \u00272\u0027 times","floor":10.0,"gold_loss":0.0,"damage_taken":0.0},{"damage_healed":0.0,"max_hp_gain":0.0,"max_hp_loss":0.0,"gold_gain":175.0,"event_name":"Liars Game","player_choice":"AGREE","floor":12.0,"gold_loss":0.0,"damage_taken":0.0,"cards_obtained":["Doubt"]},{"damage_healed":0.0,"max_hp_gain":0.0,"max_hp_loss":0.0,"gold_gain":0.0,"event_name":"The Mausoleum","player_choice":"Ignored","floor":20.0,"gold_loss":0.0,"damage_taken":0.0},{"damage_healed":0.0,"max_hp_gain":0.0,"max_hp_loss":0.0,"gold_gain":0.0,"event_name":"Masked Bandits","player_choice":"Fought Bandits","floor":21.0,"gold_loss":0.0,"damage_taken":0.0},{"damage_healed":0.0,"max_hp_gain":0.0,"max_hp_loss":0.0,"gold_gain":0.0,"event_name":"N\u0027loth","player_choice":"Ignored","floor":24.0,"gold_loss":0.0,"damage_taken":0.0}],"is_beta":false,"boss_relics":[{"not_picked":["HoveringKite","Lizard Tail"],"picked":"Orrery"}],"items_purged_floors":[13,19],"is_endless":false,"potions_floor_spawned":[1,5,16,18,28],"killed_by":"Book of Stabbing","ascension_level":11}