{"gold_per_floor":[109,126,126,138,150,150,177,236,309,309,309,70,70,80,80,159,159,169,189,189,208,123,123,149,159,183,209,209,234,234,251,251,326,326,346,361,50,63,63,75,75,107,131,159,34,34,134,183,183,183,183],"floor_reached":51,"playtime":3078,"items_purged":["Regret","Strike_R","Strike_R"],"score":1626,"play_id":"9ce80bf5-3879-4740-aa74-daf06a610cd5","local_time":"20190718211437","is_ascension_mode":true,"campfire_choices":[{"data":"Bash","floor":6,"key":"SMITH"},{"data":"Disarm","floor":13,"key":"SMITH"},{"data":"Juggernaut","floor":15,"key":"SMITH"},{"floor":23,"key":"REST"},{"data":"Corruption","floor":28,"key":"SMITH"},{"data":"Offering","floor":30,"key":"SMITH"},{"floor":32,"key":"REST"},{"floor":41,"key":"RECALL"},{"data":"Feel No Pain","floor":46,"key":"SMITH"},{"data":"Strike_R","floor":49,"key":"PURGE"}],"neow_cost":"NONE","seed_source_timestamp":126498848623854,"circlet_count":0,"master_deck":["AscendersBane","Strike_R","Strike_R","Defend_R","Defend_R","Defend_R","Bash+1","Battle Trance","Juggernaut+1","Corruption+1","Pommel Strike","Disarm+1","Shrug It Off","Feel No Pain+1","Feed","Shrug It Off","Cleave","Offering+1","Immolate","Warcry","Sentinel","Offering","Disarm","Inflame","Offering"],"relics":["Burning Blood","Magic Flower","Pen Nib","Paper Frog","Prayer Wheel","Strawberry","Busted Crown","Juzu Bracelet","Unceasing Top","Dream Catcher","Question Card","Anchor","Sozu","Medical Kit","Orichalcum","Bag of Marbles","Peace Pipe","Bird Faced Urn"],"potions_floor_usage":[7,8,21,24,24,27,29,33],"damage_taken":[{"damage":15,"enemies":"Small Slimes","floor":1,"turns":4},{"damage":6,"enemies":"Cultist","floor":2,"turns":3},{"damage":2,"enemies":"Jaw Worm","floor":4,"turns":3},{"damage":5,"enemies":"2 Fungi Beasts","floor":5,"turns":4},{"damage":8,"enemies":"Gremlin Nob","floor":7,"turns":3},{"damage":29,"enemies":"Gremlin Nob","floor":8,"turns":4},{"damage":12,"enemies":"3 Louse","floor":14,"turns":6},{"damage":54,"enemies":"Hexaghost","floor":16,"turns":12},{"damage":13,"enemies":"Spheric Guardian","floor":18,"turns":4},{"damage":6,"enemies":"Chosen","floor":19,"turns":4},{"damage":23,"enemies":"Snecko","floor":21,"turns":5},{"damage":30,"enemies":"Slavers","floor":24,"turns":4},{"damage":26,"enemies":"Shelled Parasite and Fungi","floor":25,"turns":4},{"damage":11,"enemies":"Book of Stabbing","floor":27,"turns":5},{"damage":17,"enemies":"Gremlin Leader","floor":29,"turns":4},{"damage":2,"enemies":"Centurion and Healer","floor":31,"turns":4},{"damage":80,"enemies":"Collector","floor":33,"turns":8},{"damage":0,"enemies":"Orb Walker","floor":35,"turns":3},{"damage":45,"enemies":"3 Darklings","floor":36,"turns":5},{"damage":12,"enemies":"Jaw Worm Horde","floor":38,"turns":3},{"damage":14,"enemies":"Writhing Mass","floor":40,"turns":4},{"damage":12,"enemies":"Nemesis","floor":42,"turns":5},{"damage":18,"enemies":"Giant Head","floor":44,"turns":4},{"damage":18,"enemies":"Mind Bloom Boss Battle","floor":47,"turns":3},{"damage":18,"enemies":"2 Orb Walkers","floor":48,"turns":2},{"damage":51,"enemies":"Donu and Deca","floor":50,"turns":7},{"damage":79,"enemies":"Awakened One","floor":51,"turns":3}],"seed_played":"2726242015172056224","potions_obtained":[{"floor":2,"key":"SteroidPotion"},{"floor":7,"key":"EssenceOfSteel"},{"floor":8,"key":"Dexterity Potion"},{"floor":16,"key":"Block Potion"},{"floor":21,"key":"Regen Potion"},{"floor":24,"key":"SkillPotion"},{"floor":27,"key":"SkillPotion"},{"floor":29,"key":"Explosive Potion"}],"is_trial":false,"path_per_floor":["M","M","?","M","M","R","E","?","T","?","?","$","R","M","R","B",null,"M","M","?","M","?","R","E","M","T","E","R","E","R","M","R","B",null,"M","M","$","M","?","M","R","E","T","E","$","R","?","?","R","B","B"],"character_chosen":"IRONCLAD","items_purchased":["Feel No Pain","Feed","Medical Kit"],"campfire_rested":2,"item_purchase_floors":[12,12,37],"current_hp_per_floor":[66,66,66,70,71,71,69,49,49,49,56,56,56,58,58,13,72,73,81,52,38,38,68,71,59,59,57,57,49,49,56,88,17,86,95,64,64,66,115,110,110,107,107,98,98,98,94,90,90,60,0],"gold":183,"neow_bonus":"TEN_PERCENT_HP_BONUS","is_prod":false,"is_daily":false,"chose_seed":false,"campfire_upgraded":6,"win_rate":0,"timestamp":1563477277,"path_taken":["M","M","?","M","?","R","E","?","T","?","?","$","R","?","R","BOSS","M","M","?","M","?","R","E","M","T","E","R","E","R","M","R","BOSS","M","M","$","M","?","M","R","E","T","E","$","R","?","?","R","BOSS","BOSS"],"build_version":"2019-07-17","purchased_purges":3,"victory":false,"max_hp_per_floor":[82,82,82,82,82,82,82,82,82,82,89,89,89,92,92,92,92,95,98,103,103,103,103,106,109,109,109,109,109,109,109,109,109,109,109,112,112,115,115,115,115,115,115,115,115,115,118,121,121,121,121],"card_choices":[{"not_picked":["Shrug It Off","Iron Wave"],"picked":"Pommel Strike","floor":1},{"not_picked":["True Grit","Infernal Blade"],"picked":"Battle Trance","floor":2},{"not_picked":["Reckless Charge","Hemokinesis"],"picked":"Corruption","floor":4},{"not_picked":["Dropkick","Clash"],"picked":"Pommel Strike","floor":5},{"not_picked":["True Grit","Corruption"],"picked":"Disarm","floor":7},{"not_picked":["Anger","Evolve"],"picked":"Shrug It Off","floor":8},{"not_picked":["Wild Strike","Bloodletting"],"picked":"Shrug It Off","floor":14},{"not_picked":["Dark Embrace","Power Through"],"picked":"Cleave","floor":14},{"not_picked":["Berserk","Double Tap"],"picked":"Offering","floor":16},{"not_picked":["Pommel Strike"],"picked":"SKIP","floor":18},{"not_picked":["Thunderclap"],"picked":"SKIP","floor":18},{"not_picked":["Heavy Blade"],"picked":"SKIP","floor":19},{"not_picked":["Body Slam"],"picked":"SKIP","floor":19},{"not_picked":[],"picked":"Immolate","floor":21},{"not_picked":["Dropkick"],"picked":"SKIP","floor":21},{"not_picked":["Flex"],"picked":"SKIP","floor":24},{"not_picked":["Cleave"],"picked":"SKIP","floor":25},{"not_picked":["Clash"],"picked":"SKIP","floor":25},{"not_picked":[],"picked":"Warcry","floor":27},{"not_picked":["Armaments"],"picked":"Sentinel","floor":29},{"not_picked":["Fire Breathing","Thunderclap"],"picked":"SKIP","floor":31},{"not_picked":["Twin Strike","Warcry"],"picked":"SKIP","floor":31},{"not_picked":["Impervious"],"picked":"Offering","floor":33},{"not_picked":["Heavy Blade"],"picked":"Disarm","floor":35},{"not_picked":["Bloodletting"],"picked":"Inflame","floor":35},{"not_picked":["Dropkick","Heavy Blade+1"],"picked":"SKIP","floor":36},{"not_picked":["Reckless Charge+1","Body Slam"],"picked":"SKIP","floor":36},{"not_picked":["Sword Boomerang+1","Fire Breathing+1"],"picked":"SKIP","floor":38},{"not_picked":["Wild Strike","Clash"],"picked":"SKIP","floor":38},{"not_picked":["Clothesline","Havoc"],"picked":"SKIP","floor":40},{"not_picked":["Flex","Armaments"],"picked":"SKIP","floor":40},{"not_picked":["Sword Boomerang+1"],"picked":"Offering","floor":42},{"not_picked":["Rampage","Sword Boomerang"],"picked":"SKIP","floor":44}],"player_experience":710196,"relics_obtained":[{"floor":7,"key":"Magic Flower"},{"floor":8,"key":"Pen Nib"},{"floor":9,"key":"Paper Frog"},{"floor":24,"key":"Unceasing Top"},{"floor":26,"key":"Dream Catcher"},{"floor":27,"key":"Question Card"},{"floor":29,"key":"Anchor"},{"floor":42,"key":"Orichalcum"},{"floor":44,"key":"Bag of Marbles"},{"floor":47,"key":"Peace Pipe"},{"floor":48,"key":"Bird Faced Urn"}],"event_choices":[{"damage_healed":0,"gold_gain":0,"cards_transformed":["Defend_R"],"player_choice":"Transformed","damage_taken":0,"max_hp_gain":0,"max_hp_loss":0,"event_name":"Transmorgrifier","floor":3,"gold_loss":0,"cards_obtained":["Juggernaut"]},{"damage_healed":0,"gold_gain":0,"player_choice":"Searched \u00271\u0027 times","damage_taken":0,"max_hp_gain":0,"max_hp_loss":0,"event_name":"Dead Adventurer","floor":8,"gold_loss":0},{"damage_healed":0,"gold_gain":0,"player_choice":"Box","damage_taken":0,"relics_obtained":["Prayer Wheel"],"max_hp_gain":0,"max_hp_loss":0,"event_name":"Big Fish","floor":10,"gold_loss":0,"cards_obtained":["Regret"]},{"cards_removed":["Pommel Strike"],"damage_healed":0,"gold_gain":0,"player_choice":"Gave Card","damage_taken":0,"relics_obtained":["Strawberry"],"max_hp_gain":0,"max_hp_loss":0,"event_name":"WeMeetAgain","floor":11,"gold_loss":0},{"damage_healed":0,"gold_gain":0,"player_choice":"Shed Blood","damage_taken":34,"max_hp_gain":5,"max_hp_loss":0,"event_name":"Forgotten Altar","floor":20,"gold_loss":0},{"damage_healed":0,"gold_gain":0,"player_choice":"Obtained Relic","damage_taken":0,"relics_obtained":["Juzu Bracelet"],"max_hp_gain":0,"max_hp_loss":0,"event_name":"Addict","floor":22,"gold_loss":85},{"damage_healed":49,"gold_gain":0,"player_choice":"Full Heal","damage_taken":0,"max_hp_gain":0,"max_hp_loss":0,"event_name":"Wheel of Change","floor":39,"gold_loss":0},{"damage_healed":0,"gold_gain":0,"player_choice":"Fight","damage_taken":0,"max_hp_gain":0,"max_hp_loss":0,"event_name":"MindBloom","floor":47,"gold_loss":0},{"damage_healed":0,"gold_gain":0,"player_choice":"Fight","damage_taken":0,"max_hp_gain":0,"max_hp_loss":0,"event_name":"Mysterious Sphere","floor":48,"gold_loss":0}],"is_beta":false,"boss_relics":[{"not_picked":["Calling Bell","Black Star"],"picked":"Busted Crown"},{"not_picked":["Eternal Feather","Velvet Choker"],"picked":"Sozu"}],"items_purged_floors":[12,37,45],"is_endless":false,"potions_floor_spawned":[2,7,8,16,21,24,27,29,36,40,44],"killed_by":"Awakened One","ascension_level":20}