{"gold_per_floor":[109,109,124,136,61,61,71,71,71,71,83,83,83,137,137,213,213,227,127,127,144,144],"floor_reached":22,"playtime":684,"items_purged":["Strike_B","Defend_B"],"score":348,"play_id":"85774740-16c1-4ab5-a9eb-35073804854f","local_time":"20190110160403","is_ascension_mode":true,"campfire_choices":[{"data":"Coolheaded","floor":6,"key":"SMITH"},{"data":"Skim","floor":8,"key":"SMITH"},{"data":"FTL","floor":10,"key":"SMITH"},{"data":"FTL","floor":12,"key":"SMITH"},{"data":"Dualcast","floor":15,"key":"SMITH"}],"neow_cost":"NONE","seed_source_timestamp":14715191293102,"circlet_count":0,"master_deck":["AscendersBane","Strike_B","Strike_B","Strike_B","Defend_B","Defend_B","Defend_B","Zap","Dualcast+1","Gash","Coolheaded+1","FTL+1","Skim+1","Gash","FTL+1","Biased Cognition","Scrape+1"],"special_seed":0,"relics":["Cracked Core","NeowsBlessing","Ancient Tea Set","Philosopher\u0027s Stone","Nloth\u0027s Gift"],"potions_floor_usage":[17,21],"damage_taken":[{"damage":0.0,"enemies":"2 Louse","floor":1.0,"turns":1.0},{"damage":0,"enemies":"Cultist","floor":3,"turns":1},{"damage":0,"enemies":"Jaw Worm","floor":4,"turns":1},{"damage":7,"enemies":"Blue Slaver","floor":7,"turns":4},{"damage":0,"enemies":"3 Louse","floor":11,"turns":3},{"damage":16,"enemies":"Slime Boss","floor":16,"turns":7},{"damage":1,"enemies":"Spheric Guardian","floor":18,"turns":3},{"damage":34,"enemies":"3 Byrds","floor":21,"turns":4},{"damage":35,"enemies":"Snake Plant","floor":22,"turns":2}],"seed_played":"475915267080464554","potions_obtained":[{"floor":7,"key":"Fruit Juice"},{"floor":16,"key":"PowerPotion"},{"floor":21,"key":"SteroidPotion"}],"is_trial":false,"path_per_floor":["M","?","M","M","$","R","M","R","T","R","M","R","?","T","R","B",null,"M","$","?","M","M"],"character_chosen":"DEFECT","items_purchased":[],"campfire_rested":0,"item_purchase_floors":[],"current_hp_per_floor":[64,64,64,64,64,64,57,57,57,57,57,57,57,57,57,41,69,68,68,68,34,0],"gold":144,"neow_bonus":"THREE_ENEMY_KILL","is_prod":false,"is_daily":false,"chose_seed":false,"campfire_upgraded":5,"win_rate":0,"timestamp":1547107443,"path_taken":["M","?","?","M","$","R","M","R","T","R","M","R","?","?","R","BOSS","M","$","?","M","M"],"build_version":"2019-01-03v4","purchased_purges":2,"victory":false,"max_hp_per_floor":[71,71,71,71,71,71,71,71,71,71,71,71,71,71,71,71,76,76,76,76,76,76],"card_choices":[{"not_picked":["Steam","Blizzard"],"picked":"Gash","floor":1.0},{"not_picked":["Turbo","White Noise"],"picked":"FTL","floor":3},{"not_picked":["Stack","Static Discharge"],"picked":"Skim","floor":4},{"not_picked":["Redo","Beam Cell"],"picked":"Gash","floor":7},{"not_picked":["Defragment","Loop"],"picked":"FTL","floor":11},{"not_picked":["Machine Learning","Meteor Strike"],"picked":"Biased Cognition","floor":16},{"not_picked":["Darkness","Loop"],"picked":"Scrape+1","floor":18},{"not_picked":["Cold Snap","Stack","Conserve Battery"],"picked":"SKIP","floor":21}],"player_experience":1911001,"relics_obtained":[{"floor":9,"key":"Ancient Tea Set"},{"floor":14,"key":"Tiny Chest"}],"event_choices":[{"damage_healed":0,"gold_gain":0,"player_choice":"1 cards matched","damage_taken":0,"max_hp_gain":0,"max_hp_loss":0,"event_name":"Match and Keep!","floor":2,"gold_loss":0,"cards_obtained":["Coolheaded"]},{"damage_healed":0,"gold_gain":0,"player_choice":"Ignored","damage_taken":0,"max_hp_gain":0,"max_hp_loss":0,"event_name":"Liars Game","floor":13,"gold_loss":0},{"damage_healed":0,"gold_gain":0,"player_choice":"Traded Relic","damage_taken":0,"relics_obtained":["Nloth\u0027s Gift"],"max_hp_gain":0,"max_hp_loss":0,"event_name":"N\u0027loth","floor":20,"relics_lost":["Tiny Chest"],"gold_loss":0}],"is_beta":false,"boss_relics":[{"not_picked":["Eternal Feather","White Beast Statue"],"picked":"Philosopher\u0027s Stone"}],"items_purged_floors":[5,19],"is_endless":false,"potions_floor_spawned":[7,16,21],"killed_by":"Snake Plant","ascension_level":20}