{"gold_per_floor":[114,114,32,50,60,86,86,105,105,105,105,122,153,165,165,267,267,267,237,93,43,43,43,43,43,43,43,43,0,0,0,0,0,0,0,0,0,0,0,0,0,0,0,0,0,0,0,0,0,0],"floor_reached":50,"playtime":2870,"items_purged":[],"score":770,"play_id":"fe270514-687e-4f80-a53f-409aede4e536","local_time":"20180720000243","daily_mods":["Draft"],"is_ascension_mode":false,"campfire_choices":[{"data":"Fiend Fire","floor":7,"key":"SMITH"},{"data":"Evolve","floor":11,"key":"SMITH"},{"data":"Metallicize","floor":15,"key":"SMITH"},{"data":"Feed","floor":23,"key":"SMITH"},{"data":"True Grit","floor":27,"key":"SMITH"},{"data":"Armaments","floor":32,"key":"SMITH"},{"data":"Barricade","floor":40,"key":"SMITH"},{"data":"Havoc","floor":42,"key":"SMITH"},{"data":"Carnage","floor":44,"key":"SMITH"},{"data":"Pummel","floor":47,"key":"SMITH"},{"data":"Seeing Red","floor":49,"key":"SMITH"}],"neow_cost":"","seed_source_timestamp":0,"circlet_count":0,"master_deck":["Headbutt","Seeing Red+1","Thunderclap","Iron Wave","Flex+1","Iron Wave","Anger","Spot Weakness+1","Clash","Anger","Shrug It Off","Carnage+1","Dropkick","Thunderclap","Flex+1","Evolve+1","Power Through","Burning Pact","Fiend Fire+1","Metallicize+1","Feed+1","Pummel+1","Infernal Blade+1","Inflame+1","True Grit+1","Reckless Charge+1","Armaments+1","Barricade+1","Battle Trance+1","Sentinel+1","Second Wind","Clash+1","Havoc+1","Thunderclap+1","Sadistic Nature","Flame Barrier+1"],"relics":["Burning Blood","Meat on the Bone","Letter Opener","Shuriken","Ectoplasm","Happy Flower","Du-Vu Doll","Dream Catcher","Red Skull","Lantern","Mark of Pain","Dead Branch","Juzu Bracelet","War Paint","Strawberry"],"potions_floor_usage":[28,50,50,50],"damage_taken":[{"damage":0,"enemies":"Cultist","floor":1,"turns":2},{"damage":5,"enemies":"Small Slimes","floor":4,"turns":2},{"damage":0,"enemies":"Jaw Worm","floor":5,"turns":2},{"damage":16,"enemies":"Lagavulin","floor":6,"turns":5},{"damage":4,"enemies":"2 Fungi Beasts","floor":8,"turns":2},{"damage":8,"enemies":"Gremlin Gang","floor":12,"turns":2},{"damage":0,"enemies":"Gremlin Nob","floor":13,"turns":3},{"damage":0,"enemies":"3 Louse","floor":14,"turns":2},{"damage":48,"enemies":"Hexaghost","floor":16,"turns":6},{"damage":0,"enemies":"Chosen","floor":18,"turns":3},{"damage":7,"enemies":"2 Thieves","floor":19,"turns":4},{"damage":17,"enemies":"Sentry and Sphere","floor":24,"turns":5},{"damage":28,"enemies":"Gremlin Leader","floor":25,"turns":5},{"damage":18,"enemies":"Book of Stabbing","floor":28,"turns":4},{"damage":16,"enemies":"Gremlin Leader","floor":30,"turns":5},{"damage":19,"enemies":"Slaver and Parasite","floor":31,"turns":4},{"damage":33,"enemies":"Champ","floor":33,"turns":8},{"damage":13,"enemies":"Orb Walker","floor":35,"turns":4},{"damage":37,"floor":36,"turns":5},{"damage":3,"enemies":"3 Darklings","floor":37,"turns":2},{"damage":18,"enemies":"Spire Growth","floor":38,"turns":3},{"damage":5,"enemies":"Maw","floor":39,"turns":5},{"damage":22,"enemies":"2 Orb Walkers","floor":41,"turns":3},{"damage":18,"enemies":"3 Darklings","floor":45,"turns":5},{"damage":13,"enemies":"Giant Head","floor":48,"turns":4},{"damage":91,"enemies":"Time Eater","floor":50,"turns":6}],"seed_played":"-6941438137510264540","potions_obtained":[{"floor":6,"key":"Dexterity Potion"},{"floor":12,"key":"Poison Potion"},{"floor":18,"key":"BloodPotion"},{"floor":19,"key":"SteroidPotion"},{"floor":24,"key":"PowerPotion"},{"floor":36,"key":"Dexterity Potion"},{"floor":37,"key":"Swift Potion"},{"floor":41,"key":"Regen Potion"}],"is_trial":true,"path_per_floor":["M","?","$","M","M","E","R","M","T","?","R","M","E","M","R","B",null,"M","M","$","?","?","R","M","E","T","R","E","?","E","M","R","B",null,"M","?","M","M","M","R","E","R","T","R","M","?","R","E","R"],"character_chosen":"IRONCLAD","items_purchased":["Power Through","Happy Flower"],"campfire_rested":0,"item_purchase_floors":[3,20],"current_hp_per_floor":[80,80,80,80,80,70,70,72,72,72,72,70,76,80,80,50,80,80,79,79,79,79,79,68,58,58,58,58,58,48,47,47,32,80,73,58,61,49,50,50,46,46,46,46,46,46,46,58,58,0],"gold":0,"neow_bonus":"","is_prod":false,"is_daily":false,"chose_seed":false,"campfire_upgraded":11,"win_rate":0,"timestamp":1532037763,"path_taken":["M","?","$","M","M","E","R","M","T","?","R","M","E","M","R","BOSS","M","M","$","?","?","R","M","E","T","R","E","?","E","M","R","BOSS","M","?","M","?","M","R","E","R","T","R","M","?","R","E","R","BOSS"],"build_version":"2018-07-12","purchased_purges":0,"victory":false,"max_hp_per_floor":[80,80,80,80,80,80,80,80,80,80,80,80,80,80,80,80,80,80,80,80,80,80,80,80,80,80,80,80,80,80,80,80,80,80,80,84,84,84,84,84,84,84,84,84,84,84,84,91,91,91],"card_choices":[{"not_picked":["Wild Strike","Warcry"],"picked":"Headbutt","floor":0},{"not_picked":["Cleave","Shrug It Off"],"picked":"Seeing Red","floor":0},{"not_picked":["Shrug It Off","Dropkick"],"picked":"Thunderclap","floor":0},{"not_picked":["Rage","Fire Breathing"],"picked":"Iron Wave","floor":0},{"not_picked":["Wild Strike","Iron Wave"],"picked":"Flex","floor":0},{"not_picked":["Uppercut","Combust"],"picked":"Iron Wave","floor":0},{"not_picked":["Iron Wave","Wild Strike"],"picked":"Anger","floor":0},{"not_picked":["Clothesline","Cleave"],"picked":"Spot Weakness","floor":0},{"not_picked":["Battle Trance","Sever Soul"],"picked":"Clash","floor":0},{"not_picked":["Reckless Charge","Flex"],"picked":"Anger","floor":0},{"not_picked":["Anger","Flex"],"picked":"Shrug It Off","floor":0},{"not_picked":["Headbutt","Body Slam"],"picked":"Carnage","floor":0},{"not_picked":["Inflame","Headbutt"],"picked":"Dropkick","floor":0},{"not_picked":["Seeing Red","Pummel"],"picked":"Thunderclap","floor":0},{"not_picked":["Havoc","Cleave"],"picked":"Flex","floor":0},{"not_picked":["Perfected Strike","Cleave"],"picked":"Evolve","floor":1},{"not_picked":["True Grit","Warcry"],"picked":"Burning Pact","floor":4},{"not_picked":["Twin Strike","Blood for Blood","Sword Boomerang"],"picked":"SKIP","floor":5},{"not_picked":["Clothesline","Shrug It Off"],"picked":"Fiend Fire","floor":6},{"not_picked":["Seeing Red","Rupture","Second Wind"],"picked":"SKIP","floor":8},{"not_picked":["Anger","Iron Wave"],"picked":"Metallicize","floor":12},{"not_picked":["Pummel","Havoc","Iron Wave"],"picked":"SKIP","floor":13},{"not_picked":["Iron Wave","Rage","Dropkick"],"picked":"SKIP","floor":14},{"not_picked":["Impervious","Fiend Fire"],"picked":"Feed","floor":16},{"not_picked":["Anger","Combust"],"picked":"Pummel","floor":18},{"not_picked":["Sever Soul","Iron Wave"],"picked":"Infernal Blade","floor":19},{"not_picked":["Thunderclap","Sword Boomerang"],"picked":"Inflame+1","floor":24},{"not_picked":["Spot Weakness","Dropkick"],"picked":"True Grit","floor":25},{"not_picked":["Clothesline+1","Power Through+1"],"picked":"Reckless Charge+1","floor":28},{"not_picked":["Sword Boomerang","Headbutt+1","Clash"],"picked":"SKIP","floor":30},{"not_picked":["True Grit+1","Carnage"],"picked":"Armaments","floor":31},{"not_picked":["Juggernaut","Feed"],"picked":"Barricade","floor":33},{"not_picked":["Reckless Charge","True Grit+1"],"picked":"Battle Trance+1","floor":35},{"not_picked":["Clash","Seeing Red+1"],"picked":"Sentinel+1","floor":36},{"not_picked":["Perfected Strike","Clothesline","Shrug It Off+1"],"picked":"SKIP","floor":37},{"not_picked":["Shrug It Off","Sword Boomerang+1"],"picked":"Second Wind","floor":38},{"not_picked":["Inflame","Iron Wave+1"],"picked":"Clash+1","floor":39},{"not_picked":["True Grit+1","Rage"],"picked":"Havoc","floor":41},{"not_picked":["Havoc","Anger+1"],"picked":"Thunderclap+1","floor":45},{"not_picked":["Jack Of All Trades","Apotheosis"],"picked":"Sadistic Nature","floor":46},{"not_picked":["Battle Trance+1","Dual Wield"],"picked":"Flame Barrier+1","floor":48}],"player_experience":335206,"relics_obtained":[{"floor":6,"key":"Meat on the Bone"},{"floor":9,"key":"Letter Opener"},{"floor":13,"key":"Shuriken"},{"floor":25,"key":"Du-Vu Doll"},{"floor":26,"key":"Dream Catcher"},{"floor":28,"key":"Red Skull"},{"floor":30,"key":"Lantern"},{"floor":36,"key":"Dead Branch"},{"floor":41,"key":"Juzu Bracelet"},{"floor":43,"key":"War Paint"},{"floor":48,"key":"Strawberry"}],"event_choices":[{"event_name":"Living Wall","player_choice":"Grow","floor":2,"damage_taken":0},{"event_name":"Upgrade Shrine","player_choice":"Upgraded","floor":10,"damage_taken":0},{"event_name":"The Joust","player_choice":"Bet on Owner","floor":21,"damage_taken":0},{"event_name":"Drug Dealer","player_choice":"Ignored","floor":22,"damage_taken":0},{"event_name":"Masked Bandits","player_choice":"Paid Bandits 43 gold","floor":29,"damage_taken":0},{"event_name":"MindBloom","player_choice":"Fight","floor":36,"damage_taken":0},{"event_name":"SensoryStone","player_choice":"Memory 1","floor":46,"damage_taken":0}],"boss_relics":[{"not_picked":["Tiny House","Runic Dome"],"picked":"Ectoplasm"},{"not_picked":["Runic Pyramid","Astrolabe"],"picked":"Mark of Pain"}],"items_purged_floors":[],"is_endless":false,"potions_floor_spawned":[6,12,18,19,24,36,37,41,45],"killed_by":"Time Eater","ascension_level":0}