{"gold_per_floor":[114,134,134,53,65,65,96,116,141,141],"floor_reached":10,"playtime":304,"items_purged":[],"score":136,"play_id":"1af5d581-e170-45ee-aaba-c648cbed3a38","local_time":"20181124233415","is_ascension_mode":true,"campfire_choices":[{"data":"Noxious Fumes","floor":6,"key":"SMITH"}],"neow_cost":"NONE","seed_source_timestamp":16786714132951,"circlet_count":0,"master_deck":["AscendersBane","Defend_G","Defend_G","Defend_G","Defend_G","Defend_G","Strike_G","Strike_G","Strike_G","Strike_G","Strike_G","Survivor","Neutralize","Finesse","Bouncing Flask","Noxious Fumes+1"],"relics":["Ring of the Snake","Snake Skull","Oddly Smooth Stone"],"potions_floor_usage":[],"damage_taken":[{"damage":0,"enemies":"Small Slimes","floor":1,"turns":3},{"damage":0,"enemies":"2 Louse","floor":2,"turns":2},{"damage":5,"enemies":"Jaw Worm","floor":5,"turns":4},{"damage":38,"enemies":"Lagavulin","floor":7,"turns":9},{"damage":7,"enemies":"Large Slime","floor":8,"turns":6},{"damage":36,"enemies":"Gremlin Nob","floor":10,"turns":3}],"seed_played":"-7409999107403394866","potions_obtained":[],"is_trial":false,"path_per_floor":["M","M","?","$","M","R","E","M","T","E"],"character_chosen":"THE_SILENT","items_purchased":["Noxious Fumes"],"campfire_rested":0,"item_purchase_floors":[4],"current_hp_per_floor":[59,59,59,59,54,54,16,9,9,0],"gold":141,"neow_bonus":"RANDOM_COLORLESS","is_prod":false,"is_daily":false,"chose_seed":false,"campfire_upgraded":1,"win_rate":0,"timestamp":1543073655,"path_taken":["M","M","?","$","M","R","E","M","T","E"],"build_version":"2018-11-15","purchased_purges":0,"victory":false,"max_hp_per_floor":[66,66,66,66,66,66,66,66,66,66],"card_choices":[{"not_picked":["Blade Dance","Predator"],"picked":"Bouncing Flask","floor":1},{"not_picked":["Dodge and Roll","Bouncing Flask","Slice"],"picked":"SKIP","floor":2},{"not_picked":["Slice","Crippling Poison","Outmaneuver"],"picked":"SKIP","floor":5},{"not_picked":["Noxious Fumes","Caltrops","Quick Slash"],"picked":"SKIP","floor":7},{"not_picked":["Blade Dance","Storm of Steel","Slice"],"picked":"SKIP","floor":8}],"player_experience":1154463,"relics_obtained":[{"floor":7,"key":"Snake Skull"},{"floor":9,"key":"Oddly Smooth Stone"}],"event_choices":[{"damage_healed":0,"gold_gain":0,"player_choice":"Ignored","damage_taken":0,"max_hp_gain":0,"max_hp_loss":0,"event_name":"Liars Game","floor":3,"gold_loss":0}],"is_beta":true,"boss_relics":[],"items_purged_floors":[],"is_endless":false,"potions_floor_spawned":[],"killed_by":"Gremlin Nob","ascension_level":20}