{"gold_per_floor":[111,36,56,56,66,100,100,100],"floor_reached":8,"playtime":187,"items_purged":[],"score":112,"play_id":"b0141ef7-a6cd-45c9-a556-d1d45d3ba27f","local_time":"20181022183454","is_ascension_mode":true,"campfire_choices":[],"neow_cost":"NONE","seed_source_timestamp":207389560664640,"circlet_count":0,"master_deck":["Defend_G","Defend_G","Defend_G","Defend_G","Defend_G","Strike_G+1","Strike_G","Strike_G","Strike_G","Strike_G","Survivor+1","Neutralize","AscendersBane","Shame","Regret","Dash","Finisher","Accuracy"],"relics":["Ring of the Snake","Laevatain","NeowsBlessing","Pen Nib"],"potions_floor_usage":[6,8],"damage_taken":[{"damage":0,"enemies":"2 Louse","floor":1,"turns":1},{"damage":0,"enemies":"Small Slimes","floor":3,"turns":1},{"damage":0,"enemies":"Jaw Worm","floor":5,"turns":1},{"damage":20,"enemies":"Lagavulin","floor":6,"turns":5},{"damage":21,"enemies":"3 Sentries","floor":8,"turns":6}],"seed_played":"573256963586605355","potions_obtained":[{"floor":1,"key":"FearPotion"},{"floor":5,"key":"SpeedPotion"}],"is_trial":false,"path_per_floor":["M","?","M","?","M","E","?"],"character_chosen":"THE_SILENT","items_purchased":[],"campfire_rested":0,"item_purchase_floors":[],"current_hp_per_floor":[59,59,59,59,59,39,19,0],"gold":100,"neow_bonus":"THREE_ENEMY_KILL","is_prod":false,"is_daily":false,"chose_seed":false,"campfire_upgraded":0,"win_rate":0,"timestamp":1540204494,"path_taken":["M","?","M","?","M","E","?","E"],"build_version":"2018-10-18","purchased_purges":0,"victory":false,"max_hp_per_floor":[66,66,66,66,66,66,66,66],"card_choices":[{"not_picked":["Leg Sweep","Skewer"],"picked":"Dash","floor":1},{"not_picked":["Predator","Dagger Spray"],"picked":"Finisher","floor":3},{"not_picked":["Leg Sweep","Calculated Gamble","PiercingWail"],"picked":"SKIP","floor":5},{"not_picked":["Dagger Spray","Blur"],"picked":"Accuracy","floor":6}],"player_experience":364306,"relics_obtained":[{"floor":6,"key":"Pen Nib"}],"event_choices":[{"cards_removed":["Normality"],"damage_healed":0,"gold_gain":0,"player_choice":"Card Removal","damage_taken":0,"max_hp_gain":0,"max_hp_loss":0,"event_name":"The Cleric","floor":2,"gold_loss":75},{"damage_healed":0,"gold_gain":0,"player_choice":"Ignored","damage_taken":0,"max_hp_gain":0,"max_hp_loss":0,"event_name":"Liars Game","floor":4,"gold_loss":0},{"damage_healed":0,"gold_gain":0,"player_choice":"Entered Light","damage_taken":20,"max_hp_gain":0,"max_hp_loss":0,"event_name":"Shining Light","floor":7,"gold_loss":0,"cards_upgraded":["Survivor","Strike_G"]}],"is_beta":false,"boss_relics":[],"items_purged_floors":[],"is_endless":false,"potions_floor_spawned":[1,5],"killed_by":"3 Sentries","ascension_level":20}