{"path_per_floor":["M","$","M","?","M","E","M","R","T","E","M","M","R","$","R","B",null,"M","$","M","M","M","E","?","?","T","R","?","E","?","?","R","B",null,"M","$","M","M","?","R","E","$","T","T","?","E","$","E","R","B"],"character_chosen":"IRONCLAD","items_purchased":["Twin Strike","Bottled Flame","Swift Strike","Perfected Strike","Twin Strike"],"gold_per_floor":[114,67,82,82,97,127,142,142,197,227,242,257,257,7,7,107,107,122,21,36,51,66,96,96,96,146,146,246,276,191,191,191,291,291,306,306,321,336,357,357,387,338,338,413,413,443,398,428,428,428],"floor_reached":51,"campfire_rested":1,"playtime":1703,"current_hp_per_floor":[79,79,79,72,77,73,75,75,75,77,91,98,98,98,98,100,122,105,105,111,111,117,122,122,122,122,122,122,126,126,126,126,124,126,126,126,126,125,129,129,116,116,116,116,106,126,126,132,152,152],"items_purged":[],"gold":428,"score":1356,"play_id":"91207d07-af34-482d-9a3c-ed3a97fb629c","local_time":"20180517154549","daily_mods":["Shiny","Time Dilation","Hoarder"],"is_prod":false,"is_daily":true,"chose_seed":false,"is_ascension_mode":false,"campfire_upgraded":6,"timestamp":1526543149,"path_taken":["M","$","M","?","M","E","M","R","T","E","M","M","R","$","R","BOSS","M","$","M","M","M","E","?","?","T","R","?","E","?","?","R","BOSS","M","$","M","M","?","R","E","?","T","?","?","E","$","E","R","BOSS"],"build_version":"2018-05-15","seed_source_timestamp":21225637910016,"purchased_purges":0,"victory":true,"master_deck":["Double Tap","Double Tap","Double Tap","Demon Form","Demon Form","Demon Form","Bludgeon","Bludgeon","Bludgeon","Feed+1","Feed+1","Feed+1","Limit Break","Limit Break","Limit Break","Barricade","Barricade","Fiend Fire","Fiend Fire","Fiend Fire","Dark Embrace+1","Dark Embrace","Dark Embrace","Berserk","Berserk","Berserk","Impervious","Impervious","Impervious","Juggernaut","Juggernaut","Juggernaut","Brutality","Reaper","Reaper","Reaper","Exhume","Exhume","Exhume","Offering+1","Offering","Offering","Immolate","Immolate","Immolate","Pommel Strike","Pommel Strike","Pommel Strike","Twin Strike","Twin Strike","Twin Strike","Perfected Strike+1","Perfected Strike","Perfected Strike","Corruption+1","Corruption","Corruption","Wild Strike","Wild Strike","Wild Strike","Twin Strike","Twin Strike","Twin Strike","Shockwave","Shockwave+1","Shockwave","Wild Strike","Wild Strike","Wild Strike","Reaper","Reaper","Reaper","Headbutt+1","Headbutt+1","Headbutt+1","Clothesline+1","Clothesline+1","Clothesline+1","Spot Weakness+1","Spot Weakness+1","Spot Weakness+1","Pommel Strike+1","Pommel Strike+1","Pommel Strike+1","Swift Strike","Swift Strike","Swift Strike","Wild Strike","Wild Strike","Wild Strike","Pommel Strike+1","Pommel Strike+1","Pommel Strike+1","Perfected Strike+1","Perfected Strike+1","Perfected Strike+1","Perfected Strike","Perfected Strike","Perfected Strike","Seeing Red+1","Seeing Red+1","Seeing Red+1","Perfected Strike","Perfected Strike","Perfected Strike","Madness+1","Madness+1","Madness+1","Flash of Steel","Flash of Steel","Flash of Steel","Transmutation+1","Transmutation+1","Transmutation+1","Twin Strike","Twin Strike","Twin Strike","Wild Strike","Wild Strike","Wild Strike"],"max_hp_per_floor":[80,80,80,80,83,89,92,92,92,92,106,114,114,114,114,122,122,122,122,122,122,122,122,122,122,122,122,122,126,126,126,126,126,126,126,126,126,130,138,138,138,138,138,138,138,152,152,152,152,152],"relics":["Burning Blood","Self Forming Clay","Calipers","Tiny Chest","War Paint","Bottled Flame","Astrolabe","Juzu Bracelet","Dream Catcher","Anchor","Gremlin Horn","Mark of Pain","Thread and Needle","Turnip","Ornamental Fan","Toxic Egg 2","Mango","Regal Pillow"],"card_choices":[{"not_picked":["Disarm","Pommel Strike","Clash"],"picked":"SKIP","floor":1},{"not_picked":["Disarm","Clash"],"picked":"Pommel Strike","floor":1},{"not_picked":["Armaments","Intimidate"],"picked":"Perfected Strike","floor":3},{"not_picked":["Metallicize","Inflame"],"picked":"Corruption","floor":5},{"not_picked":["Sword Boomerang","Spot Weakness"],"picked":"Wild Strike","floor":6},{"not_picked":["Dropkick","Infernal Blade"],"picked":"Twin Strike","floor":7},{"not_picked":["Battle Trance","Evolve"],"picked":"Shockwave","floor":10},{"not_picked":["Limit Break","Shrug It Off"],"picked":"Wild Strike","floor":11},{"not_picked":["Shrug It Off","Armaments","Warcry"],"picked":"SKIP","floor":12},{"not_picked":["Barricade","Limit Break"],"picked":"Reaper","floor":16},{"not_picked":["Bloodletting+1","Thunderclap"],"picked":"Pommel Strike+1","floor":18},{"not_picked":["Warcry","Havoc"],"picked":"Wild Strike","floor":20},{"not_picked":["Heavy Blade+1","Corruption"],"picked":"Pommel Strike+1","floor":21},{"not_picked":["Clash","Sword Boomerang","Anger+1"],"picked":"SKIP","floor":22},{"not_picked":["Clothesline","Rampage"],"picked":"Perfected Strike+1","floor":23},{"not_picked":["Immolate","Cleave","True Grit"],"picked":"SKIP","floor":29},{"not_picked":["Anger","Power Through+1"],"picked":"Seeing Red+1","floor":35},{"not_picked":["Rupture","Shrug It Off","Clothesline"],"picked":"SKIP","floor":37},{"not_picked":["Thunderclap","Iron Wave+1","Clash+1"],"picked":"SKIP","floor":38},{"not_picked":["Anger","Headbutt+1","Seeing Red+1"],"picked":"SKIP","floor":41},{"not_picked":["Dark Shackles","Sadistic Nature"],"picked":"Madness","floor":45},{"not_picked":["Panacea","Bandage Up"],"picked":"Flash of Steel","floor":45},{"not_picked":["Jack Of All Trades","Dramatic Entrance"],"picked":"Transmutation","floor":45},{"not_picked":["Spot Weakness+1","Limit Break+1","Blood for Blood"],"picked":"SKIP","floor":46},{"not_picked":["Berserk","Clash"],"picked":"Wild Strike","floor":48}],"player_experience":479014,"potions_floor_usage":[12,29,50],"damage_taken":[{"damage":7,"enemies":"Jaw Worm","floor":1,"turns":5},{"damage":7,"enemies":"2 Louse","floor":3,"turns":2},{"damage":4,"enemies":"Small Slimes","floor":5,"turns":3},{"damage":16,"enemies":"3 Sentries","floor":6,"turns":5},{"damage":15,"enemies":"Exordium Wildlife","floor":7,"turns":3},{"damage":4,"enemies":"Gremlin Nob","floor":10,"turns":4},{"damage":6,"enemies":"Lots of Slimes","floor":11,"turns":5},{"damage":7,"enemies":"3 Louse","floor":12,"turns":3},{"damage":16,"enemies":"Slime Boss","floor":16,"turns":7},{"damage":35,"enemies":"3 Byrds","floor":18,"turns":7},{"damage":0,"enemies":"Spheric Guardian","floor":20,"turns":1},{"damage":6,"enemies":"3 Cultists","floor":21,"turns":3},{"damage":0,"enemies":"Snake Plant","floor":22,"turns":1},{"damage":4,"enemies":"Gremlin Leader","floor":23,"turns":1},{"damage":4,"enemies":"Slavers","floor":29,"turns":2},{"damage":8,"enemies":"Automaton","floor":33,"turns":2},{"damage":0,"enemies":"Flame Bruiser 1 Orb","floor":35,"turns":1},{"damage":0,"enemies":"Orb Walker","floor":37,"turns":1},{"damage":11,"enemies":"4 Shapes","floor":38,"turns":3},{"damage":10,"enemies":"…Ò√ÿ‘≤«Ú","floor":39,"turns":2},{"damage":31,"enemies":"Giant Head","floor":41,"turns":6},{"damage":0,"enemies":"2 Orb Walkers","floor":46,"turns":1},{"damage":0,"enemies":"Giant Head","floor":48,"turns":5},{"damage":0,"enemies":"Time Eater","floor":50,"turns":2}],"relics_obtained":[{"floor":6,"key":"Calipers"},{"floor":9,"key":"Tiny Chest"},{"floor":10,"key":"War Paint"},{"floor":23,"key":"Juzu Bracelet"},{"floor":26,"key":"Dream Catcher"},{"floor":29,"key":"Anchor"},{"floor":39,"key":"Thread and Needle"},{"floor":41,"key":"Turnip"},{"floor":43,"key":"Ornamental Fan"},{"floor":44,"key":"Toxic Egg 2"},{"floor":46,"key":"Mango"},{"floor":48,"key":"Regal Pillow"}],"event_choices":[{"event_name":"Scrap Ooze","player_choice":"success","floor":4,"damage_taken":7},{"event_name":"Ghosts","player_choice":"Ignored","floor":24,"damage_taken":0},{"event_name":"Drug Dealer","player_choice":"Ignored","floor":25,"damage_taken":0},{"event_name":"Golden Shrine","player_choice":"Pray","floor":28,"damage_taken":0},{"event_name":"Addict","player_choice":"Obtained Relic","floor":30,"damage_taken":0},{"event_name":"The Library","player_choice":"Read","floor":31,"damage_taken":0},{"event_name":"Mysterious Sphere","player_choice":"Fight","floor":39,"damage_taken":0},{"event_name":"SensoryStone","player_choice":"Memory 3","floor":45,"damage_taken":0}],"boss_relics":[{"not_picked":["Ectoplasm","Philosopher\u0027s Stone"],"picked":"Astrolabe"},{"not_picked":["Black Star","Tiny House"],"picked":"Mark of Pain"}],"potions_floor_spawned":[1,6,10,11,16,18,20,23,37,39,48],"seed_played":"-8851493181465648625","ascension_level":0,"potions_obtained":[{"floor":1,"key":"Dexterity Potion"},{"floor":6,"key":"Block Potion"},{"floor":10,"key":"Poison Potion"},{"floor":11,"key":"Dexterity Potion"},{"floor":16,"key":"BloodPotion"},{"floor":18,"key":"Energy Potion"},{"floor":37,"key":"Weak Potion"},{"floor":48,"key":"Fire Potion"}],"is_trial":false}