{"gold_per_floor":[113,38,38,57,67,67,67,67,67,84,98,98,98,117,117,117],"floor_reached":16,"playtime":275,"items_purged":["Strike_G"],"score":184,"play_id":"98095164-0e62-4f6e-8bee-404be7251973","local_time":"20190114180645","is_ascension_mode":true,"campfire_choices":[{"data":"Reflex","floor":6.0,"key":"SMITH"},{"data":"Flechettes","floor":8.0,"key":"SMITH"},{"data":"Calculated Gamble","floor":15,"key":"SMITH"}],"neow_cost":"NONE","seed_source_timestamp":25832086359231,"circlet_count":0,"master_deck":["AscendersBane","Defend_G+1","Defend_G","Defend_G+1","Defend_G","Defend_G","Strike_G","Strike_G","Strike_G","Strike_G","Survivor","Neutralize","Reflex+1","Flechettes+1","Prepared","Calculated Gamble","Concentrate","Calculated Gamble+1"],"special_seed":0,"relics":["Ring of the Snake","NeowsBlessing"],"potions_floor_usage":[],"damage_taken":[{"damage":0.0,"enemies":"Jaw Worm","floor":1.0,"turns":1.0},{"damage":0.0,"enemies":"Cultist","floor":4.0,"turns":1.0},{"damage":0.0,"enemies":"2 Louse","floor":5.0,"turns":1.0},{"damage":4.0,"enemies":"Exordium Wildlife","floor":10.0,"turns":3.0},{"damage":1.0,"enemies":"3 Louse","floor":11.0,"turns":3.0},{"damage":0,"enemies":"Exordium Thugs","floor":14,"turns":5},{"damage":0,"enemies":"Slime Boss","floor":16,"turns":1}],"seed_played":"5258228355540532342","potions_obtained":[{"floor":1.0,"key":"LiquidBronze"},{"floor":4.0,"key":"GhostInAJar"}],"is_trial":false,"path_per_floor":["M","$","?","M","M","R","$","R","T","M","M","?","?","M","R","B"],"character_chosen":"THE_SILENT","items_purchased":[],"campfire_rested":0,"item_purchase_floors":[],"current_hp_per_floor":[59,59,59,59,59,59,59,59,59,55,54,54,34,34,34,34],"gold":117,"neow_bonus":"THREE_ENEMY_KILL","is_prod":false,"is_daily":false,"chose_seed":false,"campfire_upgraded":3,"win_rate":0,"timestamp":1547460405,"path_taken":["M","$","?","M","M","R","$","R","T","M","?","?","?","M","R","BOSS"],"build_version":"2019-01-10","purchased_purges":1,"victory":false,"max_hp_per_floor":[66,66,66,66,66,66,66,66,66,66,66,66,66,66,66,66],"card_choices":[{"not_picked":["Masterful Stab","Deadly Poison"],"picked":"Reflex","floor":1.0},{"not_picked":["Dagger Throw","Deadly Poison"],"picked":"Prepared","floor":4.0},{"not_picked":["PiercingWail","Blade Dance"],"picked":"Calculated Gamble","floor":5.0},{"not_picked":["Die Die Die","Setup"],"picked":"Concentrate","floor":10.0},{"not_picked":["Quick Slash","Sucker Punch","Deflect"],"picked":"SKIP","floor":11.0},{"not_picked":["Endless Agony","Unload"],"picked":"Calculated Gamble","floor":14}],"player_experience":2035186,"relics_obtained":[],"event_choices":[{"damage_healed":0.0,"max_hp_gain":0.0,"max_hp_loss":0.0,"gold_gain":0.0,"event_name":"Match and Keep!","player_choice":"1 cards matched","floor":3.0,"gold_loss":0.0,"damage_taken":0.0,"cards_obtained":["Flechettes"]},{"damage_healed":0,"gold_gain":0,"player_choice":"Searched \u00270\u0027 times","damage_taken":0,"max_hp_gain":0,"max_hp_loss":0,"event_name":"Dead Adventurer","floor":12,"gold_loss":0},{"damage_healed":0,"gold_gain":0,"player_choice":"Entered Light","damage_taken":20,"max_hp_gain":0,"max_hp_loss":0,"event_name":"Shining Light","floor":13,"gold_loss":0,"cards_upgraded":["Defend_G","Defend_G"]}],"is_beta":false,"boss_relics":[],"items_purged_floors":[2],"is_endless":false,"potions_floor_spawned":[1,4],"killed_by":"Slime Boss","ascension_level":20}