{"gold_per_floor":[115,40,40,40,12,12,47,59,124,166,198,220,265,293,305,391,403,427,453,2,21,21,21,55,55,55,55,55,68,68,80,80,154,154,170,95,95,0,13,13,44,2,75,107,107,107,107,133,133,158,158,158,158,18,43,43],"floor_reached":57,"playtime":3289,"items_purged":["Strike_B"],"score":3519,"play_id":"c9dc5ef6-b379-4562-9eab-a56aee7de59b","local_time":"20190419115811","is_ascension_mode":true,"campfire_choices":[{"data":"Dualcast","floor":6.0,"key":"SMITH"},{"data":"Zap","floor":8.0,"key":"SMITH"},{"data":"Consume","floor":15.0,"key":"SMITH"},{"data":"Turbo","floor":23.0,"key":"SMITH"},{"data":"Coolheaded","floor":25.0,"key":"SMITH"},{"data":"Loop","floor":28.0,"key":"SMITH"},{"data":"Tempest","floor":32.0,"key":"SMITH"},{"floor":40.0,"key":"RECALL"},{"data":"Acrobatics","floor":45.0,"key":"SMITH"},{"data":"Impatience","floor":47.0,"key":"SMITH"},{"data":"Transmutation","floor":49.0,"key":"SMITH"},{"data":"Concentrate","floor":53.0,"key":"SMITH"}],"neow_cost":"NONE","seed_source_timestamp":72217022188922,"circlet_count":0,"master_deck":["AscendersBane","Strike_B+1","Strike_B+1","Defend_B+1","Defend_B+1","Defend_B+1","Zap+1","Dualcast+1","Tempest+1","Cold Snap+1","Echo Form+1","Streamline+1","Loop+1","Consume+1","Core Surge+1","Turbo+1","Coolheaded+1","Chill+1","Crippling Poison+1","Deflect+1","Endless Agony+1","Warcry+1","After Image+1","True Grit+1","Capacitor","Acrobatics+1","Transmutation+1","Jack Of All Trades","Impatience+1","Concentrate+1","Master of Strategy"],"special_seed":0,"relics":["Cracked Core","NeowsBlessing","Mummified Hand","MawBank","Tiny Chest","Strawberry","Dead Branch","Coffee Dripper","PrismaticShard","DataDisk","Ginger","Lantern","Inserter","Mark of the Bloom","Red Mask","Potion Belt","Incense Burner","Bottled Lightning","Pantograph"],"potions_floor_usage":[56,56],"damage_taken":[{"damage":0.0,"enemies":"2 Louse","floor":1.0,"turns":1.0},{"damage":0.0,"enemies":"3 Sentries","floor":7.0,"turns":1.0},{"damage":0.0,"enemies":"Lagavulin","floor":10.0,"turns":1.0},{"damage":6.0,"enemies":"Small Slimes","floor":11.0,"turns":3.0},{"damage":0.0,"enemies":"Cultist","floor":12.0,"turns":3.0},{"damage":40.0,"enemies":"3 Sentries","floor":13.0,"turns":7.0},{"damage":6.0,"enemies":"2 Fungi Beasts","floor":14.0,"turns":2.0},{"damage":0.0,"enemies":"The Guardian","floor":16.0,"turns":8.0},{"damage":5.0,"enemies":"Chosen","floor":18.0,"turns":3.0},{"damage":15.0,"enemies":"Shell Parasite","floor":19.0,"turns":4.0},{"damage":0.0,"enemies":"Centurion and Healer","floor":21.0,"turns":7.0},{"damage":23.0,"enemies":"Slavers","floor":24.0,"turns":4.0},{"damage":0.0,"enemies":"Sentry and Sphere","floor":29.0,"turns":4.0},{"damage":3.0,"enemies":"Shelled Parasite and Fungi","floor":31.0,"turns":3.0},{"damage":11.0,"enemies":"Champ","floor":33.0,"turns":6.0},{"damage":0.0,"enemies":"3 Shapes","floor":35.0,"turns":3.0},{"damage":0.0,"enemies":"3 Darklings","floor":39.0,"turns":5.0},{"damage":10.0,"enemies":"Reptomancer","floor":41.0,"turns":7.0},{"damage":0.0,"enemies":"Giant Head","floor":44.0,"turns":6.0},{"damage":0.0,"enemies":"Nemesis","floor":48.0,"turns":5.0},{"damage":0.0,"enemies":"Awakened One","floor":50.0,"turns":16.0},{"damage":0.0,"enemies":"Donu and Deca","floor":51.0,"turns":8.0},{"damage":0.0,"enemies":"Shield and Spear","floor":55.0,"turns":7.0},{"damage":10,"enemies":"The Heart","floor":56,"turns":12}],"seed_played":"-6605403604066048471","potions_obtained":[{"floor":11.0,"key":"Ancient Potion"},{"floor":13.0,"key":"Energy Potion"},{"floor":19.0,"key":"Ancient Potion"},{"floor":35.0,"key":"Strength Potion"},{"floor":41.0,"key":"GamblersBrew"}],"is_trial":false,"path_per_floor":["M","?","?","?","$","R","E","R","T","E","M","M","E","M","R","B",null,"M","M","$","M","$","R","E","R","T","?","R","M","$","M","R","B",null,"M","$","?","?","M","R","E","$","T","E","R","?","R","E","R","B","B",null,"R","$","E","B",null],"character_chosen":"DEFECT","items_purchased":["Cold Snap","PrismaticShard","DataDisk","Chill","Capacitor","FocusPotion","Weak Potion"],"campfire_rested":0,"item_purchase_floors":[5,20,20,20,42,54,54],"current_hp_per_floor":[64,64,59,52,52,52,52,52,52,59,53,53,13,7,7,7,60,55,40,40,40,40,40,17,17,17,17,17,17,17,14,14,3,59,59,59,59,59,59,59,49,49,49,49,49,39,39,39,39,39,39,39,39,39,39,29],"gold":43,"neow_bonus":"THREE_ENEMY_KILL","is_prod":false,"is_daily":false,"chose_seed":false,"campfire_upgraded":11,"win_rate":0,"timestamp":1555646291,"path_taken":["M","?","?","?","$","R","E","R","T","E","M","M","E","M","R","BOSS","M","M","$","M","$","R","E","R","T","?","R","?","$","M","R","BOSS","M","$","?","?","M","R","E","$","T","E","R","?","R","E","R","BOSS","BOSS","R","$","E","BOSS"],"build_version":"2019-01-23","purchased_purges":1,"victory":true,"max_hp_per_floor":[71,71,71,71,71,71,71,71,71,78,78,78,78,78,78,78,78,78,78,78,78,78,78,78,78,78,78,78,78,78,78,78,78,78,78,78,78,78,78,78,78,78,78,78,78,78,78,78,78,78,78,78,78,78,78,78],"card_choices":[{"not_picked":["Streamline","Compile Driver"],"picked":"Tempest","floor":1.0},{"not_picked":["Sweeping Beam","Gash","BootSequence"],"picked":"SKIP","floor":7.0},{"not_picked":["Blizzard","Auto Shields"],"picked":"Echo Form","floor":10.0},{"not_picked":["Compile Driver","Beam Cell","Melter"],"picked":"SKIP","floor":11.0},{"not_picked":["Conserve Battery","Beam Cell"],"picked":"Streamline","floor":12.0},{"not_picked":["Conserve Battery","Scrape"],"picked":"Loop","floor":13.0},{"not_picked":["Storm","Barrage"],"picked":"Consume","floor":14.0},{"not_picked":["All For One","Fission"],"picked":"Core Surge","floor":16.0},{"not_picked":["Gash","Compile Driver"],"picked":"Turbo","floor":18.0},{"not_picked":["Ball Lightning","Steam"],"picked":"Coolheaded","floor":19.0},{"not_picked":["Good Instincts+1","Clash"],"picked":"Crippling Poison+1","floor":21.0},{"not_picked":["Amplify","Masterful Stab"],"picked":"Deflect+1","floor":24.0},{"not_picked":["Perfected Strike+1","Capacitor"],"picked":"Endless Agony","floor":29.0},{"not_picked":["Ghostly Armor","Dropkick"],"picked":"Warcry","floor":31.0},{"not_picked":["Multi-Cast","Seek"],"picked":"After Image","floor":33.0},{"not_picked":["Swift Strike","Conserve Battery"],"picked":"True Grit","floor":35.0},{"not_picked":["Go for the Eyes+1","Sucker Punch+1","Dagger Throw"],"picked":"SKIP","floor":39.0},{"not_picked":["Slice+1","Cold Snap","Twin Strike"],"picked":"SKIP","floor":41.0},{"not_picked":["Compile Driver","Sweeping Beam"],"picked":"Acrobatics","floor":44.0},{"not_picked":["Dramatic Entrance","Master of Strategy"],"picked":"Transmutation","floor":46.0},{"not_picked":["Trip","Blind"],"picked":"Jack Of All Trades","floor":46.0},{"not_picked":["Bandage Up","Discovery"],"picked":"Impatience","floor":46.0},{"not_picked":["Blizzard+1","FTL"],"picked":"Concentrate","floor":48.0},{"not_picked":["Wild Strike+1","Infernal Blade"],"picked":"Master of Strategy","floor":55.0}],"player_experience":4400859,"relics_obtained":[{"floor":7.0,"key":"MawBank"},{"floor":9.0,"key":"Tiny Chest"},{"floor":10.0,"key":"Strawberry"},{"floor":13.0,"key":"Dead Branch"},{"floor":24.0,"key":"Ginger"},{"floor":26.0,"key":"Lantern"},{"floor":41.0,"key":"Potion Belt"},{"floor":44.0,"key":"Incense Burner"},{"floor":48.0,"key":"Bottled Lightning"},{"floor":55.0,"key":"Pantograph"}],"event_choices":[{"cards_removed":["Strike_B"],"damage_healed":0.0,"max_hp_gain":0.0,"max_hp_loss":0.0,"gold_gain":0.0,"event_name":"The Cleric","player_choice":"Card Removal","floor":2.0,"gold_loss":75.0,"damage_taken":0.0},{"damage_healed":0.0,"max_hp_gain":0.0,"max_hp_loss":0.0,"gold_gain":0.0,"event_name":"Scrap Ooze","player_choice":"Success","floor":3.0,"gold_loss":0.0,"damage_taken":5.0,"relics_obtained":["Mummified Hand"]},{"cards_removed":["Defend_B"],"damage_healed":0.0,"max_hp_gain":0.0,"max_hp_loss":0.0,"gold_gain":0.0,"event_name":"Golden Wing","player_choice":"Card Removal","floor":4.0,"gold_loss":0.0,"damage_taken":7.0},{"damage_healed":0.0,"max_hp_gain":0.0,"max_hp_loss":0.0,"gold_gain":0.0,"event_name":"Lab","player_choice":"Got Potions","floor":27.0,"gold_loss":0.0,"damage_taken":0.0},{"damage_healed":0.0,"max_hp_gain":0.0,"max_hp_loss":0.0,"gold_gain":0.0,"event_name":"MindBloom","player_choice":"Upgrade","floor":37.0,"gold_loss":0.0,"damage_taken":0.0,"cards_upgraded":["Strike_B","Strike_B","Defend_B","Defend_B","Defend_B","Cold Snap","Echo Form","Streamline","Core Surge","Chill","Endless Agony","Warcry","After Image","True Grit"],"relics_obtained":["Mark of the Bloom"]},{"damage_healed":0.0,"max_hp_gain":0.0,"max_hp_loss":0.0,"gold_gain":0.0,"event_name":"Tomb of Lord Red Mask","player_choice":"Paid","floor":38.0,"gold_loss":95.0,"damage_taken":0.0,"relics_obtained":["Red Mask"]},{"damage_healed":0.0,"max_hp_gain":0.0,"max_hp_loss":0.0,"gold_gain":0.0,"event_name":"SensoryStone","player_choice":"Memory 3","floor":46.0,"gold_loss":0.0,"damage_taken":10.0}],"is_beta":false,"boss_relics":[{"not_picked":["Velvet Choker","Philosopher\u0027s Stone"],"picked":"Coffee Dripper"},{"not_picked":["Runic Dome","White Beast Statue"],"picked":"Inserter"}],"items_purged_floors":[36],"is_endless":false,"potions_floor_spawned":[11,13,19,21,31,35,41],"ascension_level":20}