{"gold_per_floor":[115,129,148,148,163,163,190,225,307,343,367,367],"floor_reached":12,"playtime":317,"items_purged":[],"score":180,"play_id":"58537a84-dcf4-4da4-9203-e164673d2651","local_time":"20190201212003","is_ascension_mode":true,"campfire_choices":[{"data":"Deadly Poison","floor":6,"key":"SMITH"}],"neow_cost":"NONE","seed_source_timestamp":27887358840109,"circlet_count":0,"master_deck":["AscendersBane","Defend_G","Defend_G","Defend_G","Defend_G","Defend_G","Strike_G","Strike_G","Strike_G","Strike_G","Strike_G","Survivor","Neutralize","Poisoned Stab","Deadly Poison+1","Acrobatics","Poisoned Stab","Backflip"],"relics":["Ring of the Snake","NeowsBlessing","Golden Idol","Strawberry","Singing Bowl","Omamori"],"potions_floor_usage":[8,10],"damage_taken":[{"damage":0,"enemies":"Cultist","floor":1,"turns":1},{"damage":0,"enemies":"Small Slimes","floor":2,"turns":1},{"damage":0,"enemies":"Jaw Worm","floor":3,"turns":1},{"damage":9,"enemies":"2 Fungi Beasts","floor":5,"turns":5},{"damage":32,"enemies":"3 Sentries","floor":8,"turns":8},{"damage":15,"enemies":"Lagavulin","floor":10,"turns":6},{"damage":5,"enemies":"Large Slime","floor":11,"turns":6},{"damage":10,"enemies":"3 Louse","floor":12,"turns":2}],"seed_played":"8976839763300605715","potions_obtained":[{"floor":1,"key":"PowerPotion"},{"floor":2,"key":"Block Potion"}],"is_trial":false,"path_per_floor":["M","M","M","?","M","R","T","E","T","E","M","M"],"character_chosen":"THE_SILENT","items_purchased":[],"campfire_rested":0,"item_purchase_floors":[],"current_hp_per_floor":[59,59,59,59,50,50,50,25,25,12,7,0],"gold":367,"neow_bonus":"THREE_ENEMY_KILL","is_prod":false,"is_daily":false,"chose_seed":false,"campfire_upgraded":1,"win_rate":0,"timestamp":1549027203,"path_taken":["M","?","?","?","M","R","?","E","T","E","M","M"],"build_version":"2019-01-23","purchased_purges":0,"victory":false,"max_hp_per_floor":[66,66,66,60,60,60,60,67,67,69,69,69],"card_choices":[{"not_picked":["Expertise","Caltrops"],"picked":"Poisoned Stab","floor":1},{"not_picked":["Poisoned Stab","Blade Dance"],"picked":"Deadly Poison","floor":2},{"not_picked":["Quick Slash","Dodge and Roll","Endless Agony"],"picked":"SKIP","floor":3},{"not_picked":["All Out Attack","Blur"],"picked":"Acrobatics","floor":5},{"not_picked":["Terror","Distraction"],"picked":"Poisoned Stab","floor":8},{"not_picked":["PiercingWail","Tactician","Venomology"],"picked":"Singing Bowl","floor":10},{"not_picked":["Deadly Poison","Poisoned Stab"],"picked":"Backflip","floor":11}],"player_experience":1406429,"relics_obtained":[{"floor":8,"key":"Strawberry"},{"floor":9,"key":"Singing Bowl"},{"floor":10,"key":"Omamori"}],"event_choices":[{"damage_healed":0,"gold_gain":0,"player_choice":"Lose Max HP","damage_taken":0,"relics_obtained":["Golden Idol"],"max_hp_gain":0,"max_hp_loss":6,"event_name":"Golden Idol","floor":4,"gold_loss":0}],"is_beta":true,"boss_relics":[],"items_purged_floors":[],"is_endless":false,"potions_floor_spawned":[1,2],"killed_by":"3 Louse","ascension_level":20}