{"gold_per_floor":[112,130,145,161,180,180,198,212,236,249,249,262,273,63,63,160,160,180,207,207,107,119,49,61,72,72,183,195,235,247,134,134,235,235,249,267,267,280,299,299,319,319,319,338,560,570,585,65,65,65],"floor_reached":51,"playtime":1896,"items_purged":["Strike_G","Pain","Strike_G"],"score":719,"play_id":"0d065106-fc5c-4aff-ad7d-7862d09faf14","local_time":"20181124124639","is_ascension_mode":false,"campfire_choices":[{"data":"Catalyst","floor":6.0,"key":"SMITH"},{"data":"Deadly Poison","floor":11.0,"key":"SMITH"},{"data":"Burst","floor":15.0,"key":"SMITH"},{"data":"A Thousand Cuts","floor":28.0,"key":"SMITH"},{"data":"Noxious Fumes","floor":30.0,"key":"SMITH"},{"data":"Caltrops","floor":32.0,"key":"SMITH"},{"data":"Caltrops","floor":40,"key":"SMITH"},{"data":"Caltrops","floor":42,"key":"SMITH"},{"data":"Noxious Fumes","floor":49,"key":"SMITH"}],"neow_cost":"NONE","seed_source_timestamp":10616003157779,"circlet_count":0,"master_deck":["Defend_G","Defend_G","Defend_G","Defend_G","Defend_G","Strike_G","Survivor","Neutralize","Caltrops+1","After Image","Deadly Poison+1","Catalyst+1","Caltrops+1","Deadly Poison","Caltrops+1","Burst+1","Adrenaline","Backflip","Noxious Fumes+1","A Thousand Cuts+1","After Image","Deadly Poison+1","Noxious Fumes+1","Noxious Fumes+1","Doppelganger","Forethought","Noxious Fumes","Deflect"],"special_seed":0,"relics":["Ring of the Snake","Anchor","White Beast Statue","Red Mask","WarpedTongs","MawBank","Tough Bandages","Runic Pyramid","Blue Candle","Torii"],"potions_floor_usage":[36,39,41,44,44,46,47],"damage_taken":[{"damage":0.0,"enemies":"2 Louse","floor":1.0,"turns":3.0},{"damage":2.0,"enemies":"Small Slimes","floor":2.0,"turns":5.0},{"damage":0.0,"enemies":"Cultist","floor":3.0,"turns":5.0},{"damage":0.0,"enemies":"Blue Slaver","floor":4.0,"turns":5.0},{"damage":3.0,"enemies":"Exordium Wildlife","floor":5.0,"turns":6.0},{"damage":9.0,"enemies":"Lots of Slimes","floor":7.0,"turns":5.0},{"damage":9.0,"enemies":"Large Slime","floor":8.0,"turns":9.0},{"damage":8.0,"enemies":"Exordium Thugs","floor":10.0,"turns":5.0},{"damage":0.0,"enemies":"Blue Slaver","floor":12.0,"turns":3.0},{"damage":0.0,"enemies":"Gremlin Gang","floor":13.0,"turns":3.0},{"damage":25.0,"enemies":"Hexaghost","floor":16.0,"turns":5.0},{"damage":0.0,"enemies":"Shell Parasite","floor":18.0,"turns":3.0},{"damage":0.0,"enemies":"Masked Bandits","floor":19.0,"turns":5.0},{"damage":0.0,"enemies":"Spheric Guardian","floor":22.0,"turns":3.0},{"damage":7.0,"enemies":"3 Cultists","floor":24.0,"turns":6.0},{"damage":1.0,"enemies":"Centurion and Healer","floor":25.0,"turns":6.0},{"damage":3.0,"enemies":"Slavers","floor":29.0,"turns":5.0},{"damage":33.0,"enemies":"Collector","floor":33.0,"turns":5.0},{"damage":0.0,"enemies":"3 Darklings","floor":35.0,"turns":5.0},{"damage":0,"enemies":"3 Shapes","floor":36,"turns":6},{"damage":0,"enemies":"3 Darklings","floor":38,"turns":7},{"damage":0,"enemies":"Sphere and 2 Shapes","floor":39,"turns":5},{"damage":0,"enemies":"Spire Growth","floor":41,"turns":3},{"damage":5,"enemies":"Jaw Worm Horde","floor":44,"turns":5},{"damage":0,"enemies":"4 Shapes","floor":46,"turns":7},{"damage":0,"enemies":"Maw","floor":47,"turns":4},{"damage":52,"enemies":"Time Eater","floor":50,"turns":9}],"seed_played":"9165289332858459458","potions_obtained":[{"floor":3.0,"key":"FearPotion"},{"floor":7.0,"key":"Explosive Potion"},{"floor":12.0,"key":"Regen Potion"},{"floor":13.0,"key":"Dexterity Potion"},{"floor":16.0,"key":"Swift Potion"},{"floor":18.0,"key":"Energy Potion"},{"floor":19.0,"key":"SkillPotion"},{"floor":22.0,"key":"Explosive Potion"},{"floor":24.0,"key":"Fire Potion"},{"floor":25.0,"key":"Dexterity Potion"},{"floor":29.0,"key":"Weak Potion"},{"floor":33.0,"key":"SkillPotion"},{"floor":35.0,"key":"Block Potion"},{"floor":36,"key":"Regen Potion"},{"floor":38,"key":"AttackPotion"},{"floor":39,"key":"Fruit Juice"},{"floor":41,"key":"Explosive Potion"},{"floor":44,"key":"Fire Potion"},{"floor":46,"key":"EssenceOfSteel"},{"floor":47,"key":"FearPotion"}],"is_trial":false,"path_per_floor":["M","M","M","M","M","R","M","M","T","M","R","M","M","$","R","B",null,"M","?","?","$","M","$","M","M","T","?","R","E","R","$","R","B",null,"M","M","?","M","M","R","M","R","T","M","?","M","M","$","R","B",null],"character_chosen":"THE_SILENT","items_purchased":["Burst","Noxious Fumes","Forethought","Noxious Fumes","Torii","Deflect"],"campfire_rested":0,"item_purchase_floors":[14,23,48,48,48,48],"current_hp_per_floor":[70,68,68,68,65,65,56,47,47,39,39,39,39,39,39,14,70,70,70,70,70,70,70,63,62,62,62,62,59,59,59,59,26,70,70,70,70,70,70,70,75,75,75,70,70,75,75,75,75,23],"gold":65,"neow_bonus":"REMOVE_CARD","is_prod":false,"is_daily":false,"chose_seed":false,"campfire_upgraded":9,"win_rate":0,"timestamp":1543034799,"path_taken":["M","M","M","M","M","R","M","M","T","M","R","M","M","$","R","BOSS","M","?","?","$","M","$","?","M","T","?","R","E","R","?","R","BOSS","M","M","?","?","M","R","M","R","T","M","?","M","M","$","R","BOSS"],"build_version":"2018-11-15","purchased_purges":3,"victory":true,"max_hp_per_floor":[70,70,70,70,70,70,70,70,70,70,70,70,70,70,70,70,70,70,70,70,70,70,70,70,70,70,70,70,70,70,70,70,70,70,70,70,70,70,70,70,75,75,75,75,75,75,75,75,75,75],"card_choices":[{"not_picked":["Deflect","Dagger Spray"],"picked":"Caltrops","floor":1.0},{"not_picked":["Dagger Throw","Dagger Spray","Blade Dance"],"picked":"SKIP","floor":2.0},{"not_picked":["Blade Dance","Dodge and Roll"],"picked":"After Image","floor":3.0},{"not_picked":["Flying Knee","Deflect"],"picked":"Deadly Poison","floor":4.0},{"not_picked":["Acrobatics","Noxious Fumes"],"picked":"Catalyst","floor":5.0},{"not_picked":["Choke","Dagger Throw","Calculated Gamble"],"picked":"SKIP","floor":7.0},{"not_picked":["Accuracy","PiercingWail","Riddle With Holes"],"picked":"SKIP","floor":8.0},{"not_picked":["Slice","Distraction"],"picked":"Caltrops","floor":10.0},{"not_picked":["Underhanded Strike","Dagger Throw"],"picked":"Deadly Poison","floor":12.0},{"not_picked":["Blade Dance","Bouncing Flask"],"picked":"Caltrops","floor":13.0},{"not_picked":["Envenom","A Thousand Cuts"],"picked":"Adrenaline","floor":16.0},{"not_picked":["Reflex+1","All Out Attack"],"picked":"Backflip","floor":18.0},{"not_picked":["Cloak And Dagger","Predator","Flying Knee+1"],"picked":"SKIP","floor":22.0},{"not_picked":["Flying Knee","Dagger Spray"],"picked":"A Thousand Cuts","floor":24.0},{"not_picked":["Expertise","Bane+1","Sucker Punch+1"],"picked":"SKIP","floor":25.0},{"not_picked":["Dagger Throw","Acrobatics","Heel Hook"],"picked":"SKIP","floor":29.0},{"not_picked":["Wraith Form v2","A Thousand Cuts"],"picked":"After Image","floor":33.0},{"not_picked":["Dagger Throw+1","Riddle With Holes+1","Poisoned Stab+1"],"picked":"SKIP","floor":35.0},{"not_picked":["Finisher","Acrobatics+1"],"picked":"Deadly Poison+1","floor":36},{"not_picked":["Deadly Poison","Blade Dance","Terror"],"picked":"SKIP","floor":38},{"not_picked":["Masterful Stab","Reflex","Underhanded Strike+1"],"picked":"SKIP","floor":39},{"not_picked":["Poisoned Stab","Terror+1","Dagger Spray+1"],"picked":"SKIP","floor":41},{"not_picked":["Crippling Poison","Riddle With Holes+1"],"picked":"Noxious Fumes","floor":44},{"not_picked":["Outmaneuver","Flying Knee"],"picked":"Noxious Fumes+1","floor":46},{"not_picked":["Acrobatics+1","Dagger Spray"],"picked":"Doppelganger","floor":47}],"player_experience":1138389,"relics_obtained":[{"floor":9.0,"key":"Anchor"},{"floor":19.0,"key":"Red Mask"},{"floor":26.0,"key":"MawBank"},{"floor":29.0,"key":"Tough Bandages"},{"floor":43,"key":"Blue Candle"}],"event_choices":[{"damage_healed":0.0,"max_hp_gain":0.0,"max_hp_loss":0.0,"gold_gain":0.0,"event_name":"Masked Bandits","player_choice":"Fought Bandits","floor":19.0,"gold_loss":0.0,"damage_taken":0.0},{"damage_healed":0.0,"max_hp_gain":0.0,"max_hp_loss":0.0,"gold_gain":0.0,"event_name":"Accursed Blacksmith","player_choice":"Rummage","floor":20.0,"gold_loss":0.0,"damage_taken":0.0,"relics_obtained":["WarpedTongs"],"cards_obtained":["Pain"]},{"damage_healed":0.0,"max_hp_gain":0.0,"max_hp_loss":0.0,"gold_gain":99.0,"event_name":"Nest","player_choice":"Stole From Cult","floor":27.0,"gold_loss":0.0,"damage_taken":0.0},{"cards_removed":["Strike_G"],"damage_healed":0,"gold_gain":0,"player_choice":"Purged","damage_taken":0,"max_hp_gain":0,"max_hp_loss":0,"event_name":"Purifier","floor":37,"gold_loss":0},{"damage_healed":0,"gold_gain":222,"player_choice":"Wore Mask","damage_taken":0,"max_hp_gain":0,"max_hp_loss":0,"event_name":"Tomb of Lord Red Mask","floor":45,"gold_loss":0}],"is_beta":false,"boss_relics":[{"not_picked":["Fusion Hammer","Velvet Choker"],"picked":"White Beast Statue"},{"not_picked":["Ring of the Serpent","Pandora\u0027s Box"],"picked":"Runic Pyramid"}],"items_purged_floors":[14,21,31],"is_endless":false,"potions_floor_spawned":[3,7,12,13,16,18,19,22,24,25,29,33,35,36,38,39,41,44,46,47],"ascension_level":0}