{"gold_per_floor":[112,125,141,157,176,176,207,207,207,207,222,222,234,267,267,367,367,379,379,397,408,408,408,443,443,443,295,295,313,340,340,340,436,486,501,119,129,129,142,142,176,176,176,195,70,70,70,70,70,70],"floor_reached":51,"playtime":5244,"items_purged":["Strike_R","Strike_R","Defend_R"],"score":688,"play_id":"81f2a6af-d563-49f1-a2fd-7873e95b1849","local_time":"20190713205154","is_ascension_mode":true,"campfire_choices":[{"data":"Disarm","floor":6,"key":"SMITH"},{"data":"Sentinel","floor":10,"key":"SMITH"},{"data":"Clash","floor":12,"key":"SMITH"},{"floor":15,"key":"REST"},{"floor":23,"key":"REST"},{"floor":25,"key":"REST"},{"data":"RitualDagger","floor":28,"key":"SMITH"},{"floor":32,"key":"REST"},{"floor":40,"key":"REST"},{"floor":42,"key":"REST"},{"floor":47,"key":"REST"},{"floor":49,"key":"REST"}],"neow_cost":"NONE","seed_source_timestamp":0,"circlet_count":0,"master_deck":["Defend_R","Bash","Exhume","Disarm+1","Seeing Red","Twin Strike","Burning Pact","Sever Soul","Sentinel+1","Clash+1","Rampage+1","Intimidate+1","Dark Embrace","Flame Barrier+1","RitualDagger+1","Shrug It Off+1","Twin Strike","Rage+1","Clothesline+1","Fiend Fire+1","Flame Barrier+1","Clothesline+1","Double Tap+1","Violence+1","Flash of Steel+1","Warcry+1","Double Tap+1","Whirlwind+1","Power Through+1"],"special_seed":0,"relics":["Burning Blood","Letter Opener","Unceasing Top","Toxic Egg 2","Sozu","Girya","Molten Egg 2","Bag of Preparation","Tiny House","Red Skull","FossilizedHelix"],"potions_floor_usage":[7,14,16],"damage_taken":[{"damage":6.0,"enemies":"2 Louse","floor":1.0,"turns":4.0},{"damage":0.0,"enemies":"Small Slimes","floor":2.0,"turns":6.0},{"damage":9.0,"enemies":"Jaw Worm","floor":3.0,"turns":7.0},{"damage":18.0,"enemies":"Exordium Wildlife","floor":4.0,"turns":7.0},{"damage":9.0,"enemies":"Exordium Thugs","floor":5.0,"turns":6.0},{"damage":14,"enemies":"Gremlin Nob","floor":7,"turns":3},{"damage":10,"enemies":"Blue Slaver","floor":11,"turns":4},{"damage":11,"enemies":"2 Fungi Beasts","floor":13,"turns":3},{"damage":22,"enemies":"3 Sentries","floor":14,"turns":7},{"damage":50,"enemies":"The Guardian","floor":16,"turns":11},{"damage":32,"enemies":"2 Thieves","floor":18,"turns":4},{"damage":23,"enemies":"Shell Parasite","floor":20,"turns":6},{"damage":13,"enemies":"Snecko","floor":21,"turns":7},{"damage":25,"enemies":"Book of Stabbing","floor":24,"turns":7},{"damage":12,"enemies":"Snake Plant","floor":29,"turns":3},{"damage":25,"enemies":"Champ","floor":33,"turns":14},{"damage":19,"enemies":"3 Darklings","floor":35,"turns":7},{"damage":15,"enemies":"3 Shapes","floor":37,"turns":5},{"damage":37,"enemies":"Jaw Worm Horde","floor":39,"turns":7},{"damage":38,"enemies":"Reptomancer","floor":41,"turns":10},{"damage":21,"enemies":"4 Shapes","floor":44,"turns":3},{"damage":28,"enemies":"Time Eater","floor":50,"turns":11}],"seed_played":"-6073611419288036370","potions_obtained":[{"floor":1.0,"key":"AttackPotion"},{"floor":2.0,"key":"Poison Potion"},{"floor":5.0,"key":"SteroidPotion"},{"floor":16,"key":"Block Potion"}],"is_trial":false,"path_per_floor":["M","M","M","M","M","R","E","?","T","R","M","R","M","E","R","B",null,"M","?","M","M","?","R","E","R","T","$","R","M","T","?","R","B",null,"M","$","M","?","M","R","E","R","T","M","$","?","R","?","R","B",null],"character_chosen":"IRONCLAD","items_purchased":["Rage+1","Violence+1","Flash of Steel+1"],"campfire_rested":8,"item_purchase_floors":[27,36,36],"current_hp_per_floor":[80,80,77,65,62,62,54,54,54,54,50,50,45,29,53,9,80,54,48,31,24,24,48,29,53,53,53,53,47,47,47,71,52,85,72,72,63,63,32,57,25,50,50,35,35,35,60,60,85,63],"gold":70,"neow_bonus":"ONE_RANDOM_RARE_CARD","is_prod":false,"is_daily":false,"chose_seed":false,"campfire_upgraded":4,"win_rate":0,"timestamp":1563069114,"path_taken":["M","M","M","M","M","R","E","?","T","R","M","R","M","E","R","BOSS","M","?","M","M","?","R","E","R","T","?","R","?","?","?","R","BOSS","M","$","M","?","M","R","E","R","T","?","$","?","R","?","R","BOSS"],"build_version":"2019-07-05","purchased_purges":3,"victory":true,"max_hp_per_floor":[80,80,80,80,80,80,80,80,80,80,80,80,80,80,80,80,80,80,80,80,80,80,80,80,80,80,80,80,80,80,80,80,80,85,85,85,85,85,85,85,85,85,85,85,85,85,85,85,85,85],"card_choices":[{"not_picked":["Feel No Pain","Perfected Strike"],"picked":"Disarm","floor":1.0},{"not_picked":["Combust","Headbutt"],"picked":"Seeing Red","floor":2.0},{"not_picked":["Sword Boomerang","Flex"],"picked":"Twin Strike","floor":3.0},{"not_picked":["Wild Strike","Havoc"],"picked":"Burning Pact","floor":4.0},{"not_picked":["Iron Wave","Clothesline"],"picked":"Sever Soul","floor":5.0},{"not_picked":["Armaments","Reckless Charge"],"picked":"Sentinel","floor":7},{"not_picked":["Headbutt","Warcry"],"picked":"Clash","floor":11},{"not_picked":["Havoc","Reaper"],"picked":"Rampage","floor":13},{"not_picked":["Havoc","Warcry"],"picked":"Intimidate","floor":14},{"not_picked":["Fiend Fire","Offering+1"],"picked":"Dark Embrace","floor":16},{"not_picked":["Sword Boomerang+1","Body Slam"],"picked":"Flame Barrier+1","floor":18},{"not_picked":["Body Slam+1","Twin Strike"],"picked":"Shrug It Off+1","floor":20},{"not_picked":["Havoc+1","Body Slam","Dropkick"],"picked":"SKIP","floor":21},{"not_picked":["Barricade","Warcry+1"],"picked":"Twin Strike","floor":24},{"not_picked":["Wild Strike+1","Evolve"],"picked":"Clothesline+1","floor":29},{"not_picked":["Entrench+1","Pommel Strike+1"],"picked":"Clothesline+1","floor":34},{"not_picked":["Pommel Strike+1","Dropkick+1"],"picked":"Double Tap+1","floor":35},{"not_picked":["Headbutt+1","Havoc+1"],"picked":"Warcry+1","floor":37},{"not_picked":["Shrug It Off+1","Perfected Strike+1","Havoc+1"],"picked":"SKIP","floor":39},{"not_picked":["Dropkick+1","Wild Strike+1"],"picked":"Whirlwind+1","floor":41},{"not_picked":["Warcry+1","Body Slam+1"],"picked":"Power Through+1","floor":44}],"player_experience":155678,"relics_obtained":[{"floor":7,"key":"Letter Opener"},{"floor":9,"key":"Unceasing Top"},{"floor":14,"key":"Toxic Egg 2"},{"floor":24,"key":"Girya"},{"floor":26,"key":"Molten Egg 2"},{"floor":30,"key":"Bag of Preparation"},{"floor":41,"key":"Red Skull"},{"floor":43,"key":"FossilizedHelix"}],"event_choices":[{"damage_healed":0,"gold_gain":0,"player_choice":"Ignored","damage_taken":0,"max_hp_gain":0,"max_hp_loss":0,"event_name":"Liars Game","floor":8,"gold_loss":0},{"damage_healed":0,"gold_gain":0,"player_choice":"Joined the Cult","damage_taken":6,"max_hp_gain":0,"max_hp_loss":0,"event_name":"Nest","floor":19,"gold_loss":0,"cards_obtained":["RitualDagger"]},{"damage_healed":0,"gold_gain":0,"player_choice":"Ignored","damage_taken":0,"max_hp_gain":0,"max_hp_loss":0,"event_name":"The Mausoleum","floor":22,"gold_loss":0},{"damage_healed":0,"gold_gain":0,"cards_transformed":["Strike_R","Strike_R"],"player_choice":"Became Test Subject","damage_taken":0,"max_hp_gain":0,"max_hp_loss":0,"event_name":"Drug Dealer","floor":31,"gold_loss":0,"cards_obtained":["Fiend Fire","Flame Barrier"]},{"damage_healed":0,"gold_gain":0,"cards_transformed":["Strike_R"],"player_choice":"Transformed","damage_taken":0,"max_hp_gain":0,"max_hp_loss":0,"event_name":"Transmorgrifier","floor":38,"gold_loss":0,"cards_obtained":["Double Tap"]},{"cards_removed":["Defend_R"],"damage_healed":0,"gold_gain":0,"player_choice":"Removed Skill","damage_taken":0,"max_hp_gain":0,"max_hp_loss":0,"event_name":"Falling","floor":46,"gold_loss":0},{"cards_removed":["Defend_R"],"damage_healed":0,"gold_gain":0,"player_choice":"Card Removal","damage_taken":0,"max_hp_gain":0,"max_hp_loss":0,"event_name":"Wheel of Change","floor":48,"gold_loss":0}],"is_beta":false,"boss_relics":[{"not_picked":["Astrolabe","Black Blood"],"picked":"Sozu"},{"not_picked":["Cursed Key","Black Star"],"picked":"Tiny House"}],"items_purged_floors":[27,36,45],"is_endless":false,"potions_floor_spawned":[1,2,5,16,18,24,29,33,35],"ascension_level":1}