{"gold_per_floor":[215,229,74,92,92,92,117,117,117,117,117,40,40,60,60,161,161,177,187,87,12,29,29,47,61,61,71,85,85,85,85,85,180,180,197,214,214,231,231,231,248,248,248,42,42,42,55,75,75,75],"floor_reached":51,"playtime":1808,"items_purged":["Strike_B","Defend_B","Defend_B"],"score":724,"play_id":"56a5c8e3-3250-4457-9905-8c13df24de93","local_time":"20181025101826","is_ascension_mode":false,"campfire_choices":[{"data":"Consume","floor":6.0,"key":"SMITH"},{"data":"Capacitor","floor":8.0,"key":"SMITH"},{"data":"Zap","floor":11.0,"key":"SMITH"},{"data":"Defragment","floor":13.0,"key":"SMITH"},{"data":"Dualcast","floor":15.0,"key":"SMITH"},{"data":"Amplify","floor":23,"key":"SMITH"},{"data":"Conserve Battery","floor":29,"key":"SMITH"},{"data":"Conserve Battery","floor":32,"key":"SMITH"},{"data":"Rainbow","floor":40,"key":"SMITH"},{"data":"Redo","floor":42,"key":"SMITH"},{"data":"Blind","floor":46,"key":"SMITH"},{"data":"Capacitor","floor":49,"key":"SMITH"}],"neow_cost":"NONE","seed_source_timestamp":0,"circlet_count":0,"master_deck":["Strike_B","Strike_B","Defend_B","Defend_B","Zap+1","Dualcast+1","Ball Lightning","Capacitor+1","Consume+1","Cold Snap","Defragment+1","Conserve Battery+1","Amplify+1","Conserve Battery+1","Go for the Eyes+1","BootSequence","Conserve Battery+1","Doom and Gloom+1","Turbo+1","Rainbow+1","Redo+1","Conserve Battery+1","Coolheaded+1","Compile Driver+1","Capacitor+1","Blind+1","Flash of Steel","Panache","Beam Cell+1","Conserve Battery"],"special_seed":0,"relics":["Cracked Core","Bird Faced Urn","Mercury Hourglass","Du-Vu Doll","Runic Pyramid","Bronze Scales","Bag of Marbles","Coffee Dripper","NlothsMask"],"potions_floor_usage":[50,50],"damage_taken":[{"damage":4.0,"enemies":"Jaw Worm","floor":1.0,"turns":4.0},{"damage":0.0,"enemies":"2 Louse","floor":2.0,"turns":1.0},{"damage":10.0,"enemies":"Small Slimes","floor":4.0,"turns":3.0},{"damage":16.0,"enemies":"Lagavulin","floor":7.0,"turns":6.0},{"damage":8.0,"enemies":"Exordium Wildlife","floor":14.0,"turns":3.0},{"damage":5.0,"enemies":"The Guardian","floor":16.0,"turns":8.0},{"damage":0,"enemies":"Shell Parasite","floor":18,"turns":5},{"damage":10,"enemies":"3 Byrds","floor":19,"turns":4},{"damage":6,"enemies":"Sentry and Sphere","floor":22,"turns":5},{"damage":0,"enemies":"Snecko","floor":24,"turns":6},{"damage":0,"enemies":"Cultist and Chosen","floor":25,"turns":5},{"damage":0,"enemies":"Centurion and Healer","floor":27,"turns":4},{"damage":13,"enemies":"Snake Plant","floor":28,"turns":3},{"damage":0,"enemies":"Champ","floor":33,"turns":7},{"damage":13,"enemies":"3 Darklings","floor":35,"turns":5},{"damage":0,"enemies":"Orb Walker","floor":36,"turns":4},{"damage":7,"enemies":"Sphere and 2 Shapes","floor":38,"turns":4},{"damage":0,"enemies":"Maw","floor":41,"turns":7},{"damage":1,"enemies":"Transient","floor":47,"turns":5},{"damage":8,"enemies":"Spire Growth","floor":48,"turns":5},{"damage":39,"enemies":"Donu and Deca","floor":50,"turns":9}],"seed_played":"5730557604397479695","potions_obtained":[{"floor":1.0,"key":"Weak Potion"},{"floor":14.0,"key":"Strength Potion"},{"floor":16.0,"key":"Block Potion"},{"floor":24,"key":"Poison Potion"},{"floor":33,"key":"Fire Potion"}],"is_trial":false,"path_per_floor":["M","M","$","M","?","R","E","R","T","T","R","$","R","M","R","B",null,"M","M","$","?","M","R","M","M","T","M","M","R","T","$","R","B",null,"M","M","?","M","?","R","M","R","T","$","?","R","M","M","R","B"],"character_chosen":"DEFECT","items_purchased":["Consume","Defragment","Capacitor"],"campfire_rested":0,"item_purchase_floors":[3,12,44],"current_hp_per_floor":[71,71,71,61,66,66,50,50,50,50,50,50,50,42,42,41,80,80,76,76,76,74,74,78,80,80,80,71,71,71,71,71,79,80,71,73,73,72,72,72,78,78,78,78,68,68,77,77,77,48],"gold":75,"neow_bonus":"HUNDRED_GOLD","is_prod":false,"is_daily":false,"chose_seed":false,"campfire_upgraded":12,"win_rate":0,"timestamp":1540433906,"path_taken":["M","M","$","M","?","R","E","R","T","?","R","?","R","M","R","BOSS","M","M","$","?","?","R","M","?","T","M","M","R","?","$","R","BOSS","M","M","?","?","?","R","M","R","T","?","?","R","M","M","R","BOSS"],"build_version":"2018-10-18","purchased_purges":3,"victory":true,"max_hp_per_floor":[75,75,75,75,80,80,80,80,80,80,80,80,80,80,80,80,80,80,80,80,80,80,80,80,80,80,80,80,80,80,80,80,80,80,80,80,80,80,80,80,80,80,80,80,80,80,80,80,80,80],"card_choices":[{"not_picked":["Tempest","Coolheaded"],"picked":"Ball Lightning","floor":1.0},{"not_picked":["Gash","White Noise"],"picked":"Capacitor","floor":2.0},{"not_picked":["Go for the Eyes","Turbo","Static Discharge"],"picked":"SKIP","floor":4.0},{"not_picked":["Tempest","Turbo"],"picked":"Cold Snap","floor":7.0},{"not_picked":["Rip and Tear","Leap"],"picked":"Conserve Battery","floor":14.0},{"not_picked":["Thunder Strike","Machine Learning"],"picked":"Amplify","floor":16.0},{"not_picked":["Rebound","Cold Snap"],"picked":"Conserve Battery+1","floor":18},{"not_picked":["Hologram","Reinforced Body"],"picked":"Go for the Eyes+1","floor":19},{"not_picked":["Double Energy+1","Hello World+1"],"picked":"BootSequence","floor":22},{"not_picked":["Rip and Tear","Hologram"],"picked":"Conserve Battery","floor":24},{"not_picked":["FTL","Barrage"],"picked":"Doom and Gloom+1","floor":25},{"not_picked":["Streamline","Self Repair"],"picked":"Turbo+1","floor":27},{"not_picked":["Blizzard","Hologram","Barrage+1"],"picked":"SKIP","floor":28},{"not_picked":["All For One","Amplify"],"picked":"Rainbow","floor":33},{"not_picked":["Barrage+1","Genetic Algorithm+1"],"picked":"Redo","floor":35},{"not_picked":["Go for the Eyes","Consume+1"],"picked":"Conserve Battery+1","floor":36},{"not_picked":["Stack","Hello World+1"],"picked":"Coolheaded+1","floor":38},{"not_picked":["Beam Cell","Gash"],"picked":"Compile Driver+1","floor":41},{"not_picked":["Finesse","Trip"],"picked":"Blind","floor":45},{"not_picked":["Good Instincts","Deep Breath"],"picked":"Flash of Steel","floor":45},{"not_picked":["Mind Blast","HandOfGreed"],"picked":"Panache","floor":45},{"not_picked":["Gash","Streamline"],"picked":"Beam Cell+1","floor":47},{"not_picked":["Reinforced Body","Storm"],"picked":"Conserve Battery","floor":48}],"player_experience":623847,"relics_obtained":[{"floor":7.0,"key":"Bird Faced Urn"},{"floor":9.0,"key":"Mercury Hourglass"},{"floor":10.0,"key":"Du-Vu Doll"},{"floor":26,"key":"Bronze Scales"},{"floor":30,"key":"Bag of Marbles"}],"event_choices":[{"damage_healed":0.0,"max_hp_gain":5.0,"max_hp_loss":0.0,"gold_gain":0.0,"event_name":"Big Fish","player_choice":"Donut","floor":5.0,"gold_loss":0.0,"damage_taken":0.0},{"cards_removed":["Strike_B"],"damage_healed":0,"gold_gain":0,"player_choice":"Gave Gold","damage_taken":0,"max_hp_gain":0,"max_hp_loss":0,"event_name":"Beggar","floor":21,"gold_loss":75},{"damage_healed":0,"gold_gain":0,"player_choice":"Ignored","damage_taken":0,"max_hp_gain":0,"max_hp_loss":0,"event_name":"Tomb of Lord Red Mask","floor":37,"gold_loss":0},{"damage_healed":0,"gold_gain":0,"player_choice":"Trade","damage_taken":0,"relics_obtained":["NlothsMask"],"max_hp_gain":0,"max_hp_loss":0,"event_name":"FaceTrader","floor":39,"gold_loss":0},{"damage_healed":0,"gold_gain":0,"player_choice":"Memory 3","damage_taken":10,"max_hp_gain":0,"max_hp_loss":0,"event_name":"SensoryStone","floor":45,"gold_loss":0}],"is_beta":false,"boss_relics":[{"not_picked":["Sozu","Orrery"],"picked":"Runic Pyramid"},{"not_picked":["Tiny House","Empty Cage"],"picked":"Coffee Dripper"}],"items_purged_floors":[3,20,44],"is_endless":false,"potions_floor_spawned":[1,14,16,24,25,27,28,33,35,41,47],"ascension_level":0}