{"gold_per_floor":[111,111,128,143,157,157,173,173,227,259,277,294,294,369,369,369],"floor_reached":16,"playtime":472,"items_purged":[],"score":208,"play_id":"61503928-90b9-498d-87f3-cf0cb49c58cd","local_time":"20190218203740","is_ascension_mode":true,"campfire_choices":[{"data":"Beam Cell","floor":6,"key":"SMITH"},{"data":"Streamline","floor":8,"key":"SMITH"},{"data":"Dualcast","floor":15,"key":"SMITH"}],"neow_cost":"PERCENT_DAMAGE","seed_source_timestamp":88875291476806,"circlet_count":0,"master_deck":["AscendersBane","Strike_B","Strike_B","Defend_B","Defend_B","Defend_B","Zap","Dualcast+1","Beam Cell+1","Genetic Algorithm","Streamline+1","Coolheaded","Rip and Tear","Self Repair","Skim","Leap","Capacitor"],"relics":["Cracked Core","PreservedInsect","Kunai"],"potions_floor_usage":[10],"damage_taken":[{"damage":4,"enemies":"Small Slimes","floor":1,"turns":4},{"damage":1,"enemies":"Cultist","floor":3,"turns":3},{"damage":0,"enemies":"2 Louse","floor":4,"turns":1},{"damage":7,"enemies":"Blue Slaver","floor":5,"turns":4},{"damage":1,"enemies":"Exordium Wildlife","floor":7,"turns":3},{"damage":3,"enemies":"3 Sentries","floor":10,"turns":4},{"damage":17,"enemies":"Gremlin Gang","floor":11,"turns":8},{"damage":9,"enemies":"2 Fungi Beasts","floor":12,"turns":3},{"damage":13,"enemies":"Hexaghost","floor":16,"turns":7}],"seed_played":"920412038686112768","potions_obtained":[{"floor":4,"key":"Energy Potion"},{"floor":5,"key":"Dexterity Potion"},{"floor":11,"key":"LiquidBronze"}],"is_trial":false,"path_per_floor":["M","?","M","M","M","R","M","R","T","E","M","M","?","?","R","B"],"character_chosen":"DEFECT","items_purchased":[],"campfire_rested":0,"item_purchase_floors":[],"current_hp_per_floor":[42,42,41,41,34,34,33,33,33,37,27,18,18,7,7,0],"gold":369,"neow_bonus":"TRANSFORM_TWO_CARDS","is_prod":false,"is_daily":false,"chose_seed":false,"campfire_upgraded":3,"win_rate":0,"timestamp":1550493460,"path_taken":["M","?","M","M","M","R","?","R","T","E","M","M","?","?","R","BOSS"],"build_version":"2019-01-23","purchased_purges":0,"victory":false,"max_hp_per_floor":[71,71,71,71,71,71,71,71,71,71,71,71,71,71,71,71],"card_choices":[{"not_picked":["Turbo","Fusion","Lockon"],"picked":"SKIP","floor":1},{"not_picked":["Go for the Eyes","Steam"],"picked":"Streamline","floor":3},{"not_picked":["Hologram","Fusion"],"picked":"Coolheaded","floor":4},{"not_picked":["Doom and Gloom","Hologram"],"picked":"Rip and Tear","floor":5},{"not_picked":["Ball Lightning","Cold Snap"],"picked":"Self Repair","floor":7},{"not_picked":["Tempest","Doom and Gloom"],"picked":"Skim","floor":10},{"not_picked":["Blizzard","Rebound"],"picked":"Leap","floor":11},{"not_picked":["Scrape","Consume"],"picked":"Capacitor","floor":12}],"player_experience":820503,"relics_obtained":[{"floor":9,"key":"PreservedInsect"},{"floor":10,"key":"Kunai"}],"event_choices":[{"cards_removed":["Defend_B"],"damage_healed":0,"gold_gain":0,"player_choice":"Offered Basic","damage_taken":0,"max_hp_gain":0,"max_hp_loss":0,"event_name":"Bonfire Elementals","floor":2,"gold_loss":0},{"damage_healed":0,"gold_gain":0,"player_choice":"Ignored","damage_taken":0,"max_hp_gain":0,"max_hp_loss":0,"event_name":"Liars Game","floor":13,"gold_loss":0},{"damage_healed":0,"gold_gain":75,"player_choice":"Gather Gold","damage_taken":11,"max_hp_gain":0,"max_hp_loss":0,"event_name":"World of Goop","floor":14,"gold_loss":0}],"is_beta":false,"boss_relics":[],"items_purged_floors":[],"is_endless":false,"potions_floor_spawned":[4,5,11,12],"killed_by":"Hexaghost","ascension_level":20}