{"gold_per_floor":[119,131,151,151,168,168,195,195,195,225,235,252,267,285,285,285],"floor_reached":16,"playtime":497,"items_purged":[],"score":232,"play_id":"460bc1cd-5c94-45cd-b063-ddd1bddd3546","local_time":"20190223021247","is_ascension_mode":true,"campfire_choices":[{"data":"Streamline","floor":6.0,"key":"SMITH"},{"floor":8.0,"key":"REST"},{"data":"Blizzard","floor":15.0,"key":"SMITH"}],"neow_cost":"PERCENT_DAMAGE","seed_source_timestamp":454418240180658,"circlet_count":0,"master_deck":["AscendersBane","Strike_B","Strike_B","Strike_B","Strike_B","Defend_B","Defend_B","Defend_B","Defend_B","Zap","Dualcast","Buffer","Coolheaded","Streamline+1","Coolheaded","Turbo","Compile Driver","Blizzard+1","FTL","Double Energy","Steam","Glacier"],"special_seed":0,"relics":["Cracked Core","Kunai","Pantograph"],"potions_floor_usage":[],"damage_taken":[{"damage":3.0,"enemies":"Small Slimes","floor":1.0,"turns":3.0},{"damage":1.0,"enemies":"Cultist","floor":2.0,"turns":4.0},{"damage":2.0,"enemies":"2 Louse","floor":3.0,"turns":2.0},{"damage":5.0,"enemies":"Lots of Slimes","floor":5.0,"turns":4.0},{"damage":13.0,"enemies":"Lagavulin","floor":7.0,"turns":8.0},{"damage":31.0,"enemies":"Gremlin Nob","floor":10.0,"turns":4.0},{"damage":8.0,"enemies":"Large Slime","floor":11.0,"turns":4.0},{"damage":0.0,"enemies":"2 Fungi Beasts","floor":12.0,"turns":3.0},{"damage":3.0,"enemies":"Red Slaver","floor":13.0,"turns":3.0},{"damage":0.0,"enemies":"Large Slime","floor":14.0,"turns":4.0},{"damage":29,"enemies":"Hexaghost","floor":16,"turns":9}],"seed_played":"-4576836041807041915","potions_obtained":[{"floor":1.0,"key":"Fire Potion"},{"floor":2.0,"key":"LiquidBronze"},{"floor":10.0,"key":"PowerPotion"},{"floor":11.0,"key":"EssenceOfSteel"}],"is_trial":false,"path_per_floor":["M","M","M","?","M","R","E","R","T","E","M","M","M","M","R","B"],"character_chosen":"DEFECT","items_purchased":[],"campfire_rested":1,"item_purchase_floors":[],"current_hp_per_floor":[43,42,40,40,35,35,22,43,43,12,4,4,1,1,1,0],"gold":285,"neow_bonus":"THREE_RARE_CARDS","is_prod":false,"is_daily":false,"chose_seed":false,"campfire_upgraded":2,"win_rate":0,"timestamp":1550859167,"path_taken":["M","M","M","?","M","R","E","R","T","E","M","M","M","M","R","BOSS"],"build_version":"2019-01-23","purchased_purges":0,"victory":false,"max_hp_per_floor":[71,71,71,71,71,71,71,71,71,71,71,71,71,71,71,71],"card_choices":[{"not_picked":["Reboot","Multi-Cast"],"picked":"Buffer","floor":0.0},{"not_picked":["Force Field","BootSequence"],"picked":"Coolheaded","floor":1.0},{"not_picked":["Hello World","Go for the Eyes"],"picked":"Streamline","floor":2.0},{"not_picked":["Beam Cell","Undo"],"picked":"Coolheaded","floor":3.0},{"not_picked":["Compile Driver","Beam Cell"],"picked":"Turbo","floor":5.0},{"not_picked":["Steam","Hello World"],"picked":"Compile Driver","floor":7.0},{"not_picked":["Buffer","Gash"],"picked":"Blizzard","floor":10.0},{"not_picked":["Ball Lightning","Redo"],"picked":"FTL","floor":11.0},{"not_picked":["Sweeping Beam","Conserve Battery"],"picked":"Double Energy","floor":12.0},{"not_picked":["Storm","Darkness"],"picked":"Steam","floor":13.0},{"not_picked":["White Noise","Static Discharge"],"picked":"Glacier","floor":14.0}],"player_experience":926827,"relics_obtained":[{"floor":7.0,"key":"Kunai"},{"floor":9.0,"key":"Pantograph"}],"event_choices":[{"damage_healed":0.0,"max_hp_gain":0.0,"max_hp_loss":0.0,"gold_gain":0.0,"event_name":"Liars Game","player_choice":"Ignored","floor":4.0,"gold_loss":0.0,"damage_taken":0.0}],"is_beta":false,"boss_relics":[],"items_purged_floors":[],"is_endless":false,"potions_floor_spawned":[1,2,10,11],"killed_by":"Hexaghost","ascension_level":20}