{"gold_per_floor":[112,132,57,72,85,85,105,105,105,105,5,18,18,36,36,139,139,157,72,86,86,86,86,96,96,96,116,131,6,6,6,6,103,103,121,121,121,121,133,166,166,16,16,16,33,62,62,76,76,76],"floor_reached":51,"playtime":3097,"items_purged":["Defend_G","Strike_G","Defend_G","Strike_G"],"score":722,"play_id":"b09eda58-4915-4e1c-b97a-3df52c4669da","local_time":"20181124121259","is_ascension_mode":false,"campfire_choices":[{"data":"Envenom","floor":6.0,"key":"SMITH"},{"data":"Neutralize","floor":10.0,"key":"SMITH"},{"data":"Bouncing Flask","floor":13.0,"key":"SMITH"},{"data":"Crippling Poison","floor":15.0,"key":"SMITH"},{"data":"Burst","floor":23.0,"key":"SMITH"},{"data":"Ghostly","floor":25.0,"key":"SMITH"},{"data":"Ghostly","floor":30.0,"key":"SMITH"},{"data":"Ghostly","floor":32,"key":"SMITH"},{"data":"Malaise","floor":41,"key":"SMITH"},{"data":"Ghostly","floor":44,"key":"SMITH"},{"data":"Ghostly","floor":47,"key":"SMITH"},{"data":"Footwork","floor":49,"key":"SMITH"}],"neow_cost":"PERCENT_DAMAGE","seed_source_timestamp":7383884666870,"circlet_count":0,"master_deck":["Defend_G+1","Defend_G","Defend_G","Strike_G","Strike_G","Strike_G","Survivor+1","Neutralize+1","Envenom+1","Leg Sweep","Bouncing Flask+1","Crippling Poison+1","Burst+1","Cloak And Dagger+1","Ghostly+1","Ghostly+1","Ghostly+1","Ghostly+1","Ghostly+1","Leg Sweep+1","Malaise+1","Impatience","Panacea","Panacea","PiercingWail+1","PiercingWail+1","Blur+1","Corpse Explosion","Footwork+1"],"special_seed":0,"relics":["Ring of the Snake","Snake Skull","Cursed Key","War Paint","Coffee Dripper","Kunai","Happy Flower"],"potions_floor_usage":[45,46,46,46],"damage_taken":[{"damage":2.0,"enemies":"Cultist","floor":1.0,"turns":4.0},{"damage":6.0,"enemies":"Jaw Worm","floor":2.0,"turns":6.0},{"damage":5.0,"enemies":"Small Slimes","floor":4.0,"turns":4.0},{"damage":7.0,"enemies":"3 Louse","floor":5.0,"turns":4.0},{"damage":2.0,"enemies":"Looter","floor":7.0,"turns":4.0},{"damage":2.0,"enemies":"Exordium Wildlife","floor":12.0,"turns":4.0},{"damage":2.0,"enemies":"3 Louse","floor":14.0,"turns":5.0},{"damage":63.0,"enemies":"Slime Boss","floor":16.0,"turns":11.0},{"damage":0.0,"enemies":"Shell Parasite","floor":18.0,"turns":6.0},{"damage":0.0,"enemies":"2 Thieves","floor":20.0,"turns":5.0},{"damage":3.0,"enemies":"Snake Plant","floor":24.0,"turns":4.0},{"damage":0.0,"enemies":"Centurion and Healer","floor":27.0,"turns":6.0},{"damage":0.0,"enemies":"Snecko","floor":28.0,"turns":5.0},{"damage":23,"enemies":"Automaton","floor":33,"turns":16},{"damage":1,"enemies":"3 Shapes","floor":35,"turns":4},{"damage":3,"enemies":"Orb Walker","floor":39,"turns":5},{"damage":0,"enemies":"Giant Head","floor":40,"turns":9},{"damage":0,"enemies":"Writhing Mass","floor":45,"turns":6},{"damage":1,"enemies":"Reptomancer","floor":46,"turns":9},{"damage":0,"enemies":"Jaw Worm Horde","floor":48,"turns":4},{"damage":1,"enemies":"Awakened One","floor":50,"turns":21}],"seed_played":"6557056863356034259","potions_obtained":[{"floor":1.0,"key":"EntropicBrew"},{"floor":2.0,"key":"Fire Potion"},{"floor":7.0,"key":"Energy Potion"},{"floor":20.0,"key":"Dexterity Potion"},{"floor":33,"key":"Dexterity Potion"},{"floor":35,"key":"Fire Potion"}],"is_trial":false,"path_per_floor":["M","M","$","M","M","R","M","?","T","R","$","M","R","M","R","B",null,"M","?","M","$","?","R","M","R","T","M","M","$","R","?","R","B",null,"M","?","?","?","M","E","R","$","T","R","M","E","R","M","R","B",null],"character_chosen":"THE_SILENT","items_purchased":[],"campfire_rested":0,"item_purchase_floors":[],"current_hp_per_floor":[47,41,41,36,29,29,27,70,70,70,70,68,68,66,66,3,70,70,70,70,70,35,35,32,32,32,32,32,32,32,32,32,9,35,34,24,24,24,21,21,21,21,21,21,21,20,20,20,20,19],"gold":76,"neow_bonus":"THREE_RARE_CARDS","is_prod":false,"is_daily":false,"chose_seed":false,"campfire_upgraded":12,"win_rate":0,"timestamp":1543032779,"path_taken":["M","M","$","M","M","R","M","?","T","R","?","M","R","M","R","BOSS","M","?","M","$","?","R","M","R","T","M","M","?","R","?","R","BOSS","M","?","?","?","M","E","R","$","T","R","M","E","R","M","R","BOSS"],"build_version":"2018-11-15","purchased_purges":4,"victory":true,"max_hp_per_floor":[70,70,70,70,70,70,70,70,70,70,70,70,70,70,70,70,70,70,70,70,70,35,35,35,35,35,35,35,35,35,35,35,35,35,35,35,35,33,33,33,33,33,33,33,33,33,33,33,33,33],"card_choices":[{"not_picked":["Tools of the Trade","Die Die Die"],"picked":"Envenom","floor":0.0},{"not_picked":["Predator","Dagger Throw"],"picked":"Finisher","floor":1.0},{"not_picked":["Expertise","Blur","Predator"],"picked":"SKIP","floor":2.0},{"not_picked":["Heel Hook","Flying Knee","Setup"],"picked":"SKIP","floor":4.0},{"not_picked":["Underhanded Strike","Dodge and Roll","Expertise"],"picked":"SKIP","floor":5.0},{"not_picked":["Flechettes","Underhanded Strike"],"picked":"Leg Sweep","floor":7.0},{"not_picked":["Bane","Terror"],"picked":"Bouncing Flask","floor":12.0},{"not_picked":["Deflect","Blade Dance"],"picked":"Crippling Poison","floor":14.0},{"not_picked":["After Image","Wraith Form v2"],"picked":"Burst","floor":16.0},{"not_picked":["Bane","Quick Slash"],"picked":"Cloak And Dagger+1","floor":18.0},{"not_picked":["Quick Slash","Finisher","Sucker Punch+1"],"picked":"SKIP","floor":20.0},{"not_picked":["Acrobatics","Deflect","Bane+1"],"picked":"SKIP","floor":24.0},{"not_picked":["Prepared+1","Dagger Throw","Blade Dance"],"picked":"SKIP","floor":27.0},{"not_picked":["Concentrate","Setup"],"picked":"Leg Sweep+1","floor":28.0},{"not_picked":["Phantasmal Killer","Envenom"],"picked":"Malaise","floor":33},{"not_picked":["Blade Dance+1","Finisher","Underhanded Strike+1"],"picked":"SKIP","floor":35},{"not_picked":["Blade Dance+1","Finisher","Underhanded Strike+1"],"picked":"SKIP","floor":35},{"not_picked":["Swift Strike","Finesse"],"picked":"Impatience","floor":36},{"not_picked":["Secret Weapon","Mind Blast"],"picked":"Panacea","floor":36},{"not_picked":["PanicButton","Secret Technique"],"picked":"Panacea","floor":36},{"not_picked":["Deflect","Terror"],"picked":"PiercingWail+1","floor":39},{"not_picked":["Acrobatics","Backstab"],"picked":"PiercingWail+1","floor":40},{"not_picked":["Prepared","Riddle With Holes+1"],"picked":"Blur+1","floor":45},{"not_picked":["Setup+1","Bane+1"],"picked":"Corpse Explosion","floor":46},{"not_picked":["Accuracy","Sucker Punch+1"],"picked":"Footwork","floor":48}],"player_experience":1135292,"relics_obtained":[{"floor":9.0,"key":"Snake Skull"},{"floor":40,"key":"Kunai"},{"floor":46,"key":"Happy Flower"}],"event_choices":[{"cards_removed":["Finisher"],"damage_healed":43.0,"max_hp_gain":0.0,"max_hp_loss":0.0,"gold_gain":0.0,"event_name":"Bonfire Elementals","player_choice":"Offered Uncommon","floor":8.0,"gold_loss":0.0,"damage_taken":0.0},{"damage_healed":0.0,"max_hp_gain":0.0,"max_hp_loss":0.0,"gold_gain":0.0,"event_name":"Addict","player_choice":"Obtained Relic","floor":19.0,"gold_loss":85.0,"damage_taken":0.0,"relics_obtained":["War Paint"]},{"damage_healed":0.0,"max_hp_gain":0.0,"max_hp_loss":35.0,"gold_gain":0.0,"event_name":"Ghosts","player_choice":"Became a Ghost","floor":22.0,"gold_loss":0.0,"damage_taken":0.0,"cards_obtained":["Ghostly","Ghostly","Ghostly","Ghostly","Ghostly"]},{"damage_healed":0,"gold_gain":0,"player_choice":"Ignored","damage_taken":0,"max_hp_gain":0,"max_hp_loss":0,"event_name":"Cursed Tome","floor":31,"gold_loss":0},{"damage_healed":0,"gold_gain":0,"player_choice":"Memory 3","damage_taken":10,"max_hp_gain":0,"max_hp_loss":0,"event_name":"SensoryStone","floor":36,"gold_loss":0},{"damage_healed":0,"gold_gain":0,"player_choice":"Ignored","damage_taken":0,"max_hp_gain":0,"max_hp_loss":0,"event_name":"Tomb of Lord Red Mask","floor":37,"gold_loss":0},{"damage_healed":0,"gold_gain":0,"player_choice":"Max HP","damage_taken":0,"max_hp_gain":0,"max_hp_loss":2,"event_name":"Winding Halls","floor":38,"gold_loss":0}],"is_beta":false,"boss_relics":[{"not_picked":["Black Star","Ectoplasm"],"picked":"Cursed Key"},{"not_picked":["Ring of the Serpent","Fusion Hammer"],"picked":"Coffee Dripper"}],"items_purged_floors":[3,11,29,42],"is_endless":false,"potions_floor_spawned":[1,2,7,20,33,35,40],"ascension_level":0}