{"gold_per_floor":[118,128,143,68,68,68,97,97,146,204,204,204],"floor_reached":12,"playtime":342,"items_purged":[],"score":172,"play_id":"331601ad-ecc9-4c8b-88c1-345f2611f09a","local_time":"20190126183055","is_ascension_mode":true,"campfire_choices":[{"data":"Bouncing Flask","floor":6,"key":"SMITH"},{"data":"Neutralize","floor":8,"key":"SMITH"},{"data":"Cloak And Dagger","floor":11,"key":"SMITH"}],"neow_cost":"NONE","seed_source_timestamp":7623415240323,"circlet_count":0,"master_deck":["AscendersBane","Defend_G","Defend_G","Defend_G","Defend_G","Defend_G","Strike_G","Strike_G","Strike_G","Strike_G","Strike_G","Survivor","Neutralize+1","Cloak And Dagger+1","PiercingWail","Bouncing Flask+1","Blur"],"relics":["Ring of the Snake","Snake Skull","Blood Vial","Pen Nib","Tiny Chest"],"potions_floor_usage":[10,12],"damage_taken":[{"damage":3,"enemies":"Cultist","floor":1,"turns":4},{"damage":1,"enemies":"Small Slimes","floor":2,"turns":4},{"damage":7,"enemies":"Jaw Worm","floor":3,"turns":5},{"damage":15,"enemies":"Lagavulin","floor":7,"turns":6},{"damage":28,"enemies":"Gremlin Nob","floor":10,"turns":4},{"damage":5,"enemies":"3 Sentries","floor":12,"turns":4}],"seed_played":"6933145063853359778","potions_obtained":[{"floor":1,"key":"PowerPotion"},{"floor":2,"key":"Swift Potion"},{"floor":7,"key":"PowerPotion"}],"is_trial":false,"path_per_floor":["M","M","M","$","?","R","E","R","T","E","R","E"],"character_chosen":"THE_SILENT","items_purchased":["Bouncing Flask"],"campfire_rested":0,"item_purchase_floors":[4],"current_hp_per_floor":[56,55,48,48,48,48,33,33,33,7,7,4],"gold":204,"neow_bonus":"RANDOM_COMMON_RELIC","is_prod":false,"is_daily":false,"chose_seed":false,"campfire_upgraded":3,"win_rate":0,"timestamp":1548498655,"path_taken":["M","M","M","?","?","R","E","R","T","E","R","E"],"build_version":"2019-01-23","purchased_purges":0,"victory":false,"max_hp_per_floor":[66,66,66,66,66,66,66,66,66,66,66,66],"card_choices":[{"not_picked":["Cloak And Dagger","Expertise","Sucker Punch"],"picked":"SKIP","floor":1},{"not_picked":["Cloak And Dagger","PiercingWail","Dagger Spray"],"picked":"SKIP","floor":2},{"not_picked":["PiercingWail","Dagger Spray"],"picked":"Cloak And Dagger","floor":2},{"not_picked":["Crippling Poison","Quick Slash","PiercingWail"],"picked":"SKIP","floor":3},{"not_picked":["Crippling Poison","Quick Slash"],"picked":"PiercingWail","floor":3},{"not_picked":["Reflex","Riddle With Holes","Masterful Stab"],"picked":"SKIP","floor":7},{"not_picked":["Concentrate","Reflex"],"picked":"Blur","floor":10}],"player_experience":1350484,"relics_obtained":[{"floor":7,"key":"Blood Vial"},{"floor":9,"key":"Pen Nib"},{"floor":10,"key":"Tiny Chest"}],"event_choices":[{"damage_healed":0,"gold_gain":0,"player_choice":"Leave","damage_taken":0,"max_hp_gain":0,"max_hp_loss":0,"event_name":"The Cleric","floor":5,"gold_loss":0}],"is_beta":true,"boss_relics":[],"items_purged_floors":[],"is_endless":false,"potions_floor_spawned":[1,2,7],"killed_by":"3 Sentries","ascension_level":20}