{"path_per_floor":["M","?","$","M","$","R","M","R","T","M","R","M","?","M","R","B",null,"M","?","?","?","$","R","E","R","T","M"],"character_chosen":"THE_SILENT","items_purchased":["Transmutation","Backstab","Endless Agony"],"gold_per_floor":[369,334,58,70,70,70,82,82,82,102,102,117,117,128,128,227,227,213,128,128,128,93,93,125,125,205,219],"floor_reached":28,"campfire_rested":0,"playtime":2988,"current_hp_per_floor":[35,52,52,52,52,52,52,52,52,49,49,49,49,45,45,2,70,67,67,67,67,67,67,42,42,42,24],"items_purged":[],"gold":219,"score":226,"play_id":"8d1cda30-902a-4d1c-86eb-5628092ee3cd","local_time":"20180303115036","is_prod":false,"is_daily":false,"is_ascension_mode":false,"campfire_upgraded":6,"timestamp":1520074236,"path_taken":["M","?","$","?","$","R","M","R","T","M","R","M","?","M","R","BOSS","M","?","?","?","$","R","E","R","T","M","M"],"build_version":"2018-03-01-PROD1","purchased_purges":0,"victory":false,"master_deck":["Defend_G","Defend_G","Defend_G","Defend_G","Defend_G","Strike_G","Strike_G","Strike_G","Strike_G","Strike_G","Survivor","Neutralize","Backflip","Transmutation+1","Backstab","Acrobatics+1","Well Laid Plans+1","Deflect","Dodge and Roll+1","Outmaneuver+1","Bullet Time+1","Underhanded Strike","Endless Agony","Wraith Form+1","All Out Attack"],"max_hp_per_floor":[70,70,70,70,70,70,70,70,70,70,70,70,70,70,70,70,70,70,70,70,70,70,70,70,70,70,70],"relics":["Ring of the Snake","Calipers","Question Card","Gambling Chip","Mummified Hand","Tiny Chest"],"card_choices":[{"not_picked":["Poisoned Stab","Malaise"],"picked":"Backflip"},{"not_picked":["Masterful Stab","Poisoned Stab"],"picked":"Acrobatics"},{"not_picked":["Quick Slash","Dagger Throw"],"picked":"Well Laid Plans"},{"not_picked":["Blade Dance","Expertise"],"picked":"Deflect"},{"not_picked":["Bane","Reflex"],"picked":"Dodge and Roll"},{"not_picked":["Caltrops","PiercingWail"],"picked":"Outmaneuver"},{"not_picked":["After Image","Corpse Explosion"],"picked":"Bullet Time"},{"not_picked":["Prepared","Poisoned Stab","Dagger Throw"],"picked":"Underhanded Strike"},{"not_picked":["Accuracy","Underhanded Strike","Predator"],"picked":"Wraith Form"},{"not_picked":["Slice","Cloak And Dagger","Bane"],"picked":"All Out Attack"}],"player_experience":53079,"potions_floor_usage":[16,24,24,24],"damage_taken":[{"damage":0,"enemies":"Cultist","floor":1,"turns":3},{"damage":0,"enemies":"2 Louse","floor":4,"turns":2},{"damage":0,"enemies":"Jaw Worm","floor":7,"turns":5},{"damage":3,"enemies":"Red Slaver","floor":10,"turns":5},{"damage":0,"enemies":"Blue Slaver","floor":12,"turns":5},{"damage":4,"enemies":"Lots of Slimes","floor":14,"turns":8},{"damage":43,"enemies":"The Guardian","floor":16,"turns":27},{"damage":3,"enemies":"2 Thieves","floor":18,"turns":4},{"damage":25,"enemies":"Slavers","floor":24,"turns":8},{"damage":18,"enemies":"Shell Parasite","floor":27,"turns":8},{"damage":29,"enemies":"Sentry and Sphere","floor":28,"turns":5}],"event_choices":[{"event_name":"The Cleric","player_choice":"Healed","floor":2,"damage_taken":0},{"event_name":"Upgrade Shrine","player_choice":"Upgraded","floor":13,"damage_taken":0},{"event_name":"Addict","player_choice":"Obtained Relic","floor":19,"damage_taken":0},{"event_name":"The Lab","player_choice":"Got Potions","floor":20,"damage_taken":0},{"event_name":"Drug Dealer","player_choice":"Ignored","floor":21,"damage_taken":0}],"boss_relics":[{"not_picked":["Runic Pyramid","Orrery"],"picked":"Question Card"}],"potions_floor_spawned":[4,7,12,16,24],"seed_played":"-7771172469529343107","killed_by":"Sentry and Sphere","ascension_level":0,"is_trial":false}