{"gold_per_floor":[114,25,74,94,112,144,144,170,197,197,197,197,214,214,214,291,291,310,310,322,322,106,106,121,133,133,133,58,32,32,87,87,158,158,177,177,193,193,93,93,93,93,118,118,131,41,75,75,75,75,75,75,75,22,52,52],"floor_reached":57,"playtime":2748,"items_purged":["Blade Dance","Defend_G"],"score":2779,"play_id":"e27f1cca-817b-45f7-a3de-d7c2b191a2e8","local_time":"20190515154053","is_ascension_mode":true,"campfire_choices":[{"data":"Bouncing Flask","floor":7.0,"key":"SMITH"},{"floor":10.0,"key":"REST"},{"floor":12.0,"key":"REST"},{"floor":15.0,"key":"REST"},{"data":"Enlightenment","floor":23.0,"key":"SMITH"},{"data":"Concentrate","floor":27.0,"key":"SMITH"},{"data":"Acrobatics","floor":30.0,"key":"SMITH"},{"data":"Catalyst","floor":32.0,"key":"SMITH"},{"data":"Expertise","floor":40.0,"key":"SMITH"},{"floor":42.0,"key":"RECALL"},{"data":"Corpse Explosion","floor":44.0,"key":"SMITH"},{"data":"Impatience","floor":49.0,"key":"SMITH"},{"floor":53.0,"key":"REST"}],"neow_cost":"PERCENT_DAMAGE","seed_source_timestamp":12305843633455,"circlet_count":0,"master_deck":["AscendersBane","Survivor","Bouncing Flask+1","A Thousand Cuts+1","Blur","Footwork+1","Leg Sweep","Night Terror","PiercingWail","Corpse Explosion+1","Concentrate+1","Enlightenment+1","Acrobatics+1","Catalyst+1","Noxious Fumes+1","Night Terror+1","Accuracy+1","Expertise+1","Impatience+1","Night Terror"],"special_seed":0,"relics":["Ring of the Snake","Happy Flower","Ice Cream","Molten Egg 2","Juzu Bracelet","Runic Pyramid","Mummified Hand","Tiny Chest","Astrolabe","Potion Belt","Ornamental Fan"],"potions_floor_usage":[56],"damage_taken":[{"damage":2.0,"enemies":"Cultist","floor":1.0,"turns":5.0},{"damage":0.0,"enemies":"2 Louse","floor":4.0,"turns":5.0},{"damage":0.0,"enemies":"Jaw Worm","floor":5.0,"turns":9.0},{"damage":22.0,"enemies":"Lagavulin","floor":6.0,"turns":13.0},{"damage":16.0,"enemies":"3 Sentries","floor":8.0,"turns":8.0},{"damage":0.0,"enemies":"2 Fungi Beasts","floor":13.0,"turns":3.0},{"damage":0.0,"enemies":"The Guardian","floor":16.0,"turns":12.0},{"damage":13.0,"enemies":"2 Thieves","floor":18.0,"turns":5.0},{"damage":0.0,"enemies":"Shell Parasite","floor":20.0,"turns":7.0},{"damage":0.0,"enemies":"Cultist and Chosen","floor":24.0,"turns":8.0},{"damage":0.0,"enemies":"Snecko","floor":25.0,"turns":6.0},{"damage":0.0,"enemies":"Book of Stabbing","floor":31.0,"turns":6.0},{"damage":2.0,"enemies":"Champ","floor":33.0,"turns":5.0},{"damage":0.0,"enemies":"3 Shapes","floor":35.0,"turns":3.0},{"damage":0.0,"enemies":"Orb Walker","floor":37.0,"turns":4.0},{"damage":1.0,"enemies":"Transient","floor":45.0,"turns":4.0},{"damage":1.0,"enemies":"Reptomancer","floor":47.0,"turns":2.0},{"damage":28.0,"enemies":"Awakened One","floor":50.0,"turns":9.0},{"damage":13.0,"enemies":"Donu and Deca","floor":51.0,"turns":7.0},{"damage":7.0,"enemies":"Shield and Spear","floor":55.0,"turns":6.0},{"damage":51,"enemies":"The Heart","floor":56,"turns":8}],"seed_played":"-3570117675615446553","potions_obtained":[{"floor":1.0,"key":"LiquidBronze"},{"floor":8.0,"key":"FearPotion"},{"floor":13.0,"key":"Swift Potion"},{"floor":16.0,"key":"Weak Potion"},{"floor":18.0,"key":"SteroidPotion"},{"floor":25.0,"key":"Dexterity Potion"},{"floor":31.0,"key":"Strength Potion"},{"floor":45.0,"key":"SkillPotion"},{"floor":55.0,"key":"Fire Potion"}],"is_trial":false,"path_per_floor":["M","$","T","M","M","E","R","E","T","R","?","R","M","?","R","B",null,"M","?","M","?","$","R","M","M","T","R","?","$","R","E","R","B",null,"M","?","M","?","$","R","$","R","T","R","M","$","E","?","R","B","B",null,"R","$","E","B",null],"character_chosen":"THE_SILENT","items_purchased":["Footwork","Concentrate","Enlightenment","Acrobatics","Impatience","SkillPotion"],"campfire_rested":4,"item_purchase_floors":[2,22,22,29,46,54],"current_hp_per_floor":[42,42,42,42,42,20,20,4,4,23,3,22,22,15,34,34,58,45,45,45,45,45,45,45,45,45,45,45,45,45,45,45,43,60,60,60,60,60,60,60,60,60,60,60,59,59,58,58,58,30,17,52,63,63,56,5],"gold":52,"neow_bonus":"TRANSFORM_TWO_CARDS","is_prod":false,"is_daily":false,"chose_seed":false,"campfire_upgraded":8,"win_rate":0,"timestamp":1557906053,"path_taken":["M","$","?","?","M","E","R","E","T","R","?","R","M","?","R","BOSS","M","?","M","?","$","R","M","M","T","R","?","$","R","E","R","BOSS","M","?","M","?","$","R","?","R","T","R","M","$","E","?","R","BOSS","BOSS","R","$","E","BOSS"],"build_version":"2019-01-23","purchased_purges":2,"victory":true,"max_hp_per_floor":[66,66,66,66,66,66,66,66,66,66,66,66,66,66,66,66,66,66,66,66,66,66,66,66,66,66,66,66,66,66,66,66,66,66,66,63,63,63,63,63,63,63,63,63,63,63,63,63,63,63,63,63,63,63,63,63],"card_choices":[{"not_picked":["Predator","Sucker Punch"],"picked":"Blur","floor":1.0},{"not_picked":["Bouncing Flask","Finisher","Blade Dance"],"picked":"SKIP","floor":4.0},{"not_picked":["Dagger Throw","Caltrops"],"picked":"Leg Sweep","floor":5.0},{"not_picked":["Sucker Punch","Blade Dance","Bane"],"picked":"SKIP","floor":6.0},{"not_picked":["Phantasmal Killer","Flying Knee","Dodge and Roll"],"picked":"SKIP","floor":8.0},{"not_picked":["Slice+1","Prepared","Underhanded Strike+1"],"picked":"SKIP","floor":13.0},{"not_picked":["Die Die Die+1","Tools of the Trade"],"picked":"Night Terror","floor":16.0},{"not_picked":["Slice+1","Quick Slash+1"],"picked":"PiercingWail","floor":18.0},{"not_picked":["Flying Knee+1","Backflip"],"picked":"Corpse Explosion","floor":20.0},{"not_picked":["Poisoned Stab+1","Outmaneuver","Quick Slash+1"],"picked":"SKIP","floor":24.0},{"not_picked":["Cloak And Dagger","Sucker Punch+1","Flying Knee+1"],"picked":"SKIP","floor":25.0},{"not_picked":["Well Laid Plans","Calculated Gamble"],"picked":"Catalyst","floor":31.0},{"not_picked":["Leg Sweep+1","PiercingWail"],"picked":"Expertise","floor":35.0},{"not_picked":["Quick Slash+1","Predator+1","Flying Knee+1"],"picked":"SKIP","floor":37.0},{"not_picked":["Dagger Spray+1","Cloak And Dagger","Masterful Stab+1"],"picked":"SKIP","floor":45.0},{"not_picked":["Terror","Masterful Stab+1"],"picked":"Night Terror","floor":47.0},{"not_picked":["Caltrops","Blade Dance+1","Underhanded Strike+1"],"picked":"SKIP","floor":55.0}],"player_experience":4778904,"relics_obtained":[{"floor":3.0,"key":"Happy Flower"},{"floor":6.0,"key":"Ice Cream"},{"floor":8.0,"key":"Molten Egg 2"},{"floor":9.0,"key":"Juzu Bracelet"},{"floor":26.0,"key":"Mummified Hand"},{"floor":31.0,"key":"Tiny Chest"},{"floor":47.0,"key":"Potion Belt"},{"floor":55.0,"key":"Ornamental Fan"}],"event_choices":[{"damage_healed":0.0,"max_hp_gain":0.0,"max_hp_loss":0.0,"gold_gain":0.0,"event_name":"Shining Light","player_choice":"Entered Light","floor":11.0,"gold_loss":0.0,"damage_taken":20.0,"cards_upgraded":["A Thousand Cuts","Footwork"]},{"cards_removed":["Strike_G"],"damage_healed":0.0,"max_hp_gain":0.0,"max_hp_loss":0.0,"gold_gain":0.0,"event_name":"Golden Wing","player_choice":"Card Removal","floor":14.0,"gold_loss":0.0,"damage_taken":7.0},{"damage_healed":0.0,"max_hp_gain":0.0,"max_hp_loss":0.0,"gold_gain":0.0,"cards_transformed":["Strike_G","Strike_G"],"event_name":"Drug Dealer","player_choice":"Became Test Subject","floor":19.0,"gold_loss":0.0,"damage_taken":0.0,"cards_obtained":["Sucker Punch","Blade Dance"]},{"cards_removed":["Strike_G"],"damage_healed":0.0,"max_hp_gain":0.0,"max_hp_loss":0.0,"gold_gain":0.0,"event_name":"Back to Basics","player_choice":"Elegance","floor":21.0,"gold_loss":0.0,"damage_taken":0.0},{"cards_removed":["Defend_G"],"damage_healed":0.0,"max_hp_gain":0.0,"max_hp_loss":0.0,"gold_gain":0.0,"event_name":"Beggar","player_choice":"Gave Gold","floor":28.0,"gold_loss":75.0,"damage_taken":0.0},{"damage_healed":0.0,"max_hp_gain":0.0,"max_hp_loss":3.0,"gold_gain":0.0,"event_name":"Winding Halls","player_choice":"Max HP","floor":36.0,"gold_loss":0.0,"damage_taken":0.0},{"damage_healed":0.0,"max_hp_gain":0.0,"max_hp_loss":0.0,"gold_gain":0.0,"event_name":"Tomb of Lord Red Mask","player_choice":"Ignored","floor":38.0,"gold_loss":0.0,"damage_taken":0.0},{"cards_removed":["Neutralize"],"damage_healed":0.0,"max_hp_gain":0.0,"max_hp_loss":0.0,"gold_gain":0.0,"event_name":"Falling","player_choice":"Removed Attack","floor":48.0,"gold_loss":0.0,"damage_taken":0.0}],"is_beta":false,"boss_relics":[{"not_picked":["HoveringKite","White Beast Statue"],"picked":"Runic Pyramid"},{"not_picked":["Eternal Feather","Tiny House"],"picked":"Astrolabe"}],"items_purged_floors":[22,39],"is_endless":false,"potions_floor_spawned":[1,8,13,16,18,25,31,45,55],"ascension_level":20}