{"gold_per_floor":[116,116,126,144,144,172,189,38,38,38,38,72,90,103,103,103],"floor_reached":16,"playtime":664,"items_purged":["Strike_G"],"score":226,"play_id":"5311039b-94d8-4e1d-9dc0-e9cf3a2f0bb1","local_time":"20181003225701","is_ascension_mode":true,"campfire_choices":[{"data":"Flechettes","floor":11,"key":"SMITH"},{"data":"Neutralize","floor":15,"key":"SMITH"}],"neow_cost":"NONE","seed_source_timestamp":119080010896485,"circlet_count":0,"master_deck":["Defend_G","Defend_G","Defend_G","Defend_G","Defend_G","Strike_G","Strike_G","Strike_G","Strike_G","Survivor","Neutralize+1","AscendersBane","Concentrate","Flechettes+1","Madness","Underhanded Strike","Backstab","Acrobatics","Footwork","Parasite","Acrobatics","Prepared"],"special_seed":0,"relics":["Ring of the Snake","NeowsBlessing","Blue Candle","Unceasing Top","Ginger"],"potions_floor_usage":[7,14],"damage_taken":[{"damage":0.0,"enemies":"2 Louse","floor":1.0,"turns":1.0},{"damage":0,"enemies":"Cultist","floor":3,"turns":1},{"damage":0,"enemies":"Small Slimes","floor":4,"turns":1},{"damage":48,"enemies":"Gremlin Nob","floor":6,"turns":6},{"damage":0,"enemies":"Gremlin Gang","floor":7,"turns":6},{"damage":1,"enemies":"Lagavulin","floor":12,"turns":9},{"damage":3,"enemies":"Looter","floor":13,"turns":2},{"damage":2,"enemies":"3 Louse","floor":14,"turns":3},{"damage":29,"enemies":"Slime Boss","floor":16,"turns":13}],"seed_played":"-4863928655961219597","potions_obtained":[{"floor":4,"key":"Fire Potion"},{"floor":13,"key":"Fire Potion"}],"is_trial":false,"path_per_floor":["M","?","M","M","?","E","M","$","T","?","R","E","M","M","R"],"character_chosen":"THE_SILENT","items_purchased":["Footwork"],"campfire_rested":0,"item_purchase_floors":[8],"current_hp_per_floor":[63,63,63,63,63,15,15,15,15,32,32,31,28,26,26,0],"gold":103,"neow_bonus":"THREE_ENEMY_KILL","is_prod":false,"is_daily":false,"chose_seed":false,"campfire_upgraded":2,"win_rate":0,"timestamp":1538578621,"path_taken":["M","?","?","M","?","E","M","$","T","?","R","E","M","M","R","BOSS"],"build_version":"2018-09-27","purchased_purges":1,"victory":false,"max_hp_per_floor":[70,70,70,70,70,70,70,70,70,70,70,70,70,70,70,70],"card_choices":[{"not_picked":["Flying Knee","Prepared"],"picked":"Concentrate","floor":1.0},{"not_picked":["Deadly Poison","Poisoned Stab","Dagger Spray"],"picked":"SKIP","floor":3},{"not_picked":["Poisoned Stab","Dagger Spray","Underhanded Strike"],"picked":"SKIP","floor":4},{"not_picked":["Poisoned Stab","Dagger Spray"],"picked":"Underhanded Strike","floor":4},{"not_picked":["Masterful Stab","Deadly Poison"],"picked":"Backstab","floor":6},{"not_picked":["Wraith Form v2","Blade Dance"],"picked":"Acrobatics","floor":7},{"not_picked":["Backstab","Tactician","Masterful Stab"],"picked":"SKIP","floor":12},{"not_picked":["Sucker Punch","Dagger Spray"],"picked":"Acrobatics","floor":13},{"not_picked":["Dagger Spray","Dodge and Roll"],"picked":"Prepared","floor":14}],"player_experience":179312,"relics_obtained":[{"floor":6,"key":"Blue Candle"},{"floor":9,"key":"Unceasing Top"},{"floor":12,"key":"Ginger"}],"event_choices":[{"event_name":"Match and Keep!","player_choice":"2 cards matched","floor":2,"damage_taken":0},{"event_name":"Liars Game","player_choice":"disagreed","floor":5,"damage_taken":0},{"event_name":"Mushrooms","player_choice":"Healed and dodged fight","floor":10,"damage_taken":0}],"is_beta":false,"boss_relics":[],"items_purged_floors":[8],"is_endless":false,"potions_floor_spawned":[4,13],"killed_by":"Slime Boss","ascension_level":13}