{"gold_per_floor":[119,44,44,44,44,44,63,79,79,79,1,1,13,41,41,113,163,147,166,166,21,40,71,71,85,159,159,170,170,170,183,183,183],"floor_reached":33,"playtime":720,"items_purged":["Strike_G"],"score":464,"play_id":"63903bf5-fdd4-44a0-b09f-ac1222d9a460","local_time":"20190219145157","is_ascension_mode":true,"campfire_choices":[{"data":"Masterful Stab","floor":6.0,"key":"SMITH"},{"data":"Neutralize","floor":10.0,"key":"SMITH"},{"data":"Skewer","floor":12.0,"key":"SMITH"},{"data":"Outmaneuver","floor":15.0,"key":"SMITH"},{"data":"Adrenaline","floor":24,"key":"SMITH"},{"data":"Doppelganger","floor":29,"key":"SMITH"},{"data":"Well Laid Plans","floor":32,"key":"SMITH"}],"neow_cost":"NONE","seed_source_timestamp":154165047866736,"circlet_count":0,"master_deck":["AscendersBane","Defend_G","Defend_G","Defend_G","Defend_G","Strike_G+1","Survivor","Neutralize+1","Masterful Stab+1","Backflip","Outmaneuver+1","Skewer+1","Adrenaline+1","Well Laid Plans+1","Doppelganger+1"],"special_seed":0,"relics":["Ring of the Snake","NeowsBlessing","Incense Burner","Ancient Tea Set","Tiny House","Bag of Preparation","Pantograph"],"potions_floor_usage":[23],"damage_taken":[{"damage":0.0,"enemies":"Small Slimes","floor":1.0,"turns":1.0},{"damage":0.0,"enemies":"2 Louse","floor":7.0,"turns":1.0},{"damage":0.0,"enemies":"Jaw Worm","floor":8.0,"turns":1.0},{"damage":0.0,"enemies":"Looter","floor":13.0,"turns":4.0},{"damage":2.0,"enemies":"Lagavulin","floor":14.0,"turns":5.0},{"damage":8.0,"enemies":"The Guardian","floor":16.0,"turns":10.0},{"damage":23.0,"enemies":"2 Thieves","floor":18.0,"turns":4.0},{"damage":0.0,"enemies":"Chosen","floor":19.0,"turns":3.0},{"damage":0.0,"enemies":"Snecko","floor":22.0,"turns":4.0},{"damage":2,"enemies":"Gremlin Leader","floor":23,"turns":4},{"damage":0,"enemies":"Snake Plant","floor":25,"turns":1},{"damage":0,"enemies":"Centurion and Healer","floor":28,"turns":4},{"damage":2,"enemies":"Cultist and Chosen","floor":31,"turns":5},{"damage":13,"enemies":"Champ","floor":33,"turns":6}],"seed_played":"5979015033481468101","potions_obtained":[{"floor":7.0,"key":"FearPotion"},{"floor":16.0,"key":"GamblersBrew"},{"floor":17.0,"key":"SteroidPotion"},{"floor":25,"key":"GhostInAJar"},{"floor":28,"key":"Swift Potion"}],"is_trial":false,"path_per_floor":["M","?","?","$","?","R","M","M","T","R","$","R","M","E","R","B",null,"M","M","?","$","M","E","R","M","T","?","M","R","?","M","R","B"],"character_chosen":"THE_SILENT","items_purchased":["Skewer","Well Laid Plans"],"campfire_rested":0,"item_purchase_floors":[11,21],"current_hp_per_floor":[59,59,64,64,64,64,64,64,64,64,64,64,64,62,62,54,72,49,49,49,49,49,47,47,47,47,47,47,47,47,45,45,57],"gold":183,"neow_bonus":"THREE_ENEMY_KILL","is_prod":false,"is_daily":false,"chose_seed":false,"campfire_upgraded":7,"win_rate":0,"timestamp":1550559117,"path_taken":["M","?","?","?","?","R","M","M","T","R","$","R","M","E","R","BOSS","M","?","?","$","?","E","R","M","T","?","M","R","?","M","R","BOSS"],"build_version":"2019-01-23","purchased_purges":1,"victory":false,"max_hp_per_floor":[66,66,71,71,71,71,71,71,71,71,71,71,71,71,71,71,76,76,76,76,76,76,76,76,76,76,76,76,76,76,76,76,76],"card_choices":[{"not_picked":["Flying Knee","Deadly Poison"],"picked":"Masterful Stab","floor":1.0},{"not_picked":["Dodge and Roll","Dagger Spray","Flying Knee"],"picked":"SKIP","floor":7.0},{"not_picked":["Dodge and Roll","Setup"],"picked":"Outmaneuver","floor":8.0},{"not_picked":["Skewer","Crippling Poison","Bane"],"picked":"SKIP","floor":13.0},{"not_picked":["Dash","Unload","Poisoned Stab"],"picked":"SKIP","floor":14.0},{"not_picked":["Malaise","Bullet Time"],"picked":"Adrenaline","floor":16.0},{"not_picked":["Dodge and Roll","Cloak And Dagger","Dagger Throw+1"],"picked":"SKIP","floor":18.0},{"not_picked":["Poisoned Stab","Bane","Deadly Poison"],"picked":"SKIP","floor":19.0},{"not_picked":["Tools of the Trade","Expertise","Flying Knee"],"picked":"SKIP","floor":22.0},{"not_picked":["Deadly Poison","Outmaneuver"],"picked":"Doppelganger","floor":23},{"not_picked":["Flechettes+1","Finisher","Acrobatics"],"picked":"SKIP","floor":25},{"not_picked":["Tactician","Quick Slash","Slice"],"picked":"SKIP","floor":28},{"not_picked":["Finisher","Bouncing Flask+1","Expertise"],"picked":"SKIP","floor":31}],"player_experience":841020,"relics_obtained":[{"floor":9.0,"key":"Incense Burner"},{"floor":14.0,"key":"Ancient Tea Set"},{"floor":23,"key":"Bag of Preparation"},{"floor":26,"key":"Pantograph"}],"event_choices":[{"cards_removed":["Strike_G"],"damage_healed":0.0,"max_hp_gain":0.0,"max_hp_loss":0.0,"gold_gain":0.0,"event_name":"The Cleric","player_choice":"Card Removal","floor":2.0,"gold_loss":75.0,"damage_taken":0.0},{"damage_healed":0.0,"max_hp_gain":5.0,"max_hp_loss":0.0,"gold_gain":0.0,"event_name":"Big Fish","player_choice":"Donut","floor":3.0,"gold_loss":0.0,"damage_taken":0.0},{"damage_healed":0.0,"max_hp_gain":0.0,"max_hp_loss":0.0,"gold_gain":0.0,"cards_transformed":["Strike_G"],"event_name":"Transmorgrifier","player_choice":"Transformed","floor":5.0,"gold_loss":0.0,"damage_taken":0.0,"cards_obtained":["Backflip"]},{"cards_removed":["Strike_G"],"damage_healed":0.0,"max_hp_gain":0.0,"max_hp_loss":0.0,"gold_gain":0.0,"event_name":"Purifier","player_choice":"Purged","floor":20.0,"gold_loss":0.0,"damage_taken":0.0},{"cards_removed":["Defend_G"],"damage_healed":0,"gold_gain":0,"player_choice":"Elegance","damage_taken":0,"max_hp_gain":0,"max_hp_loss":0,"event_name":"Back to Basics","floor":27,"gold_loss":0},{"damage_healed":0,"gold_gain":0,"player_choice":"Ignored","damage_taken":0,"max_hp_gain":0,"max_hp_loss":0,"event_name":"Vampires","floor":30,"gold_loss":0}],"is_beta":false,"boss_relics":[{"not_picked":["WristBlade","Orrery"],"picked":"Tiny House"}],"items_purged_floors":[21],"is_endless":false,"potions_floor_spawned":[7,16,25,28],"killed_by":"Champ","ascension_level":15}