{"gold_per_floor":[118,129,204,224,224,224,224,224,224,236,266,279,279,308,308,382,382,400,411,113,3,3,29,41,71,97,129,149,149,162,162,162,235,235,247,247,257,273,286,321,221,254,254,285,285,296,171,223,223,223,223,223,223,20,54,54],"floor_reached":57,"playtime":2798,"items_purged":["Riddle With Holes","Corpse Explosion","Leg Sweep","Well Laid Plans+1"],"score":3670,"play_id":"639d268c-cf75-4450-8729-df545773f4f4","local_time":"20190307141436","is_ascension_mode":true,"campfire_choices":[{"data":"Deadly Poison","floor":6.0,"key":"SMITH"},{"data":"Leg Sweep","floor":8.0,"key":"SMITH"},{"data":"Backflip","floor":13.0,"key":"SMITH"},{"data":"Survivor","floor":15.0,"key":"SMITH"},{"data":"Acrobatics","floor":29.0,"key":"SMITH"},{"data":"Well Laid Plans","floor":32.0,"key":"SMITH"},{"floor":49,"key":"RECALL"},{"data":"Buffer","floor":53,"key":"SMITH"}],"neow_cost":"PERCENT_DAMAGE","seed_source_timestamp":7983804109661,"circlet_count":0,"master_deck":["AscendersBane","Survivor+1","Neutralize+1","Deadly Poison+1","Leg Sweep+1","Calculated Gamble+1","Backflip+1","Heel Hook","Grand Finale","Caltrops","Accuracy","PiercingWail","Acrobatics+1","Buffer+1","Second Wind+1","Well Laid Plans+1","Double Energy+1","Barricade"],"special_seed":0,"relics":["Ring of the Snake","Paper Crane","Anchor","Bird Faced Urn","Pandora\u0027s Box","PrismaticShard","Pear","Bag of Preparation","Bag of Marbles","Coffee Dripper","Strawberry","Molten Egg 2","Ornamental Fan","FossilizedHelix","Ginger"],"potions_floor_usage":[56,56],"damage_taken":[{"damage":0.0,"enemies":"Small Slimes","floor":1.0,"turns":3.0},{"damage":0.0,"enemies":"Cultist","floor":2.0,"turns":4.0},{"damage":0.0,"enemies":"Jaw Worm","floor":4.0,"turns":5.0},{"damage":0.0,"enemies":"3 Louse","floor":10.0,"turns":6.0},{"damage":9.0,"enemies":"Gremlin Nob","floor":11.0,"turns":5.0},{"damage":0.0,"enemies":"Large Slime","floor":12.0,"turns":8.0},{"damage":5.0,"enemies":"Lagavulin","floor":14.0,"turns":9.0},{"damage":6.0,"enemies":"The Guardian","floor":16.0,"turns":12.0},{"damage":3.0,"enemies":"3 Byrds","floor":18.0,"turns":3.0},{"damage":3.0,"enemies":"Spheric Guardian","floor":19.0,"turns":6.0},{"damage":0.0,"enemies":"Gremlin Leader","floor":23.0,"turns":6.0},{"damage":0.0,"enemies":"Centurion and Healer","floor":24.0,"turns":5.0},{"damage":0.0,"enemies":"Slavers","floor":25.0,"turns":2.0},{"damage":0.0,"enemies":"Book of Stabbing","floor":27.0,"turns":4.0},{"damage":0.0,"enemies":"Chosen and Byrds","floor":28.0,"turns":3.0},{"damage":16.0,"enemies":"Snecko","floor":30.0,"turns":5.0},{"damage":0.0,"enemies":"Automaton","floor":33.0,"turns":5.0},{"damage":0.0,"enemies":"3 Darklings","floor":35.0,"turns":2.0},{"damage":0,"enemies":"Orb Walker","floor":37,"turns":3},{"damage":4,"enemies":"Maw","floor":38,"turns":5},{"damage":0,"enemies":"Jaw Worm Horde","floor":39,"turns":2},{"damage":0,"enemies":"Giant Head","floor":40,"turns":4},{"damage":0,"enemies":"Nemesis","floor":42,"turns":3},{"damage":0,"enemies":"Giant Head","floor":44,"turns":3},{"damage":0,"enemies":"Transient","floor":46,"turns":6},{"damage":0,"enemies":"2 Orb Walkers","floor":48,"turns":2},{"damage":0,"enemies":"Time Eater","floor":50,"turns":4},{"damage":0,"enemies":"Awakened One","floor":51,"turns":5},{"damage":0,"enemies":"Shield and Spear","floor":55,"turns":3},{"damage":0,"enemies":"The Heart","floor":56,"turns":9}],"seed_played":"6259780249300951974","potions_obtained":[{"floor":1.0,"key":"Fruit Juice"},{"floor":10.0,"key":"Ancient Potion"},{"floor":11.0,"key":"Energy Potion"},{"floor":18.0,"key":"Weak Potion"},{"floor":27.0,"key":"Poison Potion"},{"floor":30.0,"key":"FearPotion"},{"floor":39,"key":"Ancient Potion"}],"is_trial":false,"path_per_floor":["M","M","?","M","?","R","?","R","T","M","E","M","R","E","R","B",null,"M","M","$","?","$","E","M","E","T","E","M","R","M","?","R","B",null,"M","?","M","M","M","E","$","E","T","E","?","M","$","?","R","B","B",null,"R","$","E","B",null],"character_chosen":"THE_SILENT","items_purchased":["PrismaticShard","SpeedPotion"],"campfire_rested":0,"item_purchase_floors":[20,54],"current_hp_per_floor":[44,44,33,33,33,33,33,33,33,33,24,24,24,19,19,18,58,57,58,58,58,58,72,76,76,76,80,81,81,65,65,65,69,78,81,81,81,77,81,88,88,88,88,88,88,88,88,88,88,88,88,88,88,88,88,88],"gold":54,"neow_bonus":"TRANSFORM_TWO_CARDS","is_prod":false,"is_daily":false,"chose_seed":false,"campfire_upgraded":7,"win_rate":0,"timestamp":1551939276,"path_taken":["M","M","?","M","?","R","?","R","T","M","E","M","R","E","R","BOSS","M","M","?","?","$","E","?","E","T","E","M","R","?","?","R","BOSS","M","?","M","M","M","E","$","E","T","E","?","M","$","?","R","BOSS","BOSS","R","$","E","BOSS"],"build_version":"2019-01-23","purchased_purges":4,"victory":true,"max_hp_per_floor":[66,66,66,66,66,66,66,66,66,66,66,66,66,66,66,71,71,71,71,71,71,71,81,81,81,81,81,81,81,81,81,81,81,81,81,81,81,81,81,88,88,88,88,88,88,88,88,88,88,88,88,88,88,88,88,88],"card_choices":[{"not_picked":["Poisoned Stab","Dagger Throw"],"picked":"Leg Sweep","floor":1.0},{"not_picked":["Slice","Underhanded Strike"],"picked":"Calculated Gamble","floor":2.0},{"not_picked":["Acrobatics","Skewer"],"picked":"Backflip","floor":4.0},{"not_picked":["Acrobatics","All Out Attack","Cloak And Dagger"],"picked":"SKIP","floor":10.0},{"not_picked":["Prepared","Blade Dance","Riddle With Holes"],"picked":"SKIP","floor":11.0},{"not_picked":["Reflex","Deflect","PiercingWail"],"picked":"SKIP","floor":12.0},{"not_picked":["Crippling Poison","Reflex","Expertise"],"picked":"SKIP","floor":14.0},{"not_picked":["Adrenaline","Wraith Form v2"],"picked":"Corpse Explosion","floor":16.0},{"not_picked":["Predator","Prepared","Blade Dance"],"picked":"SKIP","floor":18.0},{"not_picked":["Deadly Poison","Quick Slash","Eviscerate"],"picked":"SKIP","floor":19.0},{"not_picked":["Loop","Dagger Throw","Aggregate"],"picked":"SKIP","floor":23.0},{"not_picked":["Self Repair","Fusion"],"picked":"Acrobatics","floor":24.0},{"not_picked":["Dagger Throw","Spot Weakness","Impatience"],"picked":"SKIP","floor":25.0},{"not_picked":["Blur","Blood for Blood","Feel No Pain"],"picked":"SKIP","floor":27.0},{"not_picked":["Accuracy","Thunderclap","Outmaneuver"],"picked":"SKIP","floor":28.0},{"not_picked":["PiercingWail","Amplify","Bane"],"picked":"SKIP","floor":30.0},{"not_picked":["Reboot","Bludgeon"],"picked":"Buffer","floor":33.0},{"not_picked":["Storm+1","Steam+1","Spot Weakness"],"picked":"SKIP","floor":35.0},{"not_picked":["Inflame","Blind+1"],"picked":"Second Wind+1","floor":37},{"not_picked":["Cleave","Setup","Static Discharge"],"picked":"SKIP","floor":38},{"not_picked":["Combust+1","Darkness"],"picked":"Well Laid Plans+1","floor":39},{"not_picked":["Anger+1","Body Slam+1","Dropkick"],"picked":"SKIP","floor":40},{"not_picked":["Slice","Clash","Compile Driver+1"],"picked":"SKIP","floor":42},{"not_picked":["Leg Sweep+1","Compile Driver+1"],"picked":"Double Energy+1","floor":44},{"not_picked":["Outmaneuver+1","Panacea","Cleave+1"],"picked":"SKIP","floor":46},{"not_picked":["Rage+1","Sucker Punch+1"],"picked":"Barricade","floor":55}],"player_experience":3381273,"relics_obtained":[{"floor":9.0,"key":"Paper Crane"},{"floor":11.0,"key":"Anchor"},{"floor":14.0,"key":"Bird Faced Urn"},{"floor":23.0,"key":"Pear"},{"floor":25.0,"key":"Bag of Preparation"},{"floor":27.0,"key":"Bag of Marbles"},{"floor":40,"key":"Strawberry"},{"floor":43,"key":"Molten Egg 2"},{"floor":44,"key":"Ornamental Fan"},{"floor":48,"key":"FossilizedHelix"},{"floor":55,"key":"Ginger"}],"event_choices":[{"damage_healed":0.0,"max_hp_gain":0.0,"max_hp_loss":0.0,"gold_gain":75.0,"event_name":"World of Goop","player_choice":"Gather Gold","floor":3.0,"gold_loss":0.0,"damage_taken":11.0},{"cards_removed":["Strike_G"],"damage_healed":0.0,"max_hp_gain":0.0,"max_hp_loss":0.0,"gold_gain":0.0,"event_name":"Living Wall","player_choice":"Forget","floor":5.0,"gold_loss":0.0,"damage_taken":0.0},{"damage_healed":0.0,"max_hp_gain":0.0,"max_hp_loss":0.0,"gold_gain":0.0,"event_name":"Accursed Blacksmith","player_choice":"Forge","floor":7.0,"gold_loss":0.0,"damage_taken":0.0,"cards_upgraded":["Neutralize"]},{"cards_removed":["Cloak And Dagger"],"damage_healed":0.0,"max_hp_gain":0.0,"max_hp_loss":0.0,"gold_gain":0.0,"event_name":"Designer","player_choice":"Upgrade and Remove","floor":21.0,"gold_loss":110.0,"damage_taken":0.0,"cards_upgraded":["Calculated Gamble"]},{"damage_healed":0.0,"max_hp_gain":0.0,"max_hp_loss":0.0,"gold_gain":0.0,"event_name":"The Library","player_choice":"Read","floor":31.0,"gold_loss":0.0,"damage_taken":0.0,"cards_obtained":["Well Laid Plans"]},{"damage_healed":0,"gold_gain":0,"player_choice":"Memory 1","damage_taken":0,"max_hp_gain":0,"max_hp_loss":0,"event_name":"SensoryStone","floor":36,"gold_loss":0},{"damage_healed":0,"gold_gain":0,"player_choice":"Ignored","damage_taken":0,"max_hp_gain":0,"max_hp_loss":0,"event_name":"Tomb of Lord Red Mask","floor":45,"gold_loss":0},{"damage_healed":0,"gold_gain":0,"player_choice":"Fight","damage_taken":0,"max_hp_gain":0,"max_hp_loss":0,"event_name":"Mysterious Sphere","floor":48,"gold_loss":0}],"is_beta":false,"boss_relics":[{"not_picked":["Ring of the Serpent","Black Star"],"picked":"Pandora\u0027s Box"},{"not_picked":["Sozu","Fusion Hammer"],"picked":"Coffee Dripper"}],"items_purged_floors":[20,41,47,54],"is_endless":false,"potions_floor_spawned":[1,10,11,18,24,27,30,37,39,40,44,48],"ascension_level":20}