{"gold_per_floor":[117,117,117,117,42,74,74,106,106,125,143,176,176,192,192,271,271,289,289,289,289,308,308,233,233,233,233],"floor_reached":27,"playtime":486,"items_purged":[],"score":579,"play_id":"1fba8378-ee2d-4d16-abb5-650269c2f104","local_time":"20190317234154","is_ascension_mode":true,"campfire_choices":[{"data":"Zap","floor":7,"key":"SMITH"},{"data":"Defragment","floor":13,"key":"SMITH"},{"data":"Barrage","floor":15,"key":"SMITH"},{"data":"Coolheaded","floor":23,"key":"SMITH"}],"neow_cost":"NONE","seed_source_timestamp":1313573201604619,"circlet_count":0,"master_deck":["AscendersBane","Strike_B","Strike_B","Strike_B","Defend_B","Defend_B","Defend_B","Defend_B","Zap+1","Dualcast","Cold Snap","Double Energy","Skim","Hologram","Barrage+1","Defragment+1","Coolheaded+1","Go for the Eyes","Electrodynamics","Hologram","Skim","Coolheaded"],"relics":["Cracked Core","NeowsBlessing","Smiling Mask","Mango","Torii","Question Card","DataDisk","Coffee Dripper","Mercury Hourglass"],"potions_floor_usage":[12,16,16],"damage_taken":[{"damage":0,"enemies":"Cultist","floor":1,"turns":1},{"damage":0,"enemies":"3 Sentries","floor":6,"turns":1},{"damage":0,"enemies":"Lagavulin","floor":8,"turns":1},{"damage":1,"enemies":"Jaw Worm","floor":10,"turns":4},{"damage":1,"enemies":"2 Louse","floor":11,"turns":3},{"damage":26,"enemies":"Gremlin Nob","floor":12,"turns":4},{"damage":21,"enemies":"Lots of Slimes","floor":14,"turns":5},{"damage":2,"enemies":"Hexaghost","floor":16,"turns":10},{"damage":0,"enemies":"3 Byrds","floor":18,"turns":3},{"damage":12,"enemies":"2 Thieves","floor":22,"turns":2},{"damage":30,"enemies":"Slavers","floor":27,"turns":2}],"seed_played":"-9164866380625897001","potions_obtained":[{"floor":6,"key":"SteroidPotion"},{"floor":8,"key":"Strength Potion"},{"floor":11,"key":"SkillPotion"},{"floor":14,"key":"SkillPotion"},{"floor":22,"key":"Ancient Potion"}],"is_trial":false,"path_per_floor":["M","?","?","?","$","E","R","E","T","M","M","E","R","M","R","B",null,"M","?","?","?","M","R","?","?","T","E"],"character_chosen":"DEFECT","items_purchased":["Double Energy"],"campfire_rested":0,"item_purchase_floors":[5],"current_hp_per_floor":[64,64,53,53,53,67,67,67,67,66,65,39,39,18,18,16,68,68,68,43,43,31,31,31,31,31,1],"gold":233,"neow_bonus":"THREE_ENEMY_KILL","is_prod":false,"is_daily":false,"chose_seed":false,"campfire_upgraded":4,"win_rate":0,"timestamp":1552837314,"path_taken":["M","?","?","?","$","E","R","E","T","M","?","E","R","?","R","BOSS","M","?","?","?","M","R","?","?","T","E"],"build_version":"2019-01-23","purchased_purges":0,"victory":false,"max_hp_per_floor":[71,71,71,71,71,85,85,85,85,85,85,85,85,85,85,85,85,85,85,90,90,90,90,90,90,90,90],"card_choices":[{"not_picked":["Rebound","Barrage"],"picked":"Cold Snap","floor":1},{"not_picked":["Melter","Go for the Eyes"],"picked":"Skim","floor":6},{"not_picked":["Lockon","Self Repair"],"picked":"Hologram","floor":8},{"not_picked":["Hello World","Lockon","Rebound"],"picked":"Barrage","floor":10},{"not_picked":["Hologram","Fusion","Sunder"],"picked":"Defragment","floor":11},{"not_picked":["Rip and Tear","Compile Driver","Lockon"],"picked":"Coolheaded","floor":12},{"not_picked":["Barrage","Machine Learning","Streamline"],"picked":"Go for the Eyes","floor":14},{"not_picked":["Echo Form","Machine Learning","Rainbow"],"picked":"Electrodynamics","floor":16},{"not_picked":["Reinforced Body","Rebound","Beam Cell"],"picked":"Hologram","floor":18},{"not_picked":["Hologram","Lockon","Self Repair"],"picked":"Coolheaded","floor":22}],"player_experience":1210842,"relics_obtained":[{"floor":6,"key":"Mango"},{"floor":8,"key":"Torii"},{"floor":9,"key":"Question Card"},{"floor":12,"key":"DataDisk"},{"floor":26,"key":"Mercury Hourglass"}],"event_choices":[{"damage_healed":0,"gold_gain":0,"player_choice":"Ignored","damage_taken":0,"max_hp_gain":0,"max_hp_loss":0,"event_name":"Liars Game","floor":2,"gold_loss":0},{"damage_healed":0,"gold_gain":0,"player_choice":"Success","damage_taken":11,"relics_obtained":["Smiling Mask"],"max_hp_gain":0,"max_hp_loss":0,"event_name":"Scrap Ooze","floor":3,"gold_loss":0},{"damage_healed":0,"gold_gain":0,"player_choice":"0 cards matched","damage_taken":0,"max_hp_gain":0,"max_hp_loss":0,"event_name":"Match and Keep!","floor":4,"gold_loss":0,"cards_obtained":[]},{"damage_healed":0,"gold_gain":0,"player_choice":"Ignored","damage_taken":0,"max_hp_gain":0,"max_hp_loss":0,"event_name":"Cursed Tome","floor":19,"gold_loss":0},{"damage_healed":0,"gold_gain":0,"player_choice":"Shed Blood","damage_taken":30,"max_hp_gain":5,"max_hp_loss":0,"event_name":"Forgotten Altar","floor":20,"gold_loss":0},{"damage_healed":0,"gold_gain":0,"player_choice":"Read","damage_taken":0,"max_hp_gain":0,"max_hp_loss":0,"event_name":"The Library","floor":21,"gold_loss":0,"cards_obtained":["Skim"]},{"cards_removed":["Strike_B"],"damage_healed":0,"gold_gain":0,"player_choice":"Gave Gold","damage_taken":0,"max_hp_gain":0,"max_hp_loss":0,"event_name":"Beggar","floor":24,"gold_loss":75},{"damage_healed":0,"gold_gain":0,"player_choice":"Ignored","damage_taken":0,"max_hp_gain":0,"max_hp_loss":0,"event_name":"The Mausoleum","floor":25,"gold_loss":0}],"is_beta":false,"boss_relics":[{"not_picked":["White Beast Statue","FrozenCore"],"picked":"Coffee Dripper"}],"items_purged_floors":[],"is_endless":false,"potions_floor_spawned":[6,8,11,14,22],"killed_by":"Slavers","ascension_level":20}