{"gold_per_floor":[119,119,119,130,130,155,155,171,171,171,171,49,62,97,97,97],"floor_reached":16,"playtime":534,"items_purged":["Strike_G"],"score":266,"play_id":"6af2eb20-4478-4248-add9-13b1e7f61fce","local_time":"20190131184836","is_ascension_mode":true,"campfire_choices":[{"data":"Cloak And Dagger","floor":11,"key":"SMITH"},{"data":"Calculated Gamble","floor":15,"key":"SMITH"}],"neow_cost":"NONE","seed_source_timestamp":24046820848566,"circlet_count":0,"master_deck":["AscendersBane","Defend_G","Defend_G","Defend_G","Defend_G","Defend_G","Strike_G","Strike_G+1","Strike_G+1","Survivor","Neutralize","Accuracy","Well Laid Plans","Cloak And Dagger+1","Skewer","Calculated Gamble+1"],"special_seed":0,"relics":["Ring of the Snake","NeowsBlessing","Kunai","Question Card","Strawberry","The Courier","Blue Candle"],"potions_floor_usage":[16,16],"damage_taken":[{"damage":0.0,"enemies":"Cultist","floor":1.0,"turns":1.0},{"damage":0.0,"enemies":"2 Louse","floor":4.0,"turns":1.0},{"damage":0.0,"enemies":"3 Sentries","floor":6.0,"turns":1.0},{"damage":6,"enemies":"Small Slimes","floor":8,"turns":3},{"damage":1,"enemies":"2 Fungi Beasts","floor":13,"turns":4},{"damage":37,"enemies":"Gremlin Nob","floor":14,"turns":5},{"damage":16,"enemies":"Slime Boss","floor":16,"turns":6}],"seed_played":"-173799487605688989","potions_obtained":[{"floor":4.0,"key":"Fire Potion"},{"floor":13,"key":"EssenceOfSteel"}],"is_trial":false,"path_per_floor":["M","?","?","M","?","E","?","M","T","?","R","$","M","E","R","B"],"character_chosen":"THE_SILENT","items_purchased":["Skewer"],"campfire_rested":0,"item_purchase_floors":[12],"current_hp_per_floor":[59,39,28,28,21,21,28,22,22,46,46,46,45,8,8,0],"gold":97,"neow_bonus":"THREE_ENEMY_KILL","is_prod":false,"is_daily":false,"chose_seed":false,"campfire_upgraded":2,"win_rate":0,"timestamp":1548931716,"path_taken":["M","?","?","M","?","E","?","M","T","?","R","$","M","E","R","BOSS"],"build_version":"2019-01-23","purchased_purges":1,"victory":false,"max_hp_per_floor":[66,66,66,66,66,66,73,73,73,73,73,73,73,73,73,73],"card_choices":[{"not_picked":["Flying Knee","Prepared"],"picked":"Accuracy","floor":1.0},{"not_picked":["Flechettes","Outmaneuver"],"picked":"Well Laid Plans","floor":4.0},{"not_picked":["Sucker Punch","Dagger Throw","Slice"],"picked":"SKIP","floor":6.0},{"not_picked":["Prepared","Tactician","PiercingWail"],"picked":"Cloak And Dagger","floor":8},{"not_picked":["Choke","Masterful Stab","Crippling Poison"],"picked":"Calculated Gamble","floor":13},{"not_picked":["Prepared","Flechettes","Reflex","Blur"],"picked":"SKIP","floor":14}],"player_experience":1400687,"relics_obtained":[{"floor":6.0,"key":"Question Card"},{"floor":9,"key":"The Courier"},{"floor":14,"key":"Blue Candle"}],"event_choices":[{"damage_healed":0.0,"max_hp_gain":0.0,"max_hp_loss":0.0,"gold_gain":0.0,"event_name":"Shining Light","player_choice":"Entered Light","floor":2.0,"gold_loss":0.0,"damage_taken":20.0,"cards_upgraded":["Strike_G","Strike_G"]},{"damage_healed":0.0,"max_hp_gain":0.0,"max_hp_loss":0.0,"gold_gain":0.0,"event_name":"Scrap Ooze","player_choice":"Success","floor":3.0,"gold_loss":0.0,"damage_taken":11.0,"relics_obtained":["Kunai"]},{"cards_removed":["Strike_G"],"damage_healed":0.0,"max_hp_gain":0.0,"max_hp_loss":0.0,"gold_gain":0.0,"event_name":"Golden Wing","player_choice":"Card Removal","floor":5.0,"gold_loss":0.0,"damage_taken":7.0},{"damage_healed":0,"gold_gain":0,"player_choice":"Searched \u00272\u0027 times","damage_taken":0,"relics_obtained":["Strawberry"],"max_hp_gain":0,"max_hp_loss":0,"event_name":"Dead Adventurer","floor":7,"gold_loss":0},{"damage_healed":24,"gold_gain":0,"player_choice":"Banana","damage_taken":0,"max_hp_gain":0,"max_hp_loss":0,"event_name":"Big Fish","floor":10,"gold_loss":0}],"is_beta":true,"boss_relics":[],"items_purged_floors":[12],"is_endless":false,"potions_floor_spawned":[4,13],"killed_by":"Slime Boss","ascension_level":20}