{"gold_per_floor":[117,117,117,42,42,42,57,93,117,138,157,57,57,57,57,57],"floor_reached":16,"playtime":233,"items_purged":["Strike_G","Strike_G"],"score":246,"play_id":"d24e79dd-6a63-43bb-84de-b0b719e607f5","local_time":"20190315164518","is_ascension_mode":true,"campfire_choices":[{"data":"Neutralize","floor":6,"key":"SMITH"},{"data":"Backflip","floor":13,"key":"SMITH"},{"data":"Dash","floor":15,"key":"SMITH"}],"neow_cost":"NONE","seed_source_timestamp":15539561003024,"circlet_count":0,"master_deck":["AscendersBane","Defend_G","Defend_G","Defend_G","Defend_G","Defend_G","Strike_G","Strike_G","Survivor","Neutralize+1","Leg Sweep","Dash+1","Backflip+1"],"relics":["Ring of the Snake","NeowsBlessing","Golden Idol","Dream Catcher","Lantern"],"potions_floor_usage":[],"damage_taken":[{"damage":0,"enemies":"Cultist","floor":1,"turns":1},{"damage":0,"enemies":"Jaw Worm","floor":7,"turns":1},{"damage":0,"enemies":"Lagavulin","floor":8,"turns":1},{"damage":2,"enemies":"2 Louse","floor":10,"turns":4},{"damage":9,"enemies":"Exordium Wildlife","floor":11,"turns":8},{"damage":0,"enemies":"Hexaghost","floor":16,"turns":1}],"seed_played":"-6787419527598888929","potions_obtained":[{"floor":7,"key":"Explosive Potion"},{"floor":11,"key":"Weak Potion"}],"is_trial":false,"path_per_floor":["M","?","?","$","?","R","M","E","T","M","M","$","R","?","R","B"],"character_chosen":"THE_SILENT","items_purchased":[],"campfire_rested":0,"item_purchase_floors":[],"current_hp_per_floor":[59,59,59,59,59,59,59,59,59,57,48,48,48,48,48,48],"gold":57,"neow_bonus":"THREE_ENEMY_KILL","is_prod":false,"is_daily":false,"chose_seed":false,"campfire_upgraded":3,"win_rate":0,"timestamp":1552639518,"path_taken":["M","?","?","$","?","R","?","E","T","M","M","$","R","?","R","BOSS"],"build_version":"2019-01-23","purchased_purges":2,"victory":false,"max_hp_per_floor":[66,66,60,60,60,60,60,60,60,60,60,60,60,60,60,60],"card_choices":[{"not_picked":["Sucker Punch","Blur","Underhanded Strike"],"picked":"SKIP","floor":1},{"not_picked":["Dodge and Roll","Distraction","Quick Slash"],"picked":"SKIP","floor":7},{"not_picked":["Cloak And Dagger","Dagger Throw"],"picked":"Dash","floor":8},{"not_picked":["Blade Dance","Calculated Gamble"],"picked":"Backflip","floor":10},{"not_picked":["Leg Sweep","Prepared","Dodge and Roll"],"picked":"SKIP","floor":11}],"player_experience":3612775,"relics_obtained":[{"floor":8,"key":"Dream Catcher"},{"floor":9,"key":"Lantern"}],"event_choices":[{"damage_healed":0,"gold_gain":0,"cards_transformed":["Strike_G"],"player_choice":"Change","damage_taken":0,"max_hp_gain":0,"max_hp_loss":0,"event_name":"Living Wall","floor":2,"gold_loss":0,"cards_obtained":["Leg Sweep"]},{"damage_healed":0,"gold_gain":0,"player_choice":"Lose Max HP","damage_taken":0,"relics_obtained":["Golden Idol"],"max_hp_gain":0,"max_hp_loss":6,"event_name":"Golden Idol","floor":3,"gold_loss":0},{"damage_healed":0,"gold_gain":0,"player_choice":"Leave","damage_taken":0,"max_hp_gain":0,"max_hp_loss":0,"event_name":"The Cleric","floor":5,"gold_loss":0},{"damage_healed":0,"gold_gain":0,"player_choice":"Searched \u00270\u0027 times","damage_taken":0,"max_hp_gain":0,"max_hp_loss":0,"event_name":"Dead Adventurer","floor":14,"gold_loss":0}],"is_beta":false,"boss_relics":[],"items_purged_floors":[4,12],"is_endless":false,"potions_floor_spawned":[7,11],"killed_by":"Hexaghost","ascension_level":20}