{"gold_per_floor":[114,114,114,114,114,114,126,147,223,223,240,5],"floor_reached":12,"playtime":116,"items_purged":["Strike_G"],"score":132,"play_id":"420399df-0300-4c11-8228-9dcad9154634","local_time":"20190122192720","is_ascension_mode":true,"campfire_choices":[{"data":"Calculated Gamble","floor":6,"key":"SMITH"},{"data":"Survivor","floor":10,"key":"SMITH"}],"neow_cost":"NONE","seed_source_timestamp":33158758435805,"circlet_count":0,"master_deck":["AscendersBane","Defend_G+1","Defend_G","Defend_G","Defend_G","Defend_G","Strike_G","Strike_G","Strike_G","Survivor+1","Neutralize+1","Calculated Gamble+1","Well Laid Plans","Predator"],"relics":["Ring of the Snake","NeowsBlessing","Orichalcum","Odd Mushroom","Gremlin Horn"],"potions_floor_usage":[],"damage_taken":[{"damage":0,"enemies":"Jaw Worm","floor":1,"turns":1},{"damage":0,"enemies":"Small Slimes","floor":7,"turns":1},{"damage":0,"enemies":"The Mushroom Lair","floor":8,"turns":1},{"damage":0,"enemies":"2 Louse","floor":11,"turns":2}],"seed_played":"-8989178998718998882","potions_obtained":[{"floor":1,"key":"Dexterity Potion"},{"floor":7,"key":"GhostInAJar"}],"is_trial":false,"path_per_floor":["M","?","?","?","T","R","M","?","T","R","M","$"],"character_chosen":"THE_SILENT","items_purchased":["Well Laid Plans","Predator"],"campfire_rested":0,"item_purchase_floors":[12,12],"current_hp_per_floor":[59,52,57,36,36,36,36,36,36,36,36,36],"gold":5,"neow_bonus":"THREE_ENEMY_KILL","is_prod":false,"is_daily":false,"chose_seed":false,"campfire_upgraded":2,"win_rate":0,"timestamp":1548156440,"path_taken":["M","?","?","?","?","R","?","?","T","R","M","$"],"build_version":"2019-01-17v2","purchased_purges":1,"victory":false,"max_hp_per_floor":[66,66,71,71,71,71,71,71,71,71,71,71],"card_choices":[{"not_picked":["Deflect","Dagger Spray"],"picked":"Calculated Gamble","floor":1},{"not_picked":["Expertise","Blade Dance","Dagger Spray"],"picked":"SKIP","floor":7},{"not_picked":["Backflip","Setup","Flying Knee"],"picked":"SKIP","floor":11}],"player_experience":2148764,"relics_obtained":[{"floor":5,"key":"Orichalcum"},{"floor":8,"key":"Odd Mushroom"},{"floor":9,"key":"Gremlin Horn"}],"event_choices":[{"cards_removed":["Strike_G"],"damage_healed":0,"gold_gain":0,"player_choice":"Card Removal","damage_taken":7,"max_hp_gain":0,"max_hp_loss":0,"event_name":"Golden Wing","floor":2,"gold_loss":0},{"damage_healed":0,"gold_gain":0,"player_choice":"Donut","damage_taken":0,"max_hp_gain":5,"max_hp_loss":0,"event_name":"Big Fish","floor":3,"gold_loss":0},{"damage_healed":0,"gold_gain":0,"player_choice":"Entered Light","damage_taken":21,"max_hp_gain":0,"max_hp_loss":0,"event_name":"Shining Light","floor":4,"gold_loss":0,"cards_upgraded":["Defend_G","Neutralize"]},{"damage_healed":0,"gold_gain":0,"player_choice":"Fought Mushrooms","damage_taken":0,"max_hp_gain":0,"max_hp_loss":0,"event_name":"Mushrooms","floor":8,"gold_loss":0}],"is_beta":false,"boss_relics":[],"items_purged_floors":[12],"is_endless":false,"potions_floor_spawned":[1,7],"ascension_level":20}