{"gold_per_floor":[119,44,44,119,139,139,152,152,234,249,265,283,283,208,208,208],"floor_reached":16,"playtime":341,"items_purged":["Strike_B"],"score":184,"play_id":"30496a7f-b9b4-4c83-9ee3-eba8087ad66b","local_time":"20190508025534","is_ascension_mode":true,"campfire_choices":[{"data":"Darkness","floor":6.0,"key":"SMITH"},{"data":"Loop","floor":8.0,"key":"SMITH"},{"data":"Dualcast","floor":13.0,"key":"SMITH"},{"data":"Reinforced Body","floor":15.0,"key":"SMITH"}],"neow_cost":"NONE","seed_source_timestamp":56139494427172,"circlet_count":0,"master_deck":["AscendersBane","Strike_B","Strike_B","Defend_B","Defend_B","Defend_B","Defend_B","Zap","Dualcast+1","Darkness+1","Reinforced Body+1","Loop+1"],"special_seed":0,"relics":["Inserter","Golden Idol","Singing Bowl"],"potions_floor_usage":[16,16],"damage_taken":[{"damage":4.0,"enemies":"Small Slimes","floor":1.0,"turns":4.0},{"damage":2.0,"enemies":"Jaw Worm","floor":5.0,"turns":3.0},{"damage":1.0,"enemies":"2 Louse","floor":7.0,"turns":4.0},{"damage":11.0,"enemies":"Blue Slaver","floor":10.0,"turns":5.0},{"damage":7.0,"enemies":"2 Fungi Beasts","floor":11.0,"turns":4.0},{"damage":9.0,"enemies":"Red Slaver","floor":12.0,"turns":4.0},{"damage":31,"enemies":"Slime Boss","floor":16,"turns":7}],"seed_played":"8060891766780444467","potions_obtained":[{"floor":5.0,"key":"AttackPotion"},{"floor":7.0,"key":"SpeedPotion"}],"is_trial":false,"path_per_floor":["M","$","?","?","M","R","M","R","T","M","M","M","R","?","R","B"],"character_chosen":"DEFECT","items_purchased":[],"campfire_rested":0,"item_purchase_floors":[],"current_hp_per_floor":[60,60,60,49,47,47,46,46,46,37,32,25,25,25,25,0],"gold":208,"neow_bonus":"BOSS_RELIC","is_prod":false,"is_daily":false,"chose_seed":false,"campfire_upgraded":4,"win_rate":0,"timestamp":1557255334,"path_taken":["M","$","?","?","M","R","M","R","T","M","M","M","R","?","R","BOSS"],"build_version":"2019-01-23","purchased_purges":1,"victory":false,"max_hp_per_floor":[71,71,64,64,64,64,64,64,64,66,68,70,70,70,70,70],"card_choices":[{"not_picked":["Barrage","Steam"],"picked":"Darkness","floor":1.0},{"not_picked":["Gash","Scrape"],"picked":"Reinforced Body","floor":5.0},{"not_picked":["Reinforced Body","Go for the Eyes"],"picked":"Loop","floor":7.0},{"not_picked":["Ball Lightning","Force Field","Rebound"],"picked":"Singing Bowl","floor":10.0},{"not_picked":["Steam","Barrage","Static Discharge"],"picked":"Singing Bowl","floor":11.0},{"not_picked":["Darkness","Lockon","Double Energy"],"picked":"Singing Bowl","floor":12.0}],"player_experience":4646945,"relics_obtained":[{"floor":9.0,"key":"Singing Bowl"}],"event_choices":[{"damage_healed":0.0,"max_hp_gain":0.0,"max_hp_loss":7.0,"gold_gain":0.0,"event_name":"Golden Idol","player_choice":"Lose Max HP","floor":3.0,"gold_loss":0.0,"damage_taken":0.0,"relics_obtained":["Golden Idol"]},{"damage_healed":0.0,"max_hp_gain":0.0,"max_hp_loss":0.0,"gold_gain":75.0,"event_name":"World of Goop","player_choice":"Gather Gold","floor":4.0,"gold_loss":0.0,"damage_taken":11.0},{"cards_removed":["Strike_B"],"damage_healed":0.0,"max_hp_gain":0.0,"max_hp_loss":0.0,"gold_gain":0.0,"event_name":"The Cleric","player_choice":"Card Removal","floor":14.0,"gold_loss":75.0,"damage_taken":0.0}],"is_beta":false,"boss_relics":[],"items_purged_floors":[2],"is_endless":false,"potions_floor_spawned":[5,7,12],"killed_by":"Slime Boss","ascension_level":20}