{"gold_per_floor":[116,133,133,149,149,149,167,167,216,216,232,4,4,19,19,97,97,107,125,142,67,80,115,115,115,138,138,154,154,169,219,219,291,291,308,308,308,319,319,348,368,394,417,437,437,470,470,505,505,505,505],"floor_reached":51,"playtime":1868,"items_purged":["Headbutt"],"score":1904,"play_id":"fc9a0be4-0dda-4416-a602-aa90f6fa3c37","local_time":"20190428225155","is_ascension_mode":true,"campfire_choices":[{"data":"Flex","floor":6.0,"key":"SMITH"},{"data":"Bash","floor":8.0,"key":"SMITH"},{"data":"Offering","floor":10.0,"key":"SMITH"},{"floor":13.0,"key":"RECALL"},{"data":"Second Wind","floor":15.0,"key":"SMITH"},{"data":"Offering","floor":24.0,"key":"SMITH"},{"floor":27.0,"key":"REST"},{"data":"Offering","floor":29.0,"key":"SMITH"},{"data":"Bloodletting","floor":32.0,"key":"SMITH"},{"data":"Burning Pact","floor":45.0,"key":"SMITH"},{"data":"Burning Pact","floor":47.0,"key":"SMITH"},{"data":"Infernal Blade","floor":49.0,"key":"SMITH"}],"neow_cost":"NONE","seed_source_timestamp":36352114853699,"circlet_count":0,"master_deck":["AscendersBane","Flex+1","Offering+1","Ghostly Armor","Second Wind+1","Offering+1","Bloodletting+1","Carnage","Offering+1","Burning Pact+1","Infernal Blade+1","Burning Pact+1","Sentinel+1","Reaper","Burning Pact+1","Perfected Strike+1","Demon Form+1","Flex+1","Shrug It Off+1","Power Through+1"],"special_seed":0,"relics":["Burning Blood","NeowsBlessing","Blood Vial","Brimstone","Pandora\u0027s Box","Pen Nib","Astrolabe","Centennial Puzzle","Gambling Chip","PreservedInsect","Pear","Sundial"],"potions_floor_usage":[],"damage_taken":[{"damage":0.0,"enemies":"Cultist","floor":1.0,"turns":1.0},{"damage":0.0,"enemies":"2 Louse","floor":2.0,"turns":1.0},{"damage":0.0,"enemies":"Jaw Worm","floor":4.0,"turns":1.0},{"damage":6.0,"enemies":"Lots of Slimes","floor":7.0,"turns":4.0},{"damage":6.0,"enemies":"Exordium Wildlife","floor":11.0,"turns":2.0},{"damage":10.0,"enemies":"Blue Slaver","floor":14.0,"turns":3.0},{"damage":47.0,"enemies":"The Guardian","floor":16.0,"turns":6.0},{"damage":12.0,"enemies":"Chosen","floor":18.0,"turns":1.0},{"damage":15.0,"enemies":"Shell Parasite","floor":19.0,"turns":1.0},{"damage":15.0,"enemies":"Snake Plant","floor":20.0,"turns":1.0},{"damage":24.0,"enemies":"3 Cultists","floor":22.0,"turns":2.0},{"damage":21.0,"enemies":"Book of Stabbing","floor":23.0,"turns":1.0},{"damage":12.0,"enemies":"Shelled Parasite and Fungi","floor":28.0,"turns":2.0},{"damage":12.0,"enemies":"Chosen and Byrds","floor":30.0,"turns":1.0},{"damage":24.0,"enemies":"Collector","floor":33.0,"turns":2.0},{"damage":24.0,"enemies":"3 Darklings","floor":35.0,"turns":1.0},{"damage":27.0,"enemies":"Orb Walker","floor":38.0,"turns":1.0},{"damage":30.0,"enemies":"Nemesis","floor":40.0,"turns":1.0},{"damage":24.0,"enemies":"4 Shapes","floor":41.0,"turns":1.0},{"damage":30.0,"enemies":"Giant Head","floor":42.0,"turns":1.0},{"damage":27.0,"enemies":"3 Darklings","floor":44.0,"turns":1.0},{"damage":27.0,"enemies":"Nemesis","floor":46.0,"turns":1.0},{"damage":24.0,"enemies":"Giant Head","floor":48.0,"turns":1.0},{"damage":65.0,"enemies":"Awakened One","floor":50.0,"turns":3.0},{"damage":47,"enemies":"Time Eater","floor":51,"turns":4}],"seed_played":"-6941943908176745441","potions_obtained":[{"floor":11.0,"key":"SkillPotion"},{"floor":14.0,"key":"LiquidBronze"},{"floor":16.0,"key":"Ancient Potion"},{"floor":30.0,"key":"Explosive Potion"},{"floor":33.0,"key":"SteroidPotion"}],"is_trial":false,"path_per_floor":["M","M","?","M","?","R","M","R","T","R","M","$","R","M","R","B",null,"M","M","M","$","M","E","R","?","T","R","M","R","M","?","R","B",null,"M","?","?","M","?","E","M","E","T","M","R","E","R","E","R","B","B"],"character_chosen":"IRONCLAD","items_purchased":["Brimstone"],"campfire_rested":1,"item_purchase_floors":[12],"current_hp_per_floor":[74,75,52,58,58,58,58,58,58,58,60,60,60,58,58,19,61,57,50,43,43,27,14,14,14,14,36,32,32,28,28,28,12,59,75,75,75,75,75,75,75,75,75,75,75,85,85,85,85,53,8],"gold":505,"neow_bonus":"THREE_ENEMY_KILL","is_prod":false,"is_daily":false,"chose_seed":false,"campfire_upgraded":10,"win_rate":0,"timestamp":1556463115,"path_taken":["M","?","?","M","?","R","M","R","T","R","M","?","R","M","R","BOSS","M","?","M","$","M","E","R","?","T","R","M","R","M","?","R","BOSS","M","?","?","M","?","E","?","E","T","M","R","E","R","E","R","BOSS","BOSS"],"build_version":"2019-01-23","purchased_purges":1,"victory":false,"max_hp_per_floor":[75,75,75,75,75,75,75,75,75,75,75,75,75,75,75,75,75,75,75,75,75,75,75,75,75,75,75,75,75,75,75,75,75,75,75,75,75,75,75,75,75,75,75,75,75,85,85,85,85,85,85],"card_choices":[{"not_picked":["Twin Strike","Clothesline"],"picked":"Flex","floor":1.0},{"not_picked":["Havoc","Cleave","Pommel Strike"],"picked":"SKIP","floor":2.0},{"not_picked":["Armaments","Headbutt"],"picked":"Offering","floor":4.0},{"not_picked":["Wild Strike","Perfected Strike"],"picked":"Ghostly Armor","floor":7.0},{"not_picked":["Wild Strike","Pommel Strike","Armaments"],"picked":"SKIP","floor":11.0},{"not_picked":["Thunderclap","Pommel Strike"],"picked":"Second Wind","floor":14.0},{"not_picked":["Dark Embrace","Barricade"],"picked":"Offering","floor":16.0},{"not_picked":["Thunderclap","Warcry","Wild Strike"],"picked":"SKIP","floor":18.0},{"not_picked":["Flame Barrier","Clothesline+1"],"picked":"Burning Pact","floor":19.0},{"not_picked":["Spot Weakness","Dropkick"],"picked":"Sentinel+1","floor":20.0},{"not_picked":["Spot Weakness+1","Headbutt","Intimidate"],"picked":"SKIP","floor":22.0},{"not_picked":["Whirlwind","Carnage","Uppercut"],"picked":"SKIP","floor":23.0},{"not_picked":["Sword Boomerang+1","Clothesline","Cleave"],"picked":"SKIP","floor":28.0},{"not_picked":["Anger","True Grit+1","Headbutt"],"picked":"SKIP","floor":30.0},{"not_picked":["Juggernaut","Double Tap"],"picked":"Reaper","floor":33.0},{"not_picked":["Combust","Searing Blow","Armaments"],"picked":"SKIP","floor":35.0},{"not_picked":["Clothesline","Rage"],"picked":"Flex+1","floor":38.0},{"not_picked":["True Grit","Sword Boomerang+1"],"picked":"Shrug It Off+1","floor":40.0},{"not_picked":["Twin Strike","Intimidate","Wild Strike"],"picked":"SKIP","floor":41.0},{"not_picked":["Dropkick+1","Flex"],"picked":"Power Through+1","floor":42.0},{"not_picked":["Shrug It Off","Perfected Strike+1","Clothesline+1"],"picked":"SKIP","floor":44.0},{"not_picked":["Searing Blow","Anger","Inflame"],"picked":"SKIP","floor":46.0},{"not_picked":["Armaments","Pummel+1","Ghostly Armor"],"picked":"SKIP","floor":48.0}],"player_experience":4555265,"relics_obtained":[{"floor":9.0,"key":"Blood Vial"},{"floor":23.0,"key":"Pen Nib"},{"floor":40.0,"key":"Centennial Puzzle"},{"floor":42.0,"key":"Gambling Chip"},{"floor":43.0,"key":"PreservedInsect"},{"floor":46.0,"key":"Pear"},{"floor":48.0,"key":"Sundial"}],"event_choices":[{"damage_healed":0.0,"max_hp_gain":0.0,"max_hp_loss":0.0,"gold_gain":0.0,"event_name":"Shining Light","player_choice":"Entered Light","floor":3.0,"gold_loss":0.0,"damage_taken":23.0,"cards_upgraded":["Strike_R","Strike_R"]},{"damage_healed":0.0,"max_hp_gain":0.0,"max_hp_loss":0.0,"gold_gain":0.0,"cards_transformed":["Strike_R"],"event_name":"Living Wall","player_choice":"Change","floor":5.0,"gold_loss":0.0,"damage_taken":0.0,"cards_obtained":["Dropkick"]},{"damage_healed":0.0,"max_hp_gain":0.0,"max_hp_loss":0.0,"gold_gain":0.0,"event_name":"Vampires","player_choice":"Ignored","floor":25.0,"gold_loss":0.0,"damage_taken":0.0},{"damage_healed":0.0,"max_hp_gain":0.0,"max_hp_loss":0.0,"gold_gain":50.0,"event_name":"Nest","player_choice":"Stole From Cult","floor":31.0,"gold_loss":0.0,"damage_taken":0.0},{"damage_healed":0.0,"max_hp_gain":0.0,"max_hp_loss":0.0,"gold_gain":0.0,"event_name":"SensoryStone","player_choice":"Memory 1","floor":36.0,"gold_loss":0.0,"damage_taken":0.0},{"damage_healed":0.0,"max_hp_gain":0.0,"max_hp_loss":0.0,"gold_gain":0.0,"event_name":"Tomb of Lord Red Mask","player_choice":"Ignored","floor":37.0,"gold_loss":0.0,"damage_taken":0.0},{"cards_removed":["Clash"],"damage_healed":0.0,"max_hp_gain":0.0,"max_hp_loss":0.0,"gold_gain":0.0,"event_name":"Purifier","player_choice":"Purged","floor":39.0,"gold_loss":0.0,"damage_taken":0.0}],"is_beta":false,"boss_relics":[{"not_picked":["Cursed Key","Velvet Choker"],"picked":"Pandora\u0027s Box"},{"not_picked":["Black Star","Philosopher\u0027s Stone"],"picked":"Astrolabe"}],"items_purged_floors":[21],"is_endless":false,"potions_floor_spawned":[11,14,16,18,30,33,40,42,44,46],"killed_by":"Time Eater","ascension_level":20}