{"gold_per_floor":[363,41,116,116,126,126,153,153,153,153,166,192,192,218,218,295,295,310,321,335,20,20,48,48,81,106,132,150,150,178,190,190,264,264,283,303,38,53,64,95,95,125,125,152,152,15,25,55,55,55,55,55,55,5,31,31],"floor_reached":57,"playtime":3261,"items_purged":["Strike_B","Strike_B","Strike_B","Defend_B+1","Defend_B+1"],"score":3832,"play_id":"2c4e140e-eced-4b5b-b41c-4a0e12615b44","local_time":"20190419043713","is_ascension_mode":true,"campfire_choices":[{"data":"Zap","floor":6.0,"key":"SMITH"},{"data":"Coolheaded","floor":8.0,"key":"SMITH"},{"data":"Dualcast","floor":10.0,"key":"SMITH"},{"data":"Seek","floor":13.0,"key":"SMITH"},{"data":"Amplify","floor":15.0,"key":"SMITH"},{"data":"Turbo","floor":24.0,"key":"SMITH"},{"data":"Buffer","floor":29.0,"key":"SMITH"},{"data":"Hologram","floor":32.0,"key":"SMITH"},{"floor":45.0,"key":"RECALL"},{"data":"Loop","floor":49.0,"key":"SMITH"},{"floor":53.0,"key":"REST"}],"neow_cost":"PERCENT_DAMAGE","seed_source_timestamp":54273224453876,"circlet_count":0,"master_deck":["AscendersBane","Defend_B+1","Defend_B+1","Zap+1","Dualcast+1","Ball Lightning+1","Defragment+1","Chill+1","Coolheaded+1","Seek+1","Amplify+1","Electrodynamics+1","Turbo+1","Glacier+1","Echo Form+1","Hologram+1","Buffer+1","White Noise+1","Recycle+1","Echo Form+1","Reinforced Body+1","Undo+1","Loop+1"],"special_seed":0,"relics":["Cracked Core","Potion Belt","Dodecahedron","Bag of Preparation","Bag of Marbles","Letter Opener","Runic Dome","Runic Capacitor","Smiling Mask","Blood Vial","Lantern","Art of War","Vajra","Busted Crown","OrangePellets","Symbiotic Virus","Mark of the Bloom","Bronze Scales","Happy Flower","DataDisk","Anchor"],"potions_floor_usage":[56,56,56,56,56,56,56,56],"damage_taken":[{"damage":1.0,"enemies":"2 Louse","floor":1.0,"turns":3.0},{"damage":0.0,"enemies":"Small Slimes","floor":5.0,"turns":3.0},{"damage":7.0,"enemies":"Gremlin Nob","floor":7.0,"turns":3.0},{"damage":0.0,"enemies":"Cultist","floor":11.0,"turns":2.0},{"damage":1.0,"enemies":"Lagavulin","floor":12.0,"turns":6.0},{"damage":0.0,"enemies":"Gremlin Nob","floor":14.0,"turns":3.0},{"damage":0.0,"enemies":"The Guardian","floor":16.0,"turns":10.0},{"damage":0.0,"enemies":"Chosen","floor":18.0,"turns":3.0},{"damage":0.0,"enemies":"3 Byrds","floor":19.0,"turns":1.0},{"damage":0.0,"enemies":"Cultist and Chosen","floor":20.0,"turns":2.0},{"damage":11.0,"enemies":"Book of Stabbing","floor":23.0,"turns":4.0},{"damage":0.0,"enemies":"Slavers","floor":25.0,"turns":2.0},{"damage":0.0,"enemies":"Gremlin Leader","floor":27.0,"turns":5.0},{"damage":0.0,"enemies":"Snecko","floor":28.0,"turns":3.0},{"damage":0.0,"enemies":"Slavers","floor":30.0,"turns":1.0},{"damage":0.0,"enemies":"Snake Plant","floor":31.0,"turns":2.0},{"damage":0.0,"enemies":"Automaton","floor":33.0,"turns":9.0},{"damage":5.0,"enemies":"Orb Walker","floor":35.0,"turns":2.0},{"damage":0.0,"enemies":"3 Shapes","floor":36.0,"turns":4.0},{"damage":0.0,"enemies":"Sphere and 2 Shapes","floor":38.0,"turns":2.0},{"damage":0.0,"enemies":"Maw","floor":39.0,"turns":6.0},{"damage":0.0,"enemies":"Reptomancer","floor":40.0,"turns":6.0},{"damage":0.0,"enemies":"Nemesis","floor":42.0,"turns":11.0},{"damage":0.0,"enemies":"Reptomancer","floor":44.0,"turns":5.0},{"damage":0.0,"enemies":"4 Shapes","floor":47.0,"turns":3.0},{"damage":0.0,"enemies":"Nemesis","floor":48.0,"turns":7.0},{"damage":0.0,"enemies":"Time Eater","floor":50.0,"turns":7.0},{"damage":0.0,"enemies":"Awakened One","floor":51.0,"turns":6.0},{"damage":0.0,"enemies":"Shield and Spear","floor":55.0,"turns":5.0},{"damage":0,"enemies":"The Heart","floor":56,"turns":8}],"seed_played":"-7662233208047080485","potions_obtained":[{"floor":5.0,"key":"Strength Potion"},{"floor":7.0,"key":"SpeedPotion"},{"floor":16.0,"key":"Fire Potion"},{"floor":19.0,"key":"Dexterity Potion"},{"floor":23.0,"key":"Explosive Potion"},{"floor":27.0,"key":"SpeedPotion"},{"floor":30.0,"key":"SkillPotion"},{"floor":38.0,"key":"FocusPotion"},{"floor":39.0,"key":"EntropicBrew"},{"floor":40.0,"key":"Swift Potion"}],"is_trial":false,"path_per_floor":["M","$","?","?","M","R","E","R","T","R","M","E","R","E","R","B",null,"M","M","M","$","?","E","R","E","T","E","M","R","E","M","R","B",null,"M","M","$","M","M","E","?","E","T","E","R","$","M","E","R","B","B",null,"R","$","E","B",null],"character_chosen":"DEFECT","items_purchased":["Defragment","Potion Belt","Runic Capacitor","OrangePellets","Loop"],"campfire_rested":1,"item_purchase_floors":[2,2,21,37,46],"current_hp_per_floor":[45,45,34,34,34,34,27,27,27,27,27,26,26,26,26,26,60,60,60,60,60,60,49,49,49,49,51,53,53,55,57,57,59,68,65,67,67,69,71,71,71,71,71,71,71,71,71,71,71,71,71,71,71,71,71,71],"gold":31,"neow_bonus":"TWO_FIFTY_GOLD","is_prod":false,"is_daily":false,"chose_seed":false,"campfire_upgraded":9,"win_rate":0,"timestamp":1555619833,"path_taken":["M","$","?","?","M","R","E","R","T","R","?","E","R","E","R","BOSS","M","M","M","$","?","E","R","E","T","E","M","R","E","M","R","BOSS","M","M","?","M","M","E","?","E","T","E","R","$","M","E","R","BOSS","BOSS","R","$","E","BOSS"],"build_version":"2019-01-23","purchased_purges":5,"victory":true,"max_hp_per_floor":[71,71,71,71,71,71,71,71,71,71,71,71,71,71,71,71,71,71,71,71,71,71,71,71,71,71,71,71,71,71,71,71,71,71,71,71,71,71,71,71,71,71,71,71,71,71,71,71,71,71,71,71,71,71,71,71],"card_choices":[{"not_picked":["Compile Driver","Stack"],"picked":"Ball Lightning","floor":1.0},{"not_picked":["Steam","Rebound"],"picked":"Chill","floor":5.0},{"not_picked":["Leap","Sweeping Beam"],"picked":"Coolheaded","floor":7.0},{"not_picked":["Melter","Streamline"],"picked":"Seek","floor":11.0},{"not_picked":["Coolheaded","Leap","Barrage"],"picked":"SKIP","floor":12.0},{"not_picked":["Beam Cell","Steam Power"],"picked":"Amplify","floor":14.0},{"not_picked":["Machine Learning","Creative AI"],"picked":"Electrodynamics","floor":16.0},{"not_picked":["Ball Lightning+1","Hello World+1"],"picked":"Turbo","floor":18.0},{"not_picked":["Beam Cell","Conserve Battery"],"picked":"Glacier+1","floor":19.0},{"not_picked":["Compile Driver+1","Static Discharge","Barrage"],"picked":"SKIP","floor":20.0},{"not_picked":["Ball Lightning","Aggregate","Scrape"],"picked":"SKIP","floor":23.0},{"not_picked":["Barrage","Stack"],"picked":"Hologram","floor":25.0},{"not_picked":["Gash","Turbo"],"picked":"Buffer","floor":27.0},{"not_picked":["Gash","Reinforced Body"],"picked":"White Noise","floor":28.0},{"not_picked":["FTL+1","Gash","Steam"],"picked":"SKIP","floor":30.0},{"not_picked":["Sweeping Beam","Steam+1"],"picked":"Recycle","floor":31.0},{"not_picked":["Reboot","Rainbow"],"picked":"Echo Form","floor":33.0},{"not_picked":["Conserve Battery"],"picked":"SKIP","floor":35.0},{"not_picked":[],"picked":"Reinforced Body","floor":36.0},{"not_picked":["Coolheaded"],"picked":"SKIP","floor":38.0},{"not_picked":["Ball Lightning+1"],"picked":"SKIP","floor":39.0},{"not_picked":[],"picked":"Undo","floor":40.0},{"not_picked":["Genetic Algorithm"],"picked":"SKIP","floor":42.0},{"not_picked":["Consume"],"picked":"SKIP","floor":44.0},{"not_picked":["Barrage"],"picked":"SKIP","floor":47.0},{"not_picked":["BootSequence"],"picked":"SKIP","floor":48.0},{"not_picked":["Compile Driver"],"picked":"SKIP","floor":55.0}],"player_experience":4391055,"relics_obtained":[{"floor":7.0,"key":"Dodecahedron"},{"floor":9.0,"key":"Bag of Preparation"},{"floor":12.0,"key":"Bag of Marbles"},{"floor":14.0,"key":"Letter Opener"},{"floor":23.0,"key":"Smiling Mask"},{"floor":25.0,"key":"Blood Vial"},{"floor":26.0,"key":"Lantern"},{"floor":27.0,"key":"Art of War"},{"floor":30.0,"key":"Vajra"},{"floor":40.0,"key":"Symbiotic Virus"},{"floor":42.0,"key":"Bronze Scales"},{"floor":44.0,"key":"Happy Flower"},{"floor":48.0,"key":"DataDisk"},{"floor":55.0,"key":"Anchor"}],"event_choices":[{"damage_healed":0.0,"max_hp_gain":0.0,"max_hp_loss":0.0,"gold_gain":75.0,"event_name":"World of Goop","player_choice":"Gather Gold","floor":3.0,"gold_loss":0.0,"damage_taken":11.0},{"damage_healed":0.0,"max_hp_gain":0.0,"max_hp_loss":0.0,"gold_gain":0.0,"event_name":"Upgrade Shrine","player_choice":"Upgraded","floor":4.0,"gold_loss":0.0,"damage_taken":0.0,"cards_upgraded":["Defragment"]},{"damage_healed":0.0,"max_hp_gain":0.0,"max_hp_loss":0.0,"gold_gain":0.0,"cards_transformed":["Strike_B"],"event_name":"Transmorgrifier","player_choice":"Transformed","floor":22.0,"gold_loss":0.0,"damage_taken":0.0,"cards_obtained":["Echo Form"]},{"damage_healed":0.0,"max_hp_gain":0.0,"max_hp_loss":0.0,"gold_gain":0.0,"event_name":"MindBloom","player_choice":"Upgrade","floor":41.0,"gold_loss":0.0,"damage_taken":0.0,"cards_upgraded":["Defend_B","Defend_B","Defend_B","Defend_B","Ball Lightning","Chill","Electrodynamics","Echo Form","White Noise","Recycle","Echo Form","Reinforced Body","Undo"],"relics_obtained":["Mark of the Bloom"]}],"is_beta":false,"boss_relics":[{"not_picked":["Orrery","White Beast Statue"],"picked":"Runic Dome"},{"not_picked":["Tiny House","Eternal Feather"],"picked":"Busted Crown"}],"items_purged_floors":[2,21,37,46,54],"is_endless":false,"potions_floor_spawned":[5,7,16,19,23,27,30,38,39,40,48],"ascension_level":20}