{"gold_per_floor":[110,35,53,70,82,82,9,29,29,29,204,218,118,118,118,244,244,257,16,32,32,32,32,51,74,99,118,134,134,9,9,9,133,133,148,148,161,182,128,144,144,164,188,0,0,14,14,14,14,14],"floor_reached":51,"playtime":1267,"items_purged":["Strike_R","Doubt","Strike_R"],"score":766,"play_id":"2a4a21d0-0e38-4948-84dc-969c42f3cc0e","local_time":"20190723130618","is_ascension_mode":false,"campfire_choices":[{"data":"Armaments","floor":6.0,"key":"SMITH"},{"data":"Inflame","floor":10.0,"key":"SMITH"},{"data":"Hemokinesis","floor":15.0,"key":"SMITH"},{"data":"Limit Break","floor":23.0,"key":"SMITH"},{"data":"Burning Pact","floor":29.0,"key":"SMITH"},{"data":"Evolve","floor":32.0,"key":"SMITH"},{"data":"Offering","floor":41,"key":"SMITH"},{"floor":49,"key":"REST"}],"neow_cost":"PERCENT_DAMAGE","seed_source_timestamp":384268706932800,"circlet_count":0,"master_deck":["Defend_R","Defend_R","Defend_R","Defend_R","Bash","Wild Strike","Armaments+1","Inflame+1","Power Through","Limit Break+1","Shrug It Off","Burning Pact+1","Evolve+1","Pummel+1","Offering+1","Twin Strike+1","Sword Boomerang+1"],"special_seed":0,"relics":["Burning Blood","Molten Egg 2","Golden Idol","Sozu","Medical Kit","Bag of Marbles","Calling Bell","Red Skull","Mercury Hourglass","Turnip","Strawberry","Red Mask","Mummified Hand"],"potions_floor_usage":[],"damage_taken":[{"damage":3.0,"enemies":"2 Louse","floor":1.0,"turns":3.0},{"damage":5.0,"enemies":"Small Slimes","floor":3.0,"turns":3.0},{"damage":3.0,"enemies":"Jaw Worm","floor":4.0,"turns":2.0},{"damage":10.0,"enemies":"2 Fungi Beasts","floor":5.0,"turns":3.0},{"damage":15.0,"enemies":"Large Slime","floor":8.0,"turns":6.0},{"damage":13.0,"enemies":"Looter","floor":12.0,"turns":4.0},{"damage":43.0,"enemies":"Slime Boss","floor":16.0,"turns":9.0},{"damage":22.0,"enemies":"Shell Parasite","floor":18.0,"turns":6.0},{"damage":2.0,"enemies":"Chosen","floor":20.0,"turns":4.0},{"damage":6.0,"enemies":"Centurion and Healer","floor":24.0,"turns":9.0},{"damage":19.0,"enemies":"Snecko","floor":25.0,"turns":6.0},{"damage":17.0,"enemies":"Chosen and Byrds","floor":27.0,"turns":6.0},{"damage":12.0,"enemies":"Shelled Parasite and Fungi","floor":28.0,"turns":7.0},{"damage":28.0,"enemies":"Automaton","floor":33.0,"turns":7.0},{"damage":11.0,"enemies":"Orb Walker","floor":35.0,"turns":4.0},{"damage":22.0,"enemies":"3 Darklings","floor":37.0,"turns":7.0},{"damage":12.0,"enemies":"Sphere and 2 Shapes","floor":38.0,"turns":7.0},{"damage":6,"enemies":"4 Shapes","floor":40,"turns":7},{"damage":11,"enemies":"Writhing Mass","floor":42,"turns":3},{"damage":6,"enemies":"3 Darklings","floor":46,"turns":4},{"damage":55,"enemies":"Time Eater","floor":50,"turns":9}],"seed_played":"-4895661239060210440","potions_obtained":[{"floor":1.0,"key":"FairyPotion"},{"floor":4.0,"key":"Dexterity Potion"},{"floor":5.0,"key":"LiquidBronze"},{"floor":12.0,"key":"GamblersBrew"}],"is_trial":false,"path_per_floor":["M","$","M","M","M","R","$","M","T","R","?","M","$","?","R","B",null,"M","$","M","?","?","R","M","M","T","M","M","R","$","?","R","B",null,"M","?","M","M","$","M","R","M","T","?","?","M","?","T","R","B",null],"character_chosen":"IRONCLAD","items_purchased":["Inflame","Medical Kit","Shrug It Off","Sword Boomerang+1"],"campfire_rested":1,"item_purchase_floors":[7,19,19,39],"current_hp_per_floor":[59,59,60,63,59,59,59,50,50,50,50,43,43,43,43,13,74,58,58,62,62,62,62,62,49,49,38,32,32,32,32,32,10,74,69,69,53,47,47,47,47,42,49,49,49,49,49,49,72,23],"gold":14,"neow_bonus":"TRANSFORM_TWO_CARDS","is_prod":false,"is_daily":false,"chose_seed":false,"campfire_upgraded":7,"win_rate":0,"timestamp":1563858378,"path_taken":["M","$","M","M","M","R","$","M","T","R","?","M","$","?","R","BOSS","M","$","M","?","?","R","M","M","T","M","M","R","$","?","R","BOSS","M","?","M","M","$","M","R","M","T","?","?","M","?","?","R","BOSS"],"build_version":"2019-07-17","purchased_purges":3,"victory":true,"max_hp_per_floor":[80,80,80,80,80,80,80,80,80,80,80,80,80,74,74,74,74,74,74,74,74,74,74,74,74,74,74,74,74,74,74,74,74,74,74,70,70,70,70,70,70,70,77,77,77,77,77,77,77,77],"card_choices":[{"not_picked":["Whirlwind","Thunderclap"],"picked":"Armaments","floor":1.0},{"not_picked":["Armaments","Havoc","Cleave"],"picked":"SKIP","floor":3.0},{"not_picked":["Corruption","Clash","Dropkick"],"picked":"SKIP","floor":4.0},{"not_picked":["Sword Boomerang","Ghostly Armor","Searing Blow"],"picked":"SKIP","floor":5.0},{"not_picked":["Heavy Blade","Iron Wave","Wild Strike"],"picked":"SKIP","floor":8.0},{"not_picked":["Power Through","Infernal Blade","Armaments"],"picked":"SKIP","floor":12.0},{"not_picked":["Infernal Blade","Armaments"],"picked":"Power Through","floor":12.0},{"not_picked":["Reaper+1","Impervious"],"picked":"Limit Break","floor":16.0},{"not_picked":["Dropkick+1","Carnage+1","Iron Wave+1"],"picked":"SKIP","floor":18.0},{"not_picked":["True Grit","Rupture","Flex"],"picked":"SKIP","floor":20.0},{"not_picked":["Intimidate","Rage","Headbutt+1"],"picked":"SKIP","floor":24.0},{"not_picked":["Cleave+1","Shockwave","Body Slam+1"],"picked":"SKIP","floor":25.0},{"not_picked":["Metallicize","Perfected Strike+1","Thunderclap+1"],"picked":"SKIP","floor":27.0},{"not_picked":["Havoc","Double Tap"],"picked":"Burning Pact","floor":28.0},{"not_picked":["Juggernaut","Bludgeon+1"],"picked":"Offering","floor":33.0},{"not_picked":["Twin Strike+1","Headbutt+1","Carnage+1"],"picked":"SKIP","floor":35.0},{"not_picked":["Headbutt+1","Carnage+1"],"picked":"Twin Strike+1","floor":35.0},{"not_picked":["Body Slam+1","Warcry","Pommel Strike+1"],"picked":"SKIP","floor":37.0},{"not_picked":["Body Slam+1","Warcry"],"picked":"Pommel Strike+1","floor":37.0},{"not_picked":["Metallicize+1","Clash+1","Body Slam+1"],"picked":"SKIP","floor":38.0},{"not_picked":["Warcry","Spot Weakness","Shrug It Off+1"],"picked":"SKIP","floor":40},{"not_picked":["Double Tap","Inflame","Rampage+1"],"picked":"SKIP","floor":42},{"not_picked":["Bloodletting","Flame Barrier","Shrug It Off+1"],"picked":"SKIP","floor":46}],"player_experience":671823,"relics_obtained":[{"floor":9.0,"key":"Molten Egg 2"},{"floor":26.0,"key":"Bag of Marbles"},{"floor":34.0,"key":"Red Skull"},{"floor":34.0,"key":"Mercury Hourglass"},{"floor":34.0,"key":"Turnip"},{"floor":43,"key":"Strawberry"},{"floor":48,"key":"Mummified Hand"}],"event_choices":[{"damage_healed":0.0,"max_hp_gain":0.0,"max_hp_loss":0.0,"gold_gain":175.0,"event_name":"Liars Game","player_choice":"AGREE","floor":11.0,"gold_loss":0.0,"damage_taken":0.0,"cards_obtained":["Doubt"]},{"damage_healed":0.0,"max_hp_gain":0.0,"max_hp_loss":6.0,"gold_gain":0.0,"event_name":"Golden Idol","player_choice":"Lose Max HP","floor":14.0,"gold_loss":0.0,"damage_taken":0.0,"relics_obtained":["Golden Idol"]},{"damage_healed":0.0,"max_hp_gain":0.0,"max_hp_loss":0.0,"gold_gain":0.0,"event_name":"Vampires","player_choice":"Ignored","floor":21.0,"gold_loss":0.0,"damage_taken":0.0},{"damage_healed":0.0,"max_hp_gain":0.0,"max_hp_loss":0.0,"gold_gain":0.0,"event_name":"The Mausoleum","player_choice":"Ignored","floor":22.0,"gold_loss":0.0,"damage_taken":0.0},{"damage_healed":0.0,"max_hp_gain":0.0,"max_hp_loss":0.0,"gold_gain":0.0,"cards_transformed":["Strike_R","Hemokinesis"],"event_name":"Drug Dealer","player_choice":"Became Test Subject","floor":31.0,"gold_loss":0.0,"damage_taken":0.0,"cards_obtained":["Evolve","Pummel"]},{"damage_healed":0.0,"max_hp_gain":0.0,"max_hp_loss":4.0,"gold_gain":0.0,"event_name":"Winding Halls","player_choice":"Max HP","floor":36.0,"gold_loss":0.0,"damage_taken":0.0},{"damage_healed":0,"gold_gain":0,"player_choice":"Paid","damage_taken":0,"relics_obtained":["Red Mask"],"max_hp_gain":0,"max_hp_loss":0,"event_name":"Tomb of Lord Red Mask","floor":44,"gold_loss":188},{"damage_healed":0,"gold_gain":0,"player_choice":"Memory 1","damage_taken":0,"max_hp_gain":0,"max_hp_loss":0,"event_name":"SensoryStone","floor":45,"gold_loss":0},{"cards_removed":["Pommel Strike"],"damage_healed":0,"gold_gain":0,"player_choice":"Removed Attack","damage_taken":0,"max_hp_gain":0,"max_hp_loss":0,"event_name":"Falling","floor":47,"gold_loss":0}],"is_beta":false,"boss_relics":[{"not_picked":["Black Blood","Velvet Choker"],"picked":"Sozu"},{"not_picked":["Black Star","Runic Cube"],"picked":"Calling Bell"}],"items_purged_floors":[2,13,30],"is_endless":false,"potions_floor_spawned":[1,4,5,12,20,27,28,33,37,38],"ascension_level":0}