{"gold_per_floor":[111,22,39,51,66,66,86,86,113,113,126,143,143,162,162,234,234,254,265,281,15,15,15,15,15,40,65,77,139,163,175,187,278,290,314,343,355,378,390,432,444,471,483,495],"floor_reached":44,"playtime":1881,"items_purged":[],"score":979,"play_id":"79b11d86-1297-418e-a577-279aaec9eb82","local_time":"20190225161505","is_ascension_mode":true,"campfire_choices":[{"data":"Defragment","floor":6.0,"key":"SMITH"},{"data":"Chaos","floor":8.0,"key":"SMITH"},{"data":"Coolheaded","floor":10.0,"key":"SMITH"},{"data":"Hologram","floor":13.0,"key":"SMITH"},{"data":"Dualcast","floor":15.0,"key":"SMITH"},{"data":"Loop","floor":23.0,"key":"SMITH"},{"data":"Hologram","floor":25.0,"key":"SMITH"},{"data":"White Noise","floor":28.0,"key":"SMITH"},{"data":"Hologram","floor":32.0,"key":"SMITH"},{"data":"FTL","floor":41.0,"key":"SMITH"}],"neow_cost":"NONE","seed_source_timestamp":12134218967779,"circlet_count":0,"master_deck":["AscendersBane","Strike_B+1","Strike_B+1","Strike_B+1","Strike_B+1","Defend_B+1","Defend_B+1","Defend_B+1","Defend_B+1","Zap+1","Dualcast+1","White Noise+1","Defragment+1","Coolheaded+1","Force Field+1","Hologram+1","Chaos+1","Hologram+1","Compile Driver+1","White Noise+1","Reboot+1","Loop+1","Ball Lightning+1","Skim+1","Conserve Battery+1","Hello World+1","Hologram+1","Ghostly+1","Ghostly+1","Ghostly+1","All For One+1","Redo+1","Self Repair+1","Steam Power+1","FTL+1","Defragment"],"special_seed":0,"relics":["Eternal Feather","Potion Belt","Coffee Dripper","OrangePellets","MawBank","Runic Pyramid","Mark of the Bloom","Bag of Marbles","Dream Catcher"],"potions_floor_usage":[44],"damage_taken":[{"damage":1.0,"enemies":"Cultist","floor":1.0,"turns":4.0},{"damage":7.0,"enemies":"Small Slimes","floor":3.0,"turns":3.0},{"damage":18.0,"enemies":"Jaw Worm","floor":4.0,"turns":5.0},{"damage":6.0,"enemies":"2 Fungi Beasts","floor":5.0,"turns":7.0},{"damage":10.0,"enemies":"Large Slime","floor":7.0,"turns":8.0},{"damage":0.0,"enemies":"Blue Slaver","floor":11.0,"turns":6.0},{"damage":18.0,"enemies":"2 Fungi Beasts","floor":12.0,"turns":5.0},{"damage":13.0,"enemies":"Exordium Thugs","floor":14.0,"turns":4.0},{"damage":14.0,"enemies":"Slime Boss","floor":16.0,"turns":5.0},{"damage":22.0,"enemies":"Spheric Guardian","floor":18.0,"turns":6.0},{"damage":3.0,"enemies":"Shell Parasite","floor":19.0,"turns":8.0},{"damage":6.0,"enemies":"3 Cultists","floor":20.0,"turns":3.0},{"damage":43.0,"enemies":"Slavers","floor":27.0,"turns":6.0},{"damage":1.0,"enemies":"Cultist and Chosen","floor":30.0,"turns":5.0},{"damage":25.0,"enemies":"Collector","floor":33.0,"turns":15.0},{"damage":7.0,"enemies":"Orb Walker","floor":35.0,"turns":7.0},{"damage":4.0,"enemies":"3 Darklings","floor":36.0,"turns":6.0},{"damage":0.0,"enemies":"Spire Growth","floor":38.0,"turns":8.0},{"damage":0.0,"enemies":"Giant Head","floor":40.0,"turns":11.0},{"damage":0.0,"enemies":"Maw","floor":42.0,"turns":6.0},{"damage":0,"enemies":"Sphere and 2 Shapes","floor":44,"turns":2}],"seed_played":"-6243578491784976427","potions_obtained":[{"floor":1.0,"key":"FearPotion"},{"floor":12.0,"key":"Weak Potion"},{"floor":14.0,"key":"Ancient Potion"},{"floor":16.0,"key":"SkillPotion"},{"floor":19.0,"key":"FearPotion"},{"floor":27.0,"key":"FocusPotion"},{"floor":36.0,"key":"Swift Potion"},{"floor":40.0,"key":"FearPotion"},{"floor":42.0,"key":"Regen Potion"}],"is_trial":false,"path_per_floor":["M","$","M","M","M","R","M","R","T","R","M","M","R","M","R","B",null,"M","M","M","$","?","R","$","R","T","E","R","?","M","?","R","B",null,"M","M","?","M","?","E","R","M","T","M"],"character_chosen":"DEFECT","items_purchased":["Defragment","OrangePellets","Conserve Battery"],"campfire_rested":0,"item_purchase_floors":[2,21,21],"current_hp_per_floor":[63,63,56,38,32,41,31,40,40,49,49,31,40,27,39,25,60,38,35,29,29,29,44,44,59,59,16,31,31,30,30,35,10,29,22,18,18,25,25,25,25,25,25,25],"gold":495,"neow_bonus":"BOSS_RELIC","is_prod":false,"is_daily":false,"chose_seed":false,"campfire_upgraded":10,"win_rate":0,"timestamp":1551082505,"path_taken":["M","?","?","M","M","R","M","R","T","R","M","M","R","M","R","BOSS","M","M","M","$","?","R","$","R","T","E","R","?","M","?","R","BOSS","M","M","?","M","?","E","R","M","T","M"],"build_version":"2019-01-23","purchased_purges":0,"victory":false,"max_hp_per_floor":[71,71,71,71,71,71,71,71,71,71,71,71,71,71,71,71,71,71,71,71,71,71,71,71,71,71,71,71,71,71,35,35,35,35,35,35,35,35,35,35,35,35,35,35],"card_choices":[{"not_picked":["Double Energy","Beam Cell"],"picked":"White Noise","floor":1.0},{"not_picked":["Conserve Battery","Sweeping Beam"],"picked":"Coolheaded","floor":3.0},{"not_picked":["Leap","Rebound"],"picked":"Force Field","floor":4.0},{"not_picked":["Lockon","Gash"],"picked":"Hologram","floor":5.0},{"not_picked":["Redo","Aggregate"],"picked":"Chaos","floor":7.0},{"not_picked":["Turbo","Leap"],"picked":"Hologram","floor":11.0},{"not_picked":["Fusion","BootSequence"],"picked":"Compile Driver","floor":12.0},{"not_picked":["Go for the Eyes","Cold Snap"],"picked":"White Noise","floor":14.0},{"not_picked":["Amplify","Machine Learning"],"picked":"Reboot","floor":16.0},{"not_picked":["Steam","Scrape"],"picked":"Loop","floor":18.0},{"not_picked":["Lockon","Gash"],"picked":"Ball Lightning+1","floor":19.0},{"not_picked":["Cold Snap","Hologram"],"picked":"Skim","floor":20.0},{"not_picked":["Coolheaded","Gash"],"picked":"Hello World","floor":27.0},{"not_picked":["Redo","Cold Snap"],"picked":"Hologram","floor":30.0},{"not_picked":["Thunder Strike","Reboot"],"picked":"All For One","floor":33.0},{"not_picked":["Reprogram","Scrape"],"picked":"Redo+1","floor":35.0},{"not_picked":["Leap","Redo"],"picked":"Self Repair","floor":36.0},{"not_picked":["Skim","Coolheaded"],"picked":"Steam Power","floor":38.0},{"not_picked":["Blizzard","Go for the Eyes"],"picked":"FTL","floor":40.0},{"not_picked":["Coolheaded","Redo+1"],"picked":"Defragment","floor":42.0}],"player_experience":3127250,"relics_obtained":[{"floor":9.0,"key":"Potion Belt"},{"floor":27.0,"key":"MawBank"},{"floor":40.0,"key":"Bag of Marbles"},{"floor":43.0,"key":"Dream Catcher"}],"event_choices":[{"damage_healed":0.0,"max_hp_gain":0.0,"max_hp_loss":0.0,"gold_gain":0.0,"event_name":"Beggar","player_choice":"Ignored","floor":22.0,"gold_loss":0.0,"damage_taken":0.0},{"damage_healed":0.0,"max_hp_gain":0.0,"max_hp_loss":0.0,"gold_gain":50.0,"event_name":"Nest","player_choice":"Stole From Cult","floor":29.0,"gold_loss":0.0,"damage_taken":0.0},{"damage_healed":0.0,"max_hp_gain":0.0,"max_hp_loss":36.0,"gold_gain":0.0,"event_name":"Ghosts","player_choice":"Became a Ghost","floor":31.0,"gold_loss":0.0,"damage_taken":0.0,"cards_obtained":["Ghostly","Ghostly","Ghostly"]},{"damage_healed":0.0,"max_hp_gain":0.0,"max_hp_loss":0.0,"gold_gain":0.0,"event_name":"Tomb of Lord Red Mask","player_choice":"Ignored","floor":37.0,"gold_loss":0.0,"damage_taken":0.0},{"damage_healed":0.0,"max_hp_gain":0.0,"max_hp_loss":0.0,"gold_gain":0.0,"event_name":"MindBloom","player_choice":"Upgrade","floor":39.0,"gold_loss":0.0,"damage_taken":0.0,"cards_upgraded":["Strike_B","Strike_B","Strike_B","Strike_B","Defend_B","Defend_B","Defend_B","Defend_B","Zap","White Noise","Force Field","Compile Driver","Reboot","Skim","Conserve Battery","Hello World","Ghostly","Ghostly","Ghostly","All For One","Self Repair","Steam Power"],"relics_obtained":["Mark of the Bloom"]}],"is_beta":false,"boss_relics":[{"not_picked":["Philosopher\u0027s Stone","Pandora\u0027s Box"],"picked":"Coffee Dripper"},{"not_picked":["Fusion Hammer","Calling Bell"],"picked":"Runic Pyramid"}],"items_purged_floors":[],"is_endless":false,"potions_floor_spawned":[1,12,14,16,19,27,36,40,42],"killed_by":"Sphere and 2 Shapes","ascension_level":20}