{"gold_per_floor":[111,36,36,36,49,75,75,89,89,103,128,203,203,222,222,222],"floor_reached":16,"playtime":328,"items_purged":[],"score":236,"play_id":"1f8b20e4-e48c-41a4-b39d-98962aee917b","local_time":"20190219190949","is_ascension_mode":true,"campfire_choices":[{"data":"Calculated Gamble","floor":7,"key":"SMITH"},{"data":"Infinite Blades","floor":15,"key":"SMITH"}],"neow_cost":"NONE","seed_source_timestamp":170161404920503,"circlet_count":0,"master_deck":["AscendersBane","Defend_G","Defend_G","Defend_G","Defend_G","Defend_G","Strike_G","Strike_G","Strike_G","Strike_G","Survivor","Neutralize+1","Dash","Calculated Gamble+1","Backflip","Decay","Infinite Blades+1"],"relics":["Ring of the Snake","NeowsBlessing","Dead Branch","Dodecahedron","Centennial Puzzle"],"potions_floor_usage":[11,16],"damage_taken":[{"damage":0,"enemies":"2 Louse","floor":1,"turns":1},{"damage":0,"enemies":"Cultist","floor":5,"turns":1},{"damage":0,"enemies":"Lagavulin","floor":6,"turns":1},{"damage":0,"enemies":"Jaw Worm","floor":8,"turns":4},{"damage":5,"enemies":"3 Louse","floor":10,"turns":5},{"damage":10,"enemies":"Gremlin Nob","floor":11,"turns":5},{"damage":6,"enemies":"Red Slaver","floor":14,"turns":5},{"damage":43,"enemies":"Slime Boss","floor":16,"turns":6}],"seed_played":"9012208017865309545","potions_obtained":[{"floor":8,"key":"Energy Potion"},{"floor":10,"key":"PowerPotion"}],"is_trial":false,"path_per_floor":["M","?","$","?","M","E","R","M","T","M","E","?","?","M","R","B"],"character_chosen":"THE_SILENT","items_purchased":[],"campfire_rested":0,"item_purchase_floors":[],"current_hp_per_floor":[59,59,59,59,59,59,59,59,59,54,44,33,33,27,27,0],"gold":222,"neow_bonus":"THREE_ENEMY_KILL","is_prod":false,"is_daily":false,"chose_seed":false,"campfire_upgraded":2,"win_rate":0,"timestamp":1550574589,"path_taken":["M","?","$","?","M","E","R","?","T","M","E","?","?","M","R","BOSS"],"build_version":"2019-01-23","purchased_purges":0,"victory":false,"max_hp_per_floor":[66,66,66,66,66,66,66,66,66,66,66,66,66,66,66,66],"card_choices":[{"not_picked":["Blade Dance","Expertise"],"picked":"Dash","floor":1},{"not_picked":["Cloak And Dagger","Bane"],"picked":"Calculated Gamble","floor":5},{"not_picked":["Dash","Deflect","Grand Finale"],"picked":"SKIP","floor":6},{"not_picked":["Heel Hook","Deflect","Deadly Poison"],"picked":"SKIP","floor":8},{"not_picked":["Quick Slash","Dagger Spray"],"picked":"Backflip","floor":10},{"not_picked":["Underhanded Strike","Deflect","Slice"],"picked":"SKIP","floor":11},{"not_picked":["Doppelganger","Bouncing Flask"],"picked":"Infinite Blades","floor":14}],"player_experience":844621,"relics_obtained":[{"floor":6,"key":"Dead Branch"},{"floor":9,"key":"Dodecahedron"},{"floor":11,"key":"Centennial Puzzle"}],"event_choices":[{"cards_removed":["Strike_G"],"damage_healed":0,"gold_gain":0,"player_choice":"Card Removal","damage_taken":0,"max_hp_gain":0,"max_hp_loss":0,"event_name":"The Cleric","floor":2,"gold_loss":75},{"damage_healed":0,"gold_gain":0,"player_choice":"Upgraded","damage_taken":0,"max_hp_gain":0,"max_hp_loss":0,"event_name":"Upgrade Shrine","floor":4,"gold_loss":0,"cards_upgraded":["Neutralize"]},{"damage_healed":0,"gold_gain":75,"player_choice":"Gather Gold","damage_taken":11,"max_hp_gain":0,"max_hp_loss":0,"event_name":"World of Goop","floor":12,"gold_loss":0},{"damage_healed":0,"gold_gain":0,"player_choice":"Cursed","damage_taken":0,"max_hp_gain":0,"max_hp_loss":0,"event_name":"Wheel of Change","floor":13,"gold_loss":0,"cards_obtained":["Decay"]}],"is_beta":false,"boss_relics":[],"items_purged_floors":[],"is_endless":false,"potions_floor_spawned":[8,10],"killed_by":"Slime Boss","ascension_level":15}