{"gold_per_floor":[115,115,115,130,0,19,32,32,82,82,100,100,100,124,124,219,219,243,3,128,128,152,196,196,215,267,279,312,345,357,382,394,499,511,546,352,685,1684,1137,1164,1164,1175,1175,1190,1190,1190,1190,1203,1203,1203,1203,1203,1203,735,766,766],"floor_reached":57,"playtime":3113,"items_purged":["Strike_R","Normality","Bash+1"],"score":2609,"play_id":"006d5d6b-c6a0-47df-a7c3-b39c7186571f","local_time":"20190602020033","is_ascension_mode":true,"campfire_choices":[{"data":"Carnage","floor":8.0,"key":"SMITH"},{"data":"Bash","floor":10.0,"key":"SMITH"},{"data":"Armaments","floor":12.0,"key":"SMITH"},{"data":"Juggernaut","floor":15.0,"key":"SMITH"},{"data":"True Grit","floor":24.0,"key":"SMITH"},{"data":"Limit Break","floor":30.0,"key":"SMITH"},{"data":"Evolve","floor":32.0,"key":"SMITH"},{"data":"Strike_R","floor":41.0,"key":"PURGE"},{"floor":47.0,"key":"RECALL"},{"data":"Normality","floor":49.0,"key":"PURGE"},{"data":"Strike_R","floor":53.0,"key":"PURGE"}],"neow_cost":"NONE","seed_source_timestamp":29898519224148,"circlet_count":0,"master_deck":["AscendersBane","Defend_R","Defend_R","Defend_R","Defend_R","Juggernaut+1","Shrug It Off","Evolve+1","Carnage+1","Armaments+1","Limit Break+1","Flex","True Grit+1","Disarm","Ghostly Armor+1","Pommel Strike+1","Reaper","Spot Weakness+1","Coolheaded","Backflip","Apotheosis","Impatience","Backflip","Dual Wield","Defragment+1"],"special_seed":0,"relics":["Burning Blood","Centennial Puzzle","Vajra","Velvet Choker","Membership Card","Torii","Ornamental Fan","Oddly Smooth Stone","MawBank","Runic Cube","Lantern","Potion Belt","Incense Burner","Peace Pipe","PrismaticShard","Frozen Egg 2","Strawberry","Pen Nib","Sling","Bag of Preparation"],"potions_floor_usage":[56,56,56],"damage_taken":[{"damage":11.0,"enemies":"Small Slimes","floor":1.0,"turns":4.0},{"damage":2.0,"enemies":"Cultist","floor":4.0,"turns":4.0},{"damage":2.0,"enemies":"2 Louse","floor":6.0,"turns":3.0},{"damage":17.0,"enemies":"Large Slime","floor":7.0,"turns":6.0},{"damage":7.0,"enemies":"3 Louse","floor":11.0,"turns":5.0},{"damage":3.0,"enemies":"Blue Slaver","floor":14.0,"turns":3.0},{"damage":38.0,"enemies":"Slime Boss","floor":16.0,"turns":9.0},{"damage":7.0,"enemies":"Spheric Guardian","floor":18.0,"turns":5.0},{"damage":17.0,"enemies":"Colosseum Slavers","floor":20.0,"turns":5.0},{"damage":10.0,"enemies":"Colosseum Nobs","floor":20.0,"turns":5.0},{"damage":12.0,"enemies":"2 Thieves","floor":22.0,"turns":4.0},{"damage":11.0,"enemies":"Slavers","floor":23.0,"turns":6.0},{"damage":22.0,"enemies":"Shelled Parasite and Fungi","floor":25.0,"turns":9.0},{"damage":9.0,"enemies":"Snake Plant","floor":28.0,"turns":4.0},{"damage":2.0,"enemies":"Centurion and Healer","floor":29.0,"turns":7.0},{"damage":1.0,"enemies":"3 Cultists","floor":31.0,"turns":6.0},{"damage":17.0,"enemies":"Champ","floor":33.0,"turns":13.0},{"damage":8.0,"enemies":"Orb Walker","floor":35.0,"turns":5.0},{"damage":24.0,"enemies":"Nemesis","floor":40.0,"turns":7.0},{"damage":27.0,"enemies":"3 Shapes","floor":42.0,"turns":8.0},{"damage":17.0,"enemies":"3 Darklings","floor":44.0,"turns":6.0},{"damage":34.0,"enemies":"Writhing Mass","floor":48.0,"turns":9.0},{"damage":60.0,"enemies":"Awakened One","floor":50.0,"turns":14.0},{"damage":52.0,"enemies":"Donu and Deca","floor":51.0,"turns":11.0},{"damage":76.0,"enemies":"Shield and Spear","floor":55.0,"turns":9.0},{"damage":84,"enemies":"The Heart","floor":56,"turns":11}],"seed_played":"2842325130187949576","potions_obtained":[{"floor":4.0,"key":"Fire Potion"},{"floor":7.0,"key":"Ancient Potion"},{"floor":20.0,"key":"Weak Potion"},{"floor":28.0,"key":"Explosive Potion"},{"floor":35.0,"key":"Weak Potion"},{"floor":40.0,"key":"EssenceOfSteel"},{"floor":48.0,"key":"EssenceOfSteel"},{"floor":55.0,"key":"Block Potion"}],"is_trial":false,"path_per_floor":["M","?","?","M","$","M","M","R","T","R","M","R","?","M","R","B",null,"M","$","?","?","M","E","R","M","T","?","M","M","R","M","R","B",null,"M","$","?","?","$","E","R","M","T","M","?","?","R","M","R","B","B",null,"R","$","E","B",null],"character_chosen":"IRONCLAD","items_purchased":["Evolve","Carnage","Membership Card","Flex","Lantern","Potion Belt","Incense Burner","Peace Pipe","PrismaticShard","Swift Potion","Energy Potion","Strawberry","Pen Nib","Sling","AttackPotion","BloodPotion","Dual Wield","FearPotion"],"campfire_rested":0,"item_purchase_floors":[5,5,19,19,36,36,39,39,39,39,39,54,54,54,54,54,54,54],"current_hp_per_floor":[63,63,63,67,67,68,57,57,57,57,56,56,51,54,54,22,57,56,56,41,41,35,30,30,14,14,28,25,29,29,34,34,23,57,55,55,55,55,55,68,68,65,65,68,58,58,58,67,67,68,68,68,68,75,75,75],"gold":766,"neow_bonus":"TRANSFORM_CARD","is_prod":false,"is_daily":false,"chose_seed":false,"campfire_upgraded":7,"win_rate":0,"timestamp":1559412033,"path_taken":["M","?","?","?","$","M","M","R","T","R","M","R","?","M","R","BOSS","M","$","?","?","M","E","R","M","T","?","M","M","R","?","R","BOSS","M","$","?","?","$","E","R","M","T","M","?","?","R","?","R","BOSS","BOSS","R","$","E","BOSS"],"build_version":"2019-01-23","purchased_purges":3,"victory":true,"max_hp_per_floor":[75,68,68,68,68,68,68,68,68,68,68,68,68,68,68,68,68,68,68,68,68,68,68,68,68,68,68,68,68,68,68,68,68,68,68,68,68,68,68,68,68,68,68,68,68,68,68,68,68,68,68,68,68,75,75,75],"card_choices":[{"not_picked":["Warcry","Dropkick","Perfected Strike"],"picked":"SKIP","floor":1.0},{"not_picked":["Combust","Body Slam"],"picked":"Shrug It Off","floor":4.0},{"not_picked":["Dual Wield","Iron Wave","Headbutt"],"picked":"SKIP","floor":6.0},{"not_picked":["Clothesline","Blood for Blood","Heavy Blade"],"picked":"SKIP","floor":7.0},{"not_picked":["Thunderclap","Shrug It Off"],"picked":"Armaments","floor":11.0},{"not_picked":["Ghostly Armor","Sword Boomerang","Headbutt"],"picked":"SKIP","floor":14.0},{"not_picked":["Ghostly Armor","Sword Boomerang","Headbutt"],"picked":"SKIP","floor":14.0},{"not_picked":["Offering","Double Tap"],"picked":"Limit Break","floor":16.0},{"not_picked":["Pommel Strike","Combust+1","Sword Boomerang"],"picked":"SKIP","floor":18.0},{"not_picked":["Heavy Blade","Body Slam"],"picked":"True Grit","floor":22.0},{"not_picked":["Double Tap","Evolve"],"picked":"Disarm","floor":23.0},{"not_picked":["Anger","Thunderclap","Wild Strike"],"picked":"SKIP","floor":25.0},{"not_picked":["Sever Soul","Metallicize","Headbutt"],"picked":"SKIP","floor":28.0},{"not_picked":["Iron Wave","Armaments"],"picked":"Ghostly Armor+1","floor":29.0},{"not_picked":["Heavy Blade","True Grit"],"picked":"Pommel Strike+1","floor":31.0},{"not_picked":["Offering","Berserk"],"picked":"Reaper","floor":33.0},{"not_picked":["Sentinel","Twin Strike","Thunderclap"],"picked":"SKIP","floor":35.0},{"not_picked":["Loop","Masterful Stab"],"picked":"Spot Weakness+1","floor":40.0},{"not_picked":["Cleave","Rebound"],"picked":"Coolheaded","floor":42.0},{"not_picked":["Go for the Eyes+1","Barrage"],"picked":"Backflip","floor":44.0},{"not_picked":["Dark Shackles","Sadistic Nature+1"],"picked":"Apotheosis","floor":45.0},{"not_picked":["Discovery","Dramatic Entrance"],"picked":"Impatience","floor":45.0},{"not_picked":["Rip and Tear","Poisoned Stab"],"picked":"Backflip","floor":48.0},{"not_picked":["Blade Dance+1","Body Slam+1"],"picked":"Defragment+1","floor":55.0}],"player_experience":4984372,"relics_obtained":[{"floor":9.0,"key":"Centennial Puzzle"},{"floor":20.0,"key":"Torii"},{"floor":20.0,"key":"Ornamental Fan"},{"floor":23.0,"key":"Oddly Smooth Stone"},{"floor":26.0,"key":"MawBank"},{"floor":40.0,"key":"Frozen Egg 2"},{"floor":55.0,"key":"Bag of Preparation"}],"event_choices":[{"damage_healed":0.0,"max_hp_gain":0.0,"max_hp_loss":7.0,"gold_gain":0.0,"event_name":"Golden Idol","player_choice":"Lose Max HP","floor":2.0,"gold_loss":0.0,"damage_taken":0.0,"relics_obtained":["Golden Idol"]},{"cards_removed":["Strike_R"],"damage_healed":0.0,"max_hp_gain":0.0,"max_hp_loss":0.0,"gold_gain":0.0,"event_name":"Bonfire Elementals","player_choice":"Offered Basic","floor":3.0,"gold_loss":0.0,"damage_taken":0.0},{"damage_healed":0.0,"max_hp_gain":0.0,"max_hp_loss":0.0,"gold_gain":0.0,"event_name":"Scrap Ooze","player_choice":"Success","floor":13.0,"gold_loss":0.0,"damage_taken":5.0,"relics_obtained":["Vajra"]},{"damage_healed":0.0,"max_hp_gain":0.0,"max_hp_loss":0.0,"gold_gain":0.0,"event_name":"Colosseum","player_choice":"Fight","floor":20.0,"gold_loss":0.0,"damage_taken":0.0},{"damage_healed":0.0,"max_hp_gain":0.0,"max_hp_loss":0.0,"gold_gain":0.0,"event_name":"Colosseum","player_choice":"Fought Nobs","floor":20.0,"gold_loss":0.0,"damage_taken":0.0},{"damage_healed":0.0,"max_hp_gain":0.0,"max_hp_loss":0.0,"gold_gain":0.0,"event_name":"Vampires","player_choice":"Ignored","floor":21.0,"gold_loss":0.0,"damage_taken":0.0},{"damage_healed":14.0,"max_hp_gain":0.0,"max_hp_loss":0.0,"gold_gain":0.0,"event_name":"The Library","player_choice":"Heal","floor":27.0,"gold_loss":0.0,"damage_taken":0.0},{"damage_healed":0.0,"max_hp_gain":0.0,"max_hp_loss":0.0,"gold_gain":333.0,"event_name":"The Moai Head","player_choice":"Gave Idol","floor":37.0,"relics_lost":["Golden Idol"],"gold_loss":0.0,"damage_taken":0.0},{"damage_healed":0.0,"max_hp_gain":0.0,"max_hp_loss":0.0,"gold_gain":999.0,"event_name":"MindBloom","player_choice":"Gold","floor":38.0,"gold_loss":0.0,"damage_taken":0.0,"cards_obtained":["Normality","Normality"]},{"damage_healed":0.0,"max_hp_gain":0.0,"max_hp_loss":0.0,"gold_gain":0.0,"event_name":"SensoryStone","player_choice":"Memory 3","floor":45.0,"gold_loss":0.0,"damage_taken":10.0},{"damage_healed":0.0,"max_hp_gain":0.0,"max_hp_loss":0.0,"gold_gain":0.0,"event_name":"Tomb of Lord Red Mask","player_choice":"Ignored","floor":46.0,"gold_loss":0.0,"damage_taken":0.0}],"is_beta":false,"boss_relics":[{"not_picked":["Astrolabe","Busted Crown"],"picked":"Velvet Choker"},{"not_picked":["Calling Bell","White Beast Statue"],"picked":"Runic Cube"}],"items_purged_floors":[36,39,54],"is_endless":false,"potions_floor_spawned":[4,7,14,16,20,28,31,33,35,40,48,55],"ascension_level":20}