{"gold_per_floor":[118,118,138,63,83,83,123,148,197,197,238,238,278,318,318,414,414,438,488,513,155,169,169,169],"floor_reached":24,"playtime":965,"items_purged":["Strike_R","Strike_R"],"score":482,"play_id":"2f6492ee-cc6c-4f82-88d6-d42a38d46412","local_time":"20190530124359","is_ascension_mode":true,"campfire_choices":[{"data":"Carnage","floor":6.0,"key":"SMITH"},{"data":"Bash","floor":10.0,"key":"SMITH"},{"data":"Transmutation","floor":12.0,"key":"SMITH"},{"data":"Burning Pact","floor":15,"key":"SMITH"},{"data":"Dark Embrace","floor":23,"key":"SMITH"}],"neow_cost":"PERCENT_DAMAGE","seed_source_timestamp":6504953474557,"circlet_count":0,"master_deck":["AscendersBane","Strike_R","Strike_R","Strike_R","Defend_R","Defend_R","Defend_R","Defend_R","Bash+1","Purity","Transmutation+1","Second Wind","Shrug It Off","Carnage+1","Burning Pact+1","Offering","Dark Embrace+1","Flex","Intimidate+1","Evolve"],"special_seed":0,"relics":["Burning Blood","Golden Idol","Pantograph","Pen Nib","Centennial Puzzle","Happy Flower","Black Star","Bag of Marbles"],"potions_floor_usage":[18],"damage_taken":[{"damage":11.0,"enemies":"Jaw Worm","floor":1.0,"turns":6.0},{"damage":7.0,"enemies":"Cultist","floor":3.0,"turns":4.0},{"damage":3.0,"enemies":"2 Louse","floor":5.0,"turns":4.0},{"damage":11.0,"enemies":"Gremlin Nob","floor":7.0,"turns":3.0},{"damage":0.0,"enemies":"Exordium Wildlife","floor":8.0,"turns":3.0},{"damage":28.0,"enemies":"3 Sentries","floor":11.0,"turns":6.0},{"damage":9.0,"enemies":"Blue Slaver","floor":13.0,"turns":3.0},{"damage":6,"enemies":"Lagavulin","floor":14,"turns":4},{"damage":29,"enemies":"Slime Boss","floor":16,"turns":8},{"damage":23,"enemies":"Spheric Guardian","floor":18,"turns":6},{"damage":6,"enemies":"Chosen","floor":20,"turns":2},{"damage":41,"enemies":"Shelled Parasite and Fungi","floor":22,"turns":5},{"damage":12,"enemies":"Book of Stabbing","floor":24,"turns":3}],"seed_played":"6810132462210458957","potions_obtained":[{"floor":1.0,"key":"PowerPotion"},{"floor":8.0,"key":"Ancient Potion"},{"floor":11.0,"key":"SpeedPotion"},{"floor":18,"key":"Fruit Juice"},{"floor":20,"key":"Fire Potion"}],"is_trial":false,"path_per_floor":["M","?","M","$","M","R","E","M","T","R","E","R","M","E","R","B",null,"M","?","M","$","M","R","E"],"character_chosen":"IRONCLAD","items_purchased":["Evolve","Bag of Marbles"],"campfire_rested":0,"item_purchase_floors":[21,21],"current_hp_per_floor":[45,45,44,44,47,47,42,48,48,48,26,26,23,23,23,25,57,45,45,45,45,10,10,0],"gold":169,"neow_bonus":"RANDOM_COLORLESS_2","is_prod":false,"is_daily":false,"chose_seed":false,"campfire_upgraded":5,"win_rate":0,"timestamp":1559191439,"path_taken":["M","?","M","$","M","R","E","M","T","R","E","R","M","E","R","BOSS","M","?","M","$","M","R","E"],"build_version":"2019-01-23","purchased_purges":2,"victory":false,"max_hp_per_floor":[75,68,68,68,68,68,68,68,68,68,68,68,68,68,68,68,68,73,73,73,73,73,73,73],"card_choices":[{"not_picked":["Searing Blow","Dual Wield"],"picked":"Second Wind","floor":1.0},{"not_picked":["Perfected Strike","Havoc"],"picked":"Shrug It Off","floor":3.0},{"not_picked":["Wild Strike","Rupture"],"picked":"Carnage","floor":5.0},{"not_picked":["Cleave","Twin Strike"],"picked":"Burning Pact","floor":7.0},{"not_picked":["Second Wind","Warcry"],"picked":"Offering","floor":8.0},{"not_picked":["Inflame","Warcry","Armaments"],"picked":"SKIP","floor":11.0},{"not_picked":["Sword Boomerang","Inflame","Fire Breathing"],"picked":"SKIP","floor":13.0},{"not_picked":["Anger","Searing Blow","Body Slam"],"picked":"SKIP","floor":14},{"not_picked":["Impervious","Immolate"],"picked":"Dark Embrace","floor":16},{"not_picked":["Twin Strike","Clash"],"picked":"Flex","floor":18},{"not_picked":["Shrug It Off","Clash"],"picked":"Intimidate+1","floor":20},{"not_picked":["Whirlwind","Wild Strike","Twin Strike"],"picked":"SKIP","floor":22}],"player_experience":4900733,"relics_obtained":[{"floor":7.0,"key":"Pantograph"},{"floor":9.0,"key":"Pen Nib"},{"floor":11.0,"key":"Centennial Puzzle"},{"floor":14,"key":"Happy Flower"}],"event_choices":[{"damage_healed":0.0,"max_hp_gain":0.0,"max_hp_loss":7.0,"gold_gain":0.0,"event_name":"Golden Idol","player_choice":"Lose Max HP","floor":2.0,"gold_loss":0.0,"damage_taken":0.0,"relics_obtained":["Golden Idol"]},{"damage_healed":0,"gold_gain":100,"player_choice":"Bet on Murderer","damage_taken":0,"max_hp_gain":0,"max_hp_loss":0,"event_name":"The Joust","floor":19,"gold_loss":50}],"is_beta":false,"boss_relics":[{"not_picked":["Black Blood","Eternal Feather"],"picked":"Black Star"}],"items_purged_floors":[4,21],"is_endless":false,"potions_floor_spawned":[1,8,11,13,16,18,20,22],"killed_by":"Book of Stabbing","ascension_level":20}