{"gold_per_floor":[109,135,60,78,78,103,118,118,118,18,18,31,31,65,65,144,144,163,190,190,190,207,207,220,220,220,238,255,130,150,0,0,79,79,93,93,93,110,125,125,125,153,222,222,253,269,16,48,48,48,48,48,48,48,81,81],"floor_reached":56,"playtime":3333,"items_purged":["Strike_G","Strike_G","All Out Attack","Outmaneuver","Blade Dance"],"score":2336,"play_id":"824a5a44-7d0b-433b-a295-15fa2c223303","local_time":"20190727233243","is_ascension_mode":true,"campfire_choices":[{"data":"A Thousand Cuts","floor":8.0,"key":"SMITH"},{"data":"Neutralize","floor":11.0,"key":"SMITH"},{"data":"Corpse Explosion","floor":15.0,"key":"SMITH"},{"data":"Calculated Gamble","floor":23.0,"key":"SMITH"},{"data":"Reflex","floor":25.0,"key":"SMITH"},{"data":"Well Laid Plans","floor":32.0,"key":"SMITH"},{"data":"Acrobatics","floor":40.0,"key":"SMITH"},{"data":"Eviscerate","floor":44.0,"key":"SMITH"},{"floor":49.0,"key":"RECALL"},{"data":"Cloak And Dagger","floor":53.0,"key":"SMITH"}],"neow_cost":"NONE","seed_source_timestamp":0,"circlet_count":0,"master_deck":["AscendersBane","Survivor+1","Neutralize","Well Laid Plans","Neutralize+1","A Thousand Cuts+1","Corpse Explosion+1","After Image","Adrenaline","Eviscerate+1","Reflex+1","Escape Plan+1","Well Laid Plans+1","Calculated Gamble+1","Cloak And Dagger+1","Adrenaline+1","Acrobatics+1"],"special_seed":0,"relics":["Ring of the Snake","NeowsBlessing","Omamori","Ancient Tea Set","Bird Faced Urn","The Specimen","Pandora\u0027s Box","Red Mask","White Beast Statue","Pantograph","Shuriken","Nunchaku","War Paint","Bottled Lightning"],"potions_floor_usage":[56],"damage_taken":[{"damage":0.0,"enemies":"Cultist","floor":1.0,"turns":1.0},{"damage":0.0,"enemies":"2 Louse","floor":4.0,"turns":2.0},{"damage":0.0,"enemies":"3 Sentries","floor":6.0,"turns":1.0},{"damage":7.0,"enemies":"Small Slimes","floor":7.0,"turns":4.0},{"damage":14.0,"enemies":"3 Louse","floor":12.0,"turns":3.0},{"damage":24.0,"enemies":"Gremlin Nob","floor":14.0,"turns":4.0},{"damage":32.0,"enemies":"Hexaghost","floor":16.0,"turns":10.0},{"damage":13.0,"enemies":"Spheric Guardian","floor":18.0,"turns":4.0},{"damage":5.0,"enemies":"Masked Bandits","floor":19.0,"turns":2.0},{"damage":0.0,"enemies":"3 Byrds","floor":22.0,"turns":2.0},{"damage":14.0,"enemies":"Snake Plant","floor":24.0,"turns":4.0},{"damage":0.0,"enemies":"Cultist and Chosen","floor":27.0,"turns":3.0},{"damage":1.0,"enemies":"Chosen and Byrds","floor":28.0,"turns":4.0},{"damage":13.0,"enemies":"Snake Plant","floor":30.0,"turns":3.0},{"damage":0.0,"enemies":"Champ","floor":33.0,"turns":4.0},{"damage":0.0,"enemies":"3 Darklings","floor":35.0,"turns":2.0},{"damage":0.0,"enemies":"3 Shapes","floor":38.0,"turns":1.0},{"damage":3.0,"enemies":"Jaw Worm Horde","floor":39.0,"turns":2.0},{"damage":0.0,"enemies":"Giant Head","floor":42.0,"turns":2.0},{"damage":0.0,"enemies":"Reptomancer","floor":45.0,"turns":2.0},{"damage":0.0,"enemies":"Spire Growth","floor":46.0,"turns":2.0},{"damage":0.0,"enemies":"Nemesis","floor":48.0,"turns":1.0},{"damage":6.0,"enemies":"Time Eater","floor":50.0,"turns":4.0},{"damage":0.0,"enemies":"Awakened One","floor":51.0,"turns":3.0},{"damage":0.0,"enemies":"Shield and Spear","floor":55.0,"turns":1.0},{"damage":73,"enemies":"The Heart","floor":56,"turns":3}],"seed_played":"2947868214710707864","potions_obtained":[{"floor":6.0,"key":"Regen Potion"},{"floor":12.0,"key":"SkillPotion"},{"floor":16.0,"key":"SkillPotion"},{"floor":24.0,"key":"Dexterity Potion"},{"floor":27.0,"key":"Weak Potion"},{"floor":28.0,"key":"AttackPotion"},{"floor":30.0,"key":"Block Potion"},{"floor":38.0,"key":"SkillPotion"},{"floor":42.0,"key":"Strength Potion"},{"floor":55.0,"key":"Fire Potion"}],"is_trial":false,"path_per_floor":["M","T","$","M","?","E","M","R","T","$","R","M","?","E","R","B",null,"M","?","?","?","M","R","M","R","T","M","M","$","M","$","R","B",null,"M","?","?","M","M","R","$","E","T","R","E","M","$","E","R","B","B",null,"R","$","E","B"],"character_chosen":"THE_SILENT","items_purchased":["GhostInAJar"],"campfire_rested":0,"item_purchase_floors":[47],"current_hp_per_floor":[59,59,59,59,59,59,52,52,52,52,52,42,35,29,29,1,50,43,40,40,40,44,44,38,38,38,44,49,49,44,44,44,52,63,66,66,66,66,65,65,65,66,66,66,66,66,66,66,66,60,66,66,66,66,66,0],"gold":81,"neow_bonus":"THREE_ENEMY_KILL","is_prod":false,"is_daily":false,"chose_seed":false,"campfire_upgraded":9,"win_rate":0,"timestamp":1564241563,"path_taken":["M","?","$","M","?","E","M","R","T","$","R","?","?","E","R","BOSS","M","?","?","?","M","R","M","R","T","M","?","?","M","$","R","BOSS","M","?","?","M","?","R","$","E","T","R","E","?","$","E","R","BOSS","BOSS","R","$","E","BOSS"],"build_version":"2019-07-17","purchased_purges":5,"victory":false,"max_hp_per_floor":[66,66,66,66,66,66,66,66,66,66,66,66,66,66,66,66,66,66,66,66,66,66,66,66,66,66,66,66,66,66,66,66,66,66,66,66,66,66,66,66,66,66,66,66,66,66,66,66,66,66,66,66,66,66,66,66],"card_choices":[{"not_picked":["Slice","Dodge and Roll"],"picked":"Well Laid Plans","floor":1.0},{"not_picked":["Accuracy","Cloak And Dagger","Acrobatics"],"picked":"SKIP","floor":4.0},{"not_picked":["Poisoned Stab","Slice","Cloak And Dagger"],"picked":"SKIP","floor":6.0},{"not_picked":["Terror","Outmaneuver","Sucker Punch"],"picked":"SKIP","floor":7.0},{"not_picked":["Bane","Prepared","Expertise"],"picked":"SKIP","floor":12.0},{"not_picked":["Flying Knee","Concentrate"],"picked":"Corpse Explosion","floor":14.0},{"not_picked":["A Thousand Cuts","Burst"],"picked":"After Image","floor":16.0},{"not_picked":["Underhanded Strike","Prepared"],"picked":"Escape Plan","floor":18.0},{"not_picked":["Underhanded Strike+1","Bane"],"picked":"Blur","floor":19.0},{"not_picked":["Cloak And Dagger","Underhanded Strike","Corpse Explosion"],"picked":"SKIP","floor":22.0},{"not_picked":["Underhanded Strike","Corpse Explosion"],"picked":"Cloak And Dagger","floor":22.0},{"not_picked":["Poisoned Stab","Noxious Fumes+1","Underhanded Strike"],"picked":"SKIP","floor":24.0},{"not_picked":["Flechettes","Deadly Poison+1","Infinite Blades"],"picked":"SKIP","floor":27.0},{"not_picked":["Cloak And Dagger","Setup","Flechettes"],"picked":"SKIP","floor":28.0},{"not_picked":["Cloak And Dagger","Setup","Flechettes"],"picked":"SKIP","floor":28.0},{"not_picked":["Reflex","Flying Knee","Bane"],"picked":"SKIP","floor":30.0},{"not_picked":["Burst","Wraith Form v2"],"picked":"Adrenaline","floor":33.0},{"not_picked":["All Out Attack","Endless Agony","Poisoned Stab"],"picked":"SKIP","floor":35.0},{"not_picked":["Outmaneuver+1","Escape Plan"],"picked":"Acrobatics","floor":38.0},{"not_picked":["Choke","Dagger Throw","Finisher"],"picked":"SKIP","floor":39.0},{"not_picked":["Sucker Punch","Flying Knee","Bane"],"picked":"SKIP","floor":42.0},{"not_picked":["Sucker Punch","Flying Knee","Bane"],"picked":"SKIP","floor":42.0},{"not_picked":["Endless Agony+1","Predator","Sucker Punch"],"picked":"SKIP","floor":45.0},{"not_picked":["Terror","Dagger Spray","Prepared+1"],"picked":"SKIP","floor":46.0},{"not_picked":["Bane+1","Acrobatics","PiercingWail"],"picked":"SKIP","floor":48.0},{"not_picked":["Phantasmal Killer","Bane","Wraith Form v2"],"picked":"SKIP","floor":55.0}],"player_experience":684072,"relics_obtained":[{"floor":2.0,"key":"Omamori"},{"floor":6.0,"key":"Ancient Tea Set"},{"floor":9.0,"key":"Bird Faced Urn"},{"floor":14.0,"key":"The Specimen"},{"floor":19.0,"key":"Red Mask"},{"floor":42.0,"key":"Pantograph"},{"floor":43.0,"key":"Shuriken"},{"floor":45.0,"key":"Nunchaku"},{"floor":48.0,"key":"War Paint"},{"floor":55.0,"key":"Bottled Lightning"}],"event_choices":[{"damage_healed":0.0,"max_hp_gain":0.0,"max_hp_loss":0.0,"gold_gain":0.0,"event_name":"Match and Keep!","player_choice":"2 cards matched","floor":5.0,"gold_loss":0.0,"damage_taken":0.0,"cards_obtained":["Neutralize","A Thousand Cuts"]},{"cards_removed":["Strike_G"],"damage_healed":0.0,"max_hp_gain":0.0,"max_hp_loss":0.0,"gold_gain":0.0,"event_name":"Golden Wing","player_choice":"Card Removal","floor":13.0,"gold_loss":0.0,"damage_taken":7.0},{"damage_healed":0.0,"max_hp_gain":0.0,"max_hp_loss":0.0,"gold_gain":0.0,"event_name":"Masked Bandits","player_choice":"Fought Bandits","floor":19.0,"gold_loss":0.0,"damage_taken":0.0},{"damage_healed":0.0,"max_hp_gain":0.0,"max_hp_loss":0.0,"gold_gain":0.0,"cards_transformed":["Blur","Corpse Explosion"],"event_name":"Drug Dealer","player_choice":"Became Test Subject","floor":20.0,"gold_loss":0.0,"damage_taken":0.0,"cards_obtained":["Well Laid Plans","Calculated Gamble"]},{"damage_healed":0.0,"max_hp_gain":0.0,"max_hp_loss":0.0,"gold_gain":0.0,"event_name":"Cursed Tome","player_choice":"Ignored","floor":21.0,"gold_loss":0.0,"damage_taken":0.0},{"damage_healed":0.0,"max_hp_gain":0.0,"max_hp_loss":0.0,"gold_gain":0.0,"event_name":"Mysterious Sphere","player_choice":"Ignored","floor":36.0,"gold_loss":0.0,"damage_taken":0.0},{"damage_healed":0.0,"max_hp_gain":0.0,"max_hp_loss":0.0,"gold_gain":0.0,"event_name":"Upgrade Shrine","player_choice":"Upgraded","floor":37.0,"gold_loss":0.0,"damage_taken":0.0,"cards_upgraded":["Adrenaline"]}],"is_beta":false,"boss_relics":[{"not_picked":["Snecko Eye","Sozu"],"picked":"Pandora\u0027s Box"},{"not_picked":["Lizard Tail","Velvet Choker"],"picked":"White Beast Statue"}],"items_purged_floors":[3,10,29,31,47],"is_endless":false,"potions_floor_spawned":[6,12,16,24,27,28,30,35,38,39,42,45,46,48,55],"killed_by":"The Heart","ascension_level":20}