{"gold_per_floor":[114,124,124,124,124,124,159,159,184,212,228,243,168,168,168,240,240,254,254,144,44,60,60,72,99,99,99,2,22,39,0,0,76,76,94,108,108,118,28,28,28],"floor_reached":41,"playtime":1276,"items_purged":["Strike_B","Strike_B+1"],"score":938,"play_id":"8f1a0b92-db55-49ce-b8b8-c855c82012e3","local_time":"20190425041856","is_ascension_mode":true,"campfire_choices":[{"data":"Streamline","floor":6.0,"key":"SMITH"},{"data":"Dualcast","floor":8.0,"key":"SMITH"},{"data":"Defragment","floor":15.0,"key":"SMITH"},{"data":"Biased Cognition","floor":23.0,"key":"SMITH"},{"data":"Turbo","floor":32,"key":"SMITH"},{"floor":40,"key":"REST"}],"neow_cost":"NONE","seed_source_timestamp":215405687592236,"circlet_count":0,"master_deck":["AscendersBane","Defend_B+1","Zap","Dualcast+1","Streamline+1","Coolheaded+1","Creative AI","Double Energy","Defragment+1","Biased Cognition+1","Static Discharge+1","Melter+1","White Noise+1","Turbo+1","Decay","Panacea+1","Consume+1","Capacitor","Core Surge","Turbo+1","Coolheaded+1","Purity+1"],"special_seed":0,"relics":["Cracked Core","NeowsBlessing","Turnip","Anchor","Pocketwatch","Oddly Smooth Stone","Astrolabe","Sundial","Kunai","Toxic Egg 2","White Beast Statue"],"potions_floor_usage":[33,35,41],"damage_taken":[{"damage":0.0,"enemies":"Jaw Worm","floor":1.0,"turns":1.0},{"damage":0.0,"enemies":"2 Louse","floor":2.0,"turns":1.0},{"damage":0.0,"enemies":"Gremlin Nob","floor":7.0,"turns":1.0},{"damage":17.0,"enemies":"Lagavulin","floor":10.0,"turns":5.0},{"damage":0.0,"enemies":"Cultist","floor":11.0,"turns":2.0},{"damage":4.0,"enemies":"Exordium Thugs","floor":12.0,"turns":4.0},{"damage":2.0,"enemies":"Hexaghost","floor":16.0,"turns":12.0},{"damage":3.0,"enemies":"Chosen","floor":18.0,"turns":4.0},{"damage":6.0,"enemies":"2 Thieves","floor":22.0,"turns":3.0},{"damage":9.0,"enemies":"Cultist and Chosen","floor":24.0,"turns":4.0},{"damage":0.0,"enemies":"Gremlin Leader","floor":25.0,"turns":6.0},{"damage":14.0,"enemies":"Shelled Parasite and Fungi","floor":29.0,"turns":4.0},{"damage":15.0,"enemies":"Chosen and Byrds","floor":30.0,"turns":4.0},{"damage":2,"enemies":"Automaton","floor":33,"turns":10},{"damage":25,"enemies":"3 Darklings","floor":35,"turns":7},{"damage":3,"enemies":"Orb Walker","floor":36,"turns":3},{"damage":1,"enemies":"Sphere and 2 Shapes","floor":38,"turns":5},{"damage":8,"enemies":"Reptomancer","floor":41,"turns":2}],"seed_played":"-703062365967594762","potions_obtained":[{"floor":1.0,"key":"Swift Potion"},{"floor":2.0,"key":"SkillPotion"},{"floor":22.0,"key":"FearPotion"},{"floor":25.0,"key":"Explosive Potion"},{"floor":30.0,"key":"Block Potion"},{"floor":35,"key":"SteroidPotion"},{"floor":36,"key":"EssenceOfSteel"},{"floor":38,"key":"Swift Potion"}],"is_trial":false,"path_per_floor":["M","M","?","?","?","R","E","R","T","E","M","M","$","?","R","B",null,"M","?","?","$","M","R","M","E","T","?","$","M","M","?","R","B",null,"M","M","?","M","$","R","E"],"character_chosen":"DEFECT","items_purchased":["Panacea+1","Purity+1"],"campfire_rested":1,"item_purchase_floors":[28,39],"current_hp_per_floor":[64,64,43,43,43,43,43,43,43,26,26,22,22,4,4,2,54,51,51,51,51,45,45,36,36,36,36,36,22,7,7,7,5,55,30,27,27,26,26,47,39],"gold":28,"neow_bonus":"THREE_ENEMY_KILL","is_prod":false,"is_daily":false,"chose_seed":false,"campfire_upgraded":5,"win_rate":0,"timestamp":1556137136,"path_taken":["M","M","?","?","?","R","E","R","T","E","?","M","$","?","R","BOSS","M","?","?","$","M","R","?","E","T","?","$","?","M","?","R","BOSS","M","M","?","M","?","R","E"],"build_version":"2019-01-23","purchased_purges":2,"victory":false,"max_hp_per_floor":[71,71,71,71,71,71,71,71,71,71,71,71,71,71,71,71,71,71,71,71,71,71,71,71,71,71,71,71,71,71,71,71,71,71,71,71,71,71,71,71,71],"card_choices":[{"not_picked":["Redo","Go for the Eyes","Fusion"],"picked":"SKIP","floor":1.0},{"not_picked":["Sweeping Beam","Rebound"],"picked":"Streamline","floor":2.0},{"not_picked":["Gash","Sweeping Beam","Auto Shields"],"picked":"SKIP","floor":7.0},{"not_picked":["Ball Lightning","Steam"],"picked":"Creative AI","floor":10.0},{"not_picked":["Hologram","Compile Driver"],"picked":"Double Energy","floor":11.0},{"not_picked":["Leap","Chaos"],"picked":"Defragment","floor":12.0},{"not_picked":["Fission","Buffer"],"picked":"Biased Cognition","floor":16.0},{"not_picked":["Static Discharge","Gash"],"picked":"Turbo","floor":18.0},{"not_picked":["Beam Cell","Hello World","Stack"],"picked":"SKIP","floor":22.0},{"not_picked":["Sweeping Beam","Barrage+1","Go for the Eyes"],"picked":"SKIP","floor":24.0},{"not_picked":["Turbo","Beam Cell","Sweeping Beam"],"picked":"SKIP","floor":25.0},{"not_picked":["Gash+1","Genetic Algorithm+1"],"picked":"Consume+1","floor":29.0},{"not_picked":["Gash","Doom and Gloom"],"picked":"Capacitor","floor":30.0},{"not_picked":["Hyperbeam","Electrodynamics"],"picked":"Core Surge","floor":33},{"not_picked":["Gash","Genetic Algorithm+1"],"picked":"Turbo+1","floor":35},{"not_picked":["Beam Cell","Barrage+1","Reprogram+1"],"picked":"SKIP","floor":36},{"not_picked":["Compile Driver+1","Leap+1"],"picked":"Coolheaded+1","floor":38}],"player_experience":4507491,"relics_obtained":[{"floor":7.0,"key":"Turnip"},{"floor":9.0,"key":"Anchor"},{"floor":10.0,"key":"Pocketwatch"},{"floor":25.0,"key":"Kunai"},{"floor":26.0,"key":"Toxic Egg 2"}],"event_choices":[{"damage_healed":0.0,"max_hp_gain":0.0,"max_hp_loss":0.0,"gold_gain":0.0,"event_name":"Shining Light","player_choice":"Entered Light","floor":3.0,"gold_loss":0.0,"damage_taken":21.0,"cards_upgraded":["Strike_B","Defend_B"]},{"damage_healed":0.0,"max_hp_gain":0.0,"max_hp_loss":0.0,"gold_gain":0.0,"cards_transformed":["Strike_B"],"event_name":"Living Wall","player_choice":"Change","floor":4.0,"gold_loss":0.0,"damage_taken":0.0,"cards_obtained":["Coolheaded"]},{"cards_removed":["Strike_B"],"damage_healed":0.0,"max_hp_gain":0.0,"max_hp_loss":0.0,"gold_gain":0.0,"event_name":"Wheel of Change","player_choice":"Card Removal","floor":5.0,"gold_loss":0.0,"damage_taken":0.0},{"damage_healed":0.0,"max_hp_gain":0.0,"max_hp_loss":0.0,"gold_gain":0.0,"event_name":"Scrap Ooze","player_choice":"Success","floor":14.0,"gold_loss":0.0,"damage_taken":18.0,"relics_obtained":["Oddly Smooth Stone"]},{"damage_healed":0.0,"max_hp_gain":0.0,"max_hp_loss":0.0,"gold_gain":0.0,"event_name":"The Mausoleum","player_choice":"Opened","floor":19.0,"gold_loss":0.0,"damage_taken":0.0,"relics_obtained":["Sundial"],"cards_obtained":["Writhe"]},{"cards_removed":["Writhe"],"damage_healed":0.0,"max_hp_gain":0.0,"max_hp_loss":0.0,"gold_gain":0.0,"event_name":"Designer","player_choice":"Upgrade and Remove","floor":20.0,"gold_loss":110.0,"damage_taken":0.0,"cards_upgraded":["Coolheaded"]},{"damage_healed":0.0,"max_hp_gain":0.0,"max_hp_loss":0.0,"gold_gain":0.0,"event_name":"Wheel of Change","player_choice":"Cursed","floor":27.0,"gold_loss":0.0,"damage_taken":0.0,"cards_obtained":["Decay"]},{"damage_healed":0,"gold_gain":0,"player_choice":"Paid Fearfully","damage_taken":0,"max_hp_gain":0,"max_hp_loss":0,"event_name":"Masked Bandits","floor":31,"gold_loss":39},{"damage_healed":0,"gold_gain":0,"player_choice":"0 cards matched","damage_taken":0,"max_hp_gain":0,"max_hp_loss":0,"event_name":"Match and Keep!","floor":37,"gold_loss":0,"cards_obtained":[]}],"is_beta":false,"boss_relics":[{"not_picked":["FrozenCore","Lizard Tail"],"picked":"Astrolabe"},{"not_picked":["Velvet Choker","Snecko Eye"],"picked":"White Beast Statue"}],"items_purged_floors":[13,21],"is_endless":false,"potions_floor_spawned":[1,2,11,22,25,30,35,36,38],"killed_by":"Reptomancer","ascension_level":20}