{"gold_per_floor":[118,118,43,59,4,34,34,48,48,48,48,61,93,113,113,190,190,201,211,261,261,281,281,311,311,311,311,329,105,135,35,35,35],"floor_reached":33,"playtime":1072,"items_purged":["Defend_B","Defend_B"],"score":636,"play_id":"52a26773-9aff-4a13-b35a-ba8a1f2b2d3a","local_time":"20190314214307","is_ascension_mode":true,"campfire_choices":[{"data":"Streamline","floor":7.0,"key":"SMITH"},{"data":"Dualcast","floor":11.0,"key":"SMITH"},{"data":"Zap","floor":15.0,"key":"SMITH"},{"data":"Biased Cognition","floor":23.0,"key":"SMITH"},{"data":"Rainbow","floor":27.0,"key":"SMITH"},{"data":"Defragment","floor":32,"key":"SMITH"}],"neow_cost":"NONE","seed_source_timestamp":48573327015927,"circlet_count":0,"master_deck":["AscendersBane","Defend_B","Defend_B","Zap+1","Dualcast+1","Auto Shields","Rainbow","Chill","Rainbow+1","Biased Cognition+1","Undo+1","Capacitor+1","Stack+1","Cold Snap","Seek","Glacier","Defragment+1"],"special_seed":0,"relics":["Cracked Core","NeowsBlessing","Kunai","Omamori","Lantern","Strawberry","Astrolabe","Blue Candle","Matryoshka","Bottled Tornado","Boot"],"potions_floor_usage":[30],"damage_taken":[{"damage":0.0,"enemies":"2 Louse","floor":1.0,"turns":1.0},{"damage":0.0,"enemies":"Small Slimes","floor":4.0,"turns":1.0},{"damage":0.0,"enemies":"Gremlin Nob","floor":6.0,"turns":1.0},{"damage":0.0,"enemies":"Cultist","floor":8.0,"turns":3.0},{"damage":0.0,"enemies":"Red Slaver","floor":12.0,"turns":3.0},{"damage":5.0,"enemies":"3 Sentries","floor":13.0,"turns":6.0},{"damage":0.0,"enemies":"Exordium Thugs","floor":14.0,"turns":4.0},{"damage":1.0,"enemies":"The Guardian","floor":16.0,"turns":9.0},{"damage":13.0,"enemies":"Chosen","floor":18.0,"turns":6.0},{"damage":0.0,"enemies":"Spheric Guardian","floor":19.0,"turns":4.0},{"damage":3.0,"enemies":"Shelled Parasite and Fungi","floor":22.0,"turns":9.0},{"damage":29.0,"enemies":"Book of Stabbing","floor":24.0,"turns":7.0},{"damage":0.0,"enemies":"Snecko","floor":28.0,"turns":5.0},{"damage":13,"enemies":"Slavers","floor":30,"turns":8},{"damage":37,"enemies":"Collector","floor":33,"turns":6}],"seed_played":"5298505326310608488","potions_obtained":[{"floor":1.0,"key":"Ancient Potion"},{"floor":13.0,"key":"SpeedPotion"}],"is_trial":false,"path_per_floor":["M","?","?","M","$","E","R","M","T","?","R","M","E","M","R","B",null,"M","M","?","?","M","R","E","?","T","R","M","$","E","$","R","B"],"character_chosen":"DEFECT","items_purchased":["Streamline","Glacier","Defragment"],"campfire_rested":0,"item_purchase_floors":[5,29,29],"current_hp_per_floor":[64,59,59,59,59,59,59,59,59,52,52,52,54,54,54,53,72,59,59,59,59,56,56,27,27,27,27,27,27,14,14,14,0],"gold":35,"neow_bonus":"THREE_ENEMY_KILL","is_prod":false,"is_daily":false,"chose_seed":false,"campfire_upgraded":6,"win_rate":0,"timestamp":1552570987,"path_taken":["M","?","?","M","$","E","R","M","T","?","R","M","E","M","R","BOSS","M","M","?","?","M","R","E","?","T","R","?","$","E","?","R","BOSS"],"build_version":"2019-01-23","purchased_purges":2,"victory":false,"max_hp_per_floor":[71,71,71,71,71,71,71,71,71,71,71,71,78,78,78,78,78,78,78,78,78,78,78,78,78,78,78,78,78,78,78,78,78],"card_choices":[{"not_picked":["Stack","Heatsinks"],"picked":"Auto Shields","floor":1.0},{"not_picked":["Redo","Steam Power","Steam"],"picked":"SKIP","floor":4.0},{"not_picked":["Turbo","Steam"],"picked":"Rainbow","floor":6.0},{"not_picked":["Redo","Sweeping Beam"],"picked":"Chill","floor":8.0},{"not_picked":["Conserve Battery","Steam Power"],"picked":"Ball Lightning","floor":12.0},{"not_picked":["Hologram","Cold Snap"],"picked":"Rainbow","floor":13.0},{"not_picked":["Melter","Sweeping Beam","Streamline"],"picked":"SKIP","floor":14.0},{"not_picked":["Amplify","Hyperbeam"],"picked":"Biased Cognition","floor":16.0},{"not_picked":["Conserve Battery","Gash","Scrape"],"picked":"SKIP","floor":18.0},{"not_picked":["Auto Shields","Barrage+1"],"picked":"Cold Snap","floor":19.0},{"not_picked":["Blizzard+1","Compile Driver","Reprogram"],"picked":"SKIP","floor":22.0},{"not_picked":["Streamline","Tempest","Rebound+1"],"picked":"SKIP","floor":24.0},{"not_picked":["Cold Snap+1","Self Repair"],"picked":"Seek","floor":28.0},{"not_picked":["Aggregate+1","Stack","Storm"],"picked":"SKIP","floor":30}],"player_experience":3597615,"relics_obtained":[{"floor":6.0,"key":"Omamori"},{"floor":9.0,"key":"Lantern"},{"floor":13.0,"key":"Strawberry"},{"floor":24.0,"key":"Blue Candle"},{"floor":26.0,"key":"Bottled Tornado"},{"floor":30,"key":"Boot"}],"event_choices":[{"damage_healed":0.0,"max_hp_gain":0.0,"max_hp_loss":0.0,"gold_gain":0.0,"event_name":"Scrap Ooze","player_choice":"Success","floor":2.0,"gold_loss":0.0,"damage_taken":5.0,"relics_obtained":["Kunai"]},{"cards_removed":["Strike_B"],"damage_healed":0.0,"max_hp_gain":0.0,"max_hp_loss":0.0,"gold_gain":0.0,"event_name":"The Cleric","player_choice":"Card Removal","floor":3.0,"gold_loss":75.0,"damage_taken":0.0},{"cards_removed":["Strike_B"],"damage_healed":0.0,"max_hp_gain":0.0,"max_hp_loss":0.0,"gold_gain":0.0,"event_name":"Golden Wing","player_choice":"Card Removal","floor":10.0,"gold_loss":0.0,"damage_taken":7.0},{"damage_healed":0.0,"max_hp_gain":0.0,"max_hp_loss":0.0,"gold_gain":50.0,"event_name":"Nest","player_choice":"Stole From Cult","floor":20.0,"gold_loss":0.0,"damage_taken":0.0},{"damage_healed":0.0,"max_hp_gain":0.0,"max_hp_loss":0.0,"gold_gain":0.0,"event_name":"Forgotten Altar","player_choice":"Smashed Altar","floor":21.0,"gold_loss":0.0,"damage_taken":0.0,"cards_obtained":["Decay"]},{"cards_removed":["Streamline"],"damage_healed":0.0,"max_hp_gain":0.0,"max_hp_loss":0.0,"gold_gain":0.0,"event_name":"WeMeetAgain","player_choice":"Gave Card","floor":25.0,"gold_loss":0.0,"damage_taken":0.0,"relics_obtained":["Matryoshka"]}],"is_beta":false,"boss_relics":[{"not_picked":["Lizard Tail","Nuclear Battery"],"picked":"Astrolabe"}],"items_purged_floors":[29,31],"is_endless":false,"potions_floor_spawned":[1,13,16,19,22],"killed_by":"Collector","ascension_level":20}