{"gold_per_floor":[116,191,141,153,153,153,180,180,180,190,210,210,224,149,149,222,222,238,253,253,264,189,189],"floor_reached":23,"playtime":729,"items_purged":["Noxious Fumes"],"score":432,"play_id":"27a9e91f-3843-4bce-8fd0-902084897ad2","local_time":"20181227181535","is_ascension_mode":true,"campfire_choices":[{"data":"Flechettes","floor":6.0,"key":"SMITH"},{"data":"Acrobatics","floor":8.0,"key":"SMITH"},{"data":"Calculated Gamble","floor":12.0,"key":"SMITH"},{"data":"Neutralize","floor":15.0,"key":"SMITH"}],"neow_cost":"NONE","seed_source_timestamp":19530431406732,"circlet_count":0,"master_deck":["AscendersBane","Survivor","Neutralize+1","Acrobatics+1","Flechettes+1","Backflip","Calculated Gamble+1","Adrenaline","Concentrate","Prepared","Concentrate","Concentrate","Quick Slash","Backstab","After Image","Dash","Footwork+1"],"special_seed":0,"relics":["Ring of the Snake","NeowsBlessing","Tiny Chest","Omamori","Gremlin Horn","Pandora\u0027s Box","SsserpentHead"],"potions_floor_usage":[],"damage_taken":[{"damage":0.0,"enemies":"Small Slimes","floor":1.0,"turns":1.0},{"damage":0.0,"enemies":"2 Louse","floor":4.0,"turns":1.0},{"damage":0.0,"enemies":"3 Sentries","floor":7.0,"turns":1.0},{"damage":1.0,"enemies":"Cultist","floor":10.0,"turns":4.0},{"damage":0.0,"enemies":"2 Fungi Beasts","floor":11.0,"turns":2.0},{"damage":1.0,"enemies":"Red Slaver","floor":13.0,"turns":5.0},{"damage":29.0,"enemies":"The Guardian","floor":16.0,"turns":14.0},{"damage":0.0,"enemies":"Spheric Guardian","floor":18.0,"turns":3.0},{"damage":6.0,"enemies":"2 Thieves","floor":19.0,"turns":4.0},{"damage":31.0,"enemies":"Snecko","floor":21.0,"turns":6.0},{"damage":20,"enemies":"Slavers","floor":23,"turns":4}],"seed_played":"3610088054397339604","potions_obtained":[{"floor":7.0,"key":"PowerPotion"},{"floor":10.0,"key":"Block Potion"},{"floor":18.0,"key":"Weak Potion"},{"floor":21.0,"key":"Weak Potion"}],"is_trial":false,"path_per_floor":["M","?","?","M","?","R","E","R","T","M","M","R","M","?","R","B",null,"M","M","?","$"],"character_chosen":"THE_SILENT","items_purchased":[],"campfire_rested":0,"item_purchase_floors":[],"current_hp_per_floor":[59,48,48,48,48,48,48,48,48,47,47,47,46,46,46,17,54,54,48,48,17,17,0],"gold":189,"neow_bonus":"THREE_ENEMY_KILL","is_prod":false,"is_daily":false,"chose_seed":false,"campfire_upgraded":4,"win_rate":0,"timestamp":1545905735,"path_taken":["M","?","?","?","?","R","E","R","T","M","M","R","?","?","R","BOSS","M","M","?","M","$","E"],"build_version":"2018-12-25","purchased_purges":1,"victory":false,"max_hp_per_floor":[66,66,66,66,66,66,66,66,66,66,66,66,66,66,66,66,66,66,66,66,66,66,66],"card_choices":[{"not_picked":["Poisoned Stab","All Out Attack"],"picked":"Acrobatics","floor":1.0},{"not_picked":["Sucker Punch","Backstab"],"picked":"Flechettes","floor":4.0},{"not_picked":["Tools of the Trade","PiercingWail","Night Terror"],"picked":"SKIP","floor":7.0},{"not_picked":["Caltrops","Predator"],"picked":"Backflip","floor":10.0},{"not_picked":["Sucker Punch","Masterful Stab"],"picked":"Calculated Gamble","floor":11.0},{"not_picked":["Deadly Poison","Deflect","Underhanded Strike"],"picked":"SKIP","floor":13.0},{"not_picked":["Tools of the Trade","Burst"],"picked":"Adrenaline","floor":16.0},{"not_picked":["Underhanded Strike","Cloak And Dagger"],"picked":"Footwork+1","floor":18.0},{"not_picked":["Dodge and Roll+1","Outmaneuver","Cloak And Dagger"],"picked":"SKIP","floor":19.0},{"not_picked":["Riddle With Holes","Blade Dance","Prepared"],"picked":"SKIP","floor":21.0}],"player_experience":1242406,"relics_obtained":[{"floor":7.0,"key":"Omamori"},{"floor":9.0,"key":"Gremlin Horn"}],"event_choices":[{"damage_healed":0.0,"max_hp_gain":0.0,"max_hp_loss":0.0,"gold_gain":75.0,"event_name":"World of Goop","player_choice":"Gather Gold","floor":2.0,"gold_loss":0.0,"damage_taken":11.0},{"damage_healed":0.0,"max_hp_gain":0.0,"max_hp_loss":0.0,"gold_gain":0.0,"event_name":"WeMeetAgain","player_choice":"Paid Gold","floor":3.0,"gold_loss":80.0,"damage_taken":0.0,"relics_obtained":["Tiny Chest"]},{"damage_healed":0.0,"max_hp_gain":0.0,"max_hp_loss":0.0,"gold_gain":0.0,"event_name":"Match and Keep!","player_choice":"0 cards matched","floor":5.0,"gold_loss":0.0,"damage_taken":0.0,"cards_obtained":[]},{"cards_removed":["Strike_G"],"damage_healed":0.0,"max_hp_gain":0.0,"max_hp_loss":0.0,"gold_gain":0.0,"event_name":"The Cleric","player_choice":"Card Removal","floor":14.0,"gold_loss":75.0,"damage_taken":0.0},{"damage_healed":0.0,"max_hp_gain":0.0,"max_hp_loss":0.0,"gold_gain":0.0,"event_name":"FaceTrader","player_choice":"Trade","floor":20.0,"gold_loss":0.0,"damage_taken":0.0,"relics_obtained":["SsserpentHead"]}],"is_beta":true,"boss_relics":[{"not_picked":["Runic Dome","Tiny House"],"picked":"Pandora\u0027s Box"}],"items_purged_floors":[22],"is_endless":false,"potions_floor_spawned":[7,10,18,21],"killed_by":"Slavers","ascension_level":20}