{"gold_per_floor":[115,132,132,149,149,149,149,149,176,101,114,132,151,67,67,166,166,191,106,131,56,56,56,56],"floor_reached":24,"playtime":552,"items_purged":["Strike_G"],"score":353,"play_id":"b92c42fe-ae54-4622-ab08-7460dd73ce06","local_time":"20181114215039","is_ascension_mode":true,"campfire_choices":[{"data":"Finisher","floor":6,"key":"SMITH"},{"data":"Neutralize","floor":8,"key":"SMITH"},{"data":"Blade Dance","floor":15,"key":"SMITH"}],"neow_cost":"TEN_PERCENT_HP_LOSS","seed_source_timestamp":11568043494354,"circlet_count":0,"master_deck":["AscendersBane","Survivor","Neutralize+1","Bullet Time","Finisher+1","Dagger Spray","Flying Knee","Blade Dance+1","Escape Plan","Infinite Blades","Corpse Explosion","Well Laid Plans","Bane","PiercingWail","Poisoned Stab","Dash","Leg Sweep","PiercingWail","Accuracy","Cloak And Dagger+1","Necronomicurse"],"relics":["Ring of the Snake","Bloody Idol","Orichalcum","Pandora\u0027s Box","Sundial","Necronomicon"],"potions_floor_usage":[4,16,16,24],"damage_taken":[{"damage":0,"enemies":"2 Louse","floor":1,"turns":4},{"damage":7,"enemies":"Small Slimes","floor":2,"turns":4},{"damage":0,"enemies":"Jaw Worm","floor":4,"turns":5},{"damage":2,"enemies":"2 Fungi Beasts","floor":11,"turns":3},{"damage":11,"enemies":"Large Slime","floor":12,"turns":4},{"damage":0,"enemies":"Blue Slaver","floor":13,"turns":1},{"damage":27,"enemies":"Slime Boss","floor":16,"turns":8},{"damage":4,"enemies":"2 Thieves","floor":18,"turns":3},{"damage":2,"enemies":"Spheric Guardian","floor":20,"turns":4},{"damage":16,"enemies":"Centurion and Healer","floor":24,"turns":4}],"seed_played":"8340891526882922045","potions_obtained":[{"floor":2,"key":"Strength Potion"},{"floor":12,"key":"SkillPotion"},{"floor":13,"key":"Strength Potion"},{"floor":18,"key":"Dexterity Potion"},{"floor":20,"key":"EssenceOfSteel"}],"is_trial":false,"path_per_floor":["M","M","?","M","?","R","?","R","T","$","M","M","M","$","R","B",null,"M","?","M","?","?","?","M"],"character_chosen":"THE_SILENT","items_purchased":["Infinite Blades"],"campfire_rested":0,"item_purchase_floors":[14],"current_hp_per_floor":[59,52,45,45,45,45,45,45,45,45,43,32,32,32,32,5,42,38,38,36,36,36,15,0],"gold":56,"neow_bonus":"THREE_RARE_CARDS","is_prod":false,"is_daily":false,"chose_seed":false,"campfire_upgraded":3,"win_rate":0,"timestamp":1542203439,"path_taken":["M","M","?","M","?","R","?","R","T","$","M","M","M","$","R","BOSS","M","?","M","?","?","?","M"],"build_version":"2018-11-13","purchased_purges":1,"victory":false,"max_hp_per_floor":[60,60,60,60,54,54,54,54,54,54,54,54,54,54,54,54,54,54,54,54,54,54,54,54],"card_choices":[{"not_picked":["Phantasmal Killer","Storm of Steel"],"picked":"Bullet Time","floor":0},{"not_picked":["Underhanded Strike","Bane"],"picked":"Finisher","floor":1},{"not_picked":["Bouncing Flask","Poisoned Stab"],"picked":"Dagger Spray","floor":2},{"not_picked":["Dagger Throw","Outmaneuver"],"picked":"Flying Knee","floor":4},{"not_picked":["Bane","Quick Slash","Prepared"],"picked":"SKIP","floor":11},{"not_picked":["Cloak And Dagger","PiercingWail"],"picked":"Blade Dance","floor":12},{"not_picked":["Sucker Punch","Dodge and Roll"],"picked":"Escape Plan","floor":13},{"not_picked":["Doppelganger","Die Die Die"],"picked":"Corpse Explosion","floor":16},{"not_picked":["Prepared","Slice"],"picked":"Accuracy","floor":18},{"not_picked":["Deadly Poison","Outmaneuver"],"picked":"Cloak And Dagger+1","floor":20}],"player_experience":1057755,"relics_obtained":[{"floor":9,"key":"Orichalcum"},{"floor":23,"key":"Necronomicon"}],"event_choices":[{"cards_removed":["Strike_G"],"damage_healed":0,"gold_gain":0,"player_choice":"Card Removal","damage_taken":7,"max_hp_gain":0,"max_hp_loss":0,"event_name":"Golden Wing","floor":3,"gold_loss":0},{"damage_healed":0,"gold_gain":0,"player_choice":"Lose Max HP","damage_taken":0,"relics_obtained":["Golden Idol"],"max_hp_gain":0,"max_hp_loss":6,"event_name":"Golden Idol","floor":5,"gold_loss":0},{"damage_healed":0,"gold_gain":0,"player_choice":"Ignored","damage_taken":0,"max_hp_gain":0,"max_hp_loss":0,"event_name":"Liars Game","floor":7,"gold_loss":0},{"damage_healed":0,"gold_gain":0,"player_choice":"Obtained Relic","damage_taken":0,"relics_obtained":["Sundial"],"max_hp_gain":0,"max_hp_loss":0,"event_name":"Addict","floor":19,"gold_loss":85},{"cards_removed":["Skewer"],"damage_healed":0,"gold_gain":0,"player_choice":"Gave Gold","damage_taken":0,"max_hp_gain":0,"max_hp_loss":0,"event_name":"Beggar","floor":21,"gold_loss":75},{"damage_healed":0,"gold_gain":0,"player_choice":"Gave Idol","damage_taken":0,"relics_obtained":["Bloody Idol"],"max_hp_gain":0,"max_hp_loss":0,"event_name":"Forgotten Altar","floor":22,"relics_lost":["Golden Idol"],"gold_loss":0},{"damage_healed":0,"gold_gain":0,"player_choice":"Obtained Book","damage_taken":21,"max_hp_gain":0,"max_hp_loss":0,"event_name":"Cursed Tome","floor":23,"gold_loss":0}],"is_beta":true,"boss_relics":[{"not_picked":["Velvet Choker","Ring of the Serpent"],"picked":"Pandora\u0027s Box"}],"items_purged_floors":[10],"is_endless":false,"potions_floor_spawned":[2,12,13,18,20],"killed_by":"Centurion and Healer","ascension_level":18}