{"gold_per_floor":[211,60,75,94,111,111,140,140,221,252,252,269,285,23,23,100,100,111,126,126,137,137,137,154,171,197,226,226,236,111,111,111,190,190,205,220,234,62,77,77,77,106,131,166,180,180,180,197,197,197,197,197,197,62,93,93],"floor_reached":57,"playtime":5015,"items_purged":["Strike_G","Strike_G","Regret"],"score":2942,"play_id":"ef9df2c9-7149-4c52-9d1d-aacca3cf4cf7","local_time":"20190105192449","is_ascension_mode":true,"campfire_choices":[{"data":"Deadly Poison","floor":6.0,"key":"SMITH"},{"data":"Neutralize","floor":8.0,"key":"SMITH"},{"data":"Well Laid Plans","floor":11.0,"key":"SMITH"},{"data":"Noxious Fumes","floor":15.0,"key":"SMITH"},{"data":"Footwork","floor":23.0,"key":"SMITH"},{"data":"Burst","floor":28.0,"key":"SMITH"},{"floor":32.0,"key":"RECALL"},{"data":"Catalyst","floor":41.0,"key":"SMITH"},{"data":"Night Terror","floor":46.0,"key":"SMITH"},{"data":"Caltrops","floor":49.0,"key":"SMITH"},{"data":"Venomology","floor":53,"key":"SMITH"}],"neow_cost":"NONE","seed_source_timestamp":27228444695331,"circlet_count":0,"master_deck":["AscendersBane","Defend_G","Defend_G","Defend_G","Defend_G","Defend_G","Strike_G","Strike_G","Strike_G","Survivor","Neutralize+1","Deadly Poison+1","Well Laid Plans+1","Footwork+1","Blur+1","Noxious Fumes+1","Venomology+1","Leg Sweep+1","Burst+1","Noxious Fumes+1","Night Terror","Leg Sweep+1","Caltrops+1","Catalyst+1","Night Terror+1","Backflip","Acrobatics"],"special_seed":0,"relics":["Ring of the Snake","Gambling Chip","Pantograph","Pen Nib","Potion Belt","Cursed Key","Lantern","Omamori","Coffee Dripper","Oddly Smooth Stone","Singing Bowl","Girya","Bronze Scales"],"potions_floor_usage":[50,50,50,50,50,50,50,50,50,55,55,56],"damage_taken":[{"damage":3.0,"enemies":"Cultist","floor":1.0,"turns":5.0},{"damage":4.0,"enemies":"Jaw Worm","floor":3.0,"turns":4.0},{"damage":4.0,"enemies":"Small Slimes","floor":4.0,"turns":6.0},{"damage":1.0,"enemies":"Looter","floor":5.0,"turns":4.0},{"damage":14.0,"enemies":"3 Sentries","floor":7.0,"turns":14.0},{"damage":0.0,"enemies":"Lagavulin","floor":10.0,"turns":7.0},{"damage":0.0,"enemies":"Red Slaver","floor":12.0,"turns":5.0},{"damage":13.0,"enemies":"Exordium Thugs","floor":13.0,"turns":5.0},{"damage":0.0,"enemies":"The Guardian","floor":16.0,"turns":10.0},{"damage":23.0,"enemies":"Chosen","floor":18.0,"turns":6.0},{"damage":0.0,"enemies":"Spheric Guardian","floor":19.0,"turns":4.0},{"damage":0.0,"enemies":"Centurion and Healer","floor":21.0,"turns":7.0},{"damage":6.0,"enemies":"Chosen and Byrds","floor":24.0,"turns":9.0},{"damage":0.0,"enemies":"Snecko","floor":25.0,"turns":6.0},{"damage":8.0,"enemies":"Gremlin Leader","floor":27.0,"turns":6.0},{"damage":2.0,"enemies":"3 Cultists","floor":29.0,"turns":5.0},{"damage":0.0,"enemies":"Champ","floor":33.0,"turns":14.0},{"damage":0.0,"enemies":"Orb Walker","floor":35.0,"turns":7.0},{"damage":0.0,"enemies":"3 Shapes","floor":36.0,"turns":4.0},{"damage":0.0,"enemies":"Maw","floor":37.0,"turns":9.0},{"damage":0.0,"enemies":"Jaw Worm Horde","floor":39.0,"turns":2.0},{"damage":1.0,"enemies":"Reptomancer","floor":42.0,"turns":9.0},{"damage":0.0,"enemies":"Giant Head","floor":44.0,"turns":6.0},{"damage":0.0,"enemies":"Transient","floor":45.0,"turns":3.0},{"damage":0.0,"enemies":"3 Darklings","floor":48.0,"turns":6.0},{"damage":63,"enemies":"Awakened One","floor":50,"turns":25},{"damage":16,"enemies":"Time Eater","floor":51,"turns":3},{"damage":3,"enemies":"Shield and Spear","floor":55,"turns":7},{"damage":67,"enemies":"The Heart","floor":56,"turns":6}],"seed_played":"3076493014498346053","potions_obtained":[{"floor":1.0,"key":"Dexterity Potion"},{"floor":3.0,"key":"Weak Potion"},{"floor":7.0,"key":"GamblersBrew"},{"floor":13.0,"key":"SkillPotion"},{"floor":16.0,"key":"FearPotion"},{"floor":29.0,"key":"Fire Potion"},{"floor":37.0,"key":"Swift Potion"},{"floor":42.0,"key":"Swift Potion"},{"floor":44.0,"key":"Ancient Potion"}],"is_trial":false,"path_per_floor":["M","$","M","M","M","R","E","R","T","E","R","M","M","$","R","B",null,"M","M","?","M","?","R","M","M","T","E","R","M","$","?","R","B",null,"M","M","M","$","M","?","R","E","T","E","M","R","?","M","R","B","B",null,"R","$","E","B",null],"character_chosen":"THE_SILENT","items_purchased":["Well Laid Plans","Potion Belt","Oddly Smooth Stone","GhostInAJar","Acrobatics"],"campfire_rested":0,"item_purchase_floors":[2,14,38,54,54],"current_hp_per_floor":[56,56,52,48,47,47,33,33,33,33,33,33,20,20,20,45,61,38,38,20,20,20,20,14,14,14,6,6,4,4,4,4,29,61,61,61,61,61,61,61,61,62,62,62,64,64,64,66,66,10,19,60,60,60,59,8],"gold":93,"neow_bonus":"HUNDRED_GOLD","is_prod":false,"is_daily":false,"chose_seed":false,"campfire_upgraded":10,"win_rate":0,"timestamp":1546687489,"path_taken":["M","$","M","M","M","R","E","R","T","E","R","M","M","$","R","BOSS","M","?","?","M","?","R","M","M","T","E","R","M","$","?","R","BOSS","M","M","M","$","M","?","R","E","T","E","M","R","?","M","R","BOSS","BOSS","R","$","E","BOSS"],"build_version":"2019-01-03v4","purchased_purges":3,"victory":true,"max_hp_per_floor":[66,66,66,66,66,66,66,66,66,66,66,66,66,66,66,66,66,66,66,71,71,71,71,71,71,71,71,71,71,71,71,71,71,71,71,71,71,71,71,71,71,73,73,73,75,75,71,73,73,73,73,73,73,73,75,75],"card_choices":[{"not_picked":["Slice","Blur"],"picked":"Deadly Poison","floor":1.0},{"not_picked":["Choke","Prepared","Riddle With Holes"],"picked":"SKIP","floor":3.0},{"not_picked":["PiercingWail","Riddle With Holes"],"picked":"Footwork","floor":4.0},{"not_picked":["Underhanded Strike","Sucker Punch","Terror"],"picked":"SKIP","floor":5.0},{"not_picked":["Dagger Spray","Expertise"],"picked":"Blur","floor":7.0},{"not_picked":["Accuracy","Eviscerate","Dash"],"picked":"SKIP","floor":10.0},{"not_picked":["Crippling Poison","Backflip"],"picked":"Noxious Fumes","floor":12.0},{"not_picked":["Dagger Spray","Infinite Blades","Underhanded Strike"],"picked":"SKIP","floor":13.0},{"not_picked":["Wraith Form v2","Bullet Time"],"picked":"Venomology","floor":16.0},{"not_picked":["Sucker Punch","Infinite Blades+1","Deadly Poison"],"picked":"SKIP","floor":18.0},{"not_picked":["Flechettes","Tactician","Deadly Poison"],"picked":"SKIP","floor":19.0},{"not_picked":["Prepared","Deflect"],"picked":"Leg Sweep+1","floor":21.0},{"not_picked":["Masterful Stab","Quick Slash"],"picked":"Burst","floor":24.0},{"not_picked":["Setup","Acrobatics"],"picked":"Noxious Fumes+1","floor":25.0},{"not_picked":["Riddle With Holes","Dagger Throw","Leg Sweep"],"picked":"SKIP","floor":27.0},{"not_picked":["Cloak And Dagger","Acrobatics","Deflect"],"picked":"SKIP","floor":29.0},{"not_picked":["Malaise","Phantasmal Killer"],"picked":"Night Terror","floor":33.0},{"not_picked":["Deflect","Tactician","Accuracy"],"picked":"SKIP","floor":35.0},{"not_picked":["Dagger Throw","Finisher"],"picked":"Leg Sweep+1","floor":36.0},{"not_picked":["Crippling Poison+1","Outmaneuver+1"],"picked":"Caltrops","floor":37.0},{"not_picked":["Dodge and Roll+1","Deflect+1"],"picked":"Catalyst","floor":39.0},{"not_picked":["Bane","Flying Knee","Poisoned Stab"],"picked":"Singing Bowl","floor":42.0},{"not_picked":["Endless Agony+1","Prepared"],"picked":"Backflip","floor":44.0},{"not_picked":["Concentrate","Quick Slash+1","Eviscerate"],"picked":"Singing Bowl","floor":45.0},{"not_picked":["Bouncing Flask+1","Slice","Deflect"],"picked":"Singing Bowl","floor":48.0},{"not_picked":["Sucker Punch","Poisoned Stab","Backstab+1"],"picked":"Singing Bowl","floor":55}],"player_experience":1752295,"relics_obtained":[{"floor":7.0,"key":"Gambling Chip"},{"floor":9.0,"key":"Pantograph"},{"floor":10.0,"key":"Pen Nib"},{"floor":26.0,"key":"Lantern"},{"floor":27.0,"key":"Omamori"},{"floor":42.0,"key":"Singing Bowl"},{"floor":44.0,"key":"Girya"},{"floor":55,"key":"Bronze Scales"}],"event_choices":[{"damage_healed":0.0,"max_hp_gain":5.0,"max_hp_loss":0.0,"gold_gain":0.0,"event_name":"Forgotten Altar","player_choice":"Shed Blood","floor":20.0,"gold_loss":0.0,"damage_taken":23.0},{"damage_healed":0.0,"max_hp_gain":0.0,"max_hp_loss":0.0,"gold_gain":0.0,"event_name":"Vampires","player_choice":"Ignored","floor":22.0,"gold_loss":0.0,"damage_taken":0.0},{"damage_healed":0.0,"max_hp_gain":0.0,"max_hp_loss":0.0,"gold_gain":0.0,"event_name":"Upgrade Shrine","player_choice":"Upgraded","floor":31.0,"gold_loss":0.0,"damage_taken":0.0,"cards_upgraded":["Blur"]},{"damage_healed":0.0,"max_hp_gain":0.0,"max_hp_loss":0.0,"gold_gain":0.0,"event_name":"Duplicator","player_choice":"Copied","floor":40.0,"gold_loss":0.0,"damage_taken":0.0,"cards_obtained":["Night Terror"]},{"damage_healed":0.0,"max_hp_gain":0.0,"max_hp_loss":4.0,"gold_gain":0.0,"event_name":"Winding Halls","player_choice":"Max HP","floor":47.0,"gold_loss":0.0,"damage_taken":0.0}],"is_beta":false,"boss_relics":[{"not_picked":["WristBlade","Sozu"],"picked":"Cursed Key"},{"not_picked":["Velvet Choker","Busted Crown"],"picked":"Coffee Dripper"}],"items_purged_floors":[2,14,30],"is_endless":false,"potions_floor_spawned":[1,3,7,13,16,19,24,29,33,37,42,44,48],"ascension_level":20}