{"gold_per_floor":[110,120,136,136,61,86,86,105,105,133,153,153],"floor_reached":12,"playtime":445,"items_purged":[],"score":180,"play_id":"6fac9563-4c6e-4547-8851-2b515c6ab978","local_time":"20190222150511","is_ascension_mode":true,"campfire_choices":[{"floor":7.0,"key":"REST"}],"neow_cost":"NONE","seed_source_timestamp":414467777196664,"circlet_count":0,"master_deck":["AscendersBane","Strike_B","Strike_B","Strike_B","Defend_B","Defend_B","Defend_B","Defend_B","Zap","Dualcast","Coolheaded","Cold Snap","Hologram","Doom and Gloom","Capacitor","Turbo","Skim","Stack","Reinforced Body"],"special_seed":0,"relics":["Black Star","Sundial","Nunchaku","Torii","Calipers","Molten Egg 2"],"potions_floor_usage":[12,12],"damage_taken":[{"damage":4.0,"enemies":"Jaw Worm","floor":1.0,"turns":5.0},{"damage":0.0,"enemies":"Cultist","floor":2.0,"turns":4.0},{"damage":8.0,"enemies":"2 Louse","floor":3.0,"turns":3.0},{"damage":31.0,"enemies":"Gremlin Nob","floor":6.0,"turns":4.0},{"damage":9.0,"enemies":"Large Slime","floor":8.0,"turns":6.0},{"damage":7.0,"enemies":"Lagavulin","floor":10.0,"turns":7.0},{"damage":16.0,"enemies":"Lots of Slimes","floor":11.0,"turns":4.0},{"damage":14,"enemies":"Gremlin Nob","floor":12,"turns":3}],"seed_played":"-3328317073405962420","potions_obtained":[{"floor":3.0,"key":"GamblersBrew"},{"floor":8.0,"key":"Dexterity Potion"},{"floor":11.0,"key":"AttackPotion"}],"is_trial":false,"path_per_floor":["M","M","M","?","$","E","R","M","T","E","M","E"],"character_chosen":"DEFECT","items_purchased":["Capacitor"],"campfire_rested":1,"item_purchase_floors":[5],"current_hp_per_floor":[60,60,52,52,52,21,42,33,33,26,10,0],"gold":153,"neow_bonus":"BOSS_RELIC","is_prod":false,"is_daily":false,"chose_seed":false,"campfire_upgraded":0,"win_rate":0,"timestamp":1550819111,"path_taken":["M","M","M","?","?","E","R","M","T","E","M","E"],"build_version":"2019-01-23","purchased_purges":0,"victory":false,"max_hp_per_floor":[71,71,71,71,71,71,71,71,71,71,71,71],"card_choices":[{"not_picked":["Steam","Conserve Battery"],"picked":"Coolheaded","floor":1.0},{"not_picked":["Doom and Gloom","Barrage"],"picked":"Cold Snap","floor":2.0},{"not_picked":["Rebound","Aggregate"],"picked":"Hologram","floor":3.0},{"not_picked":["Barrage","Stack"],"picked":"Turbo","floor":6.0},{"not_picked":["Coolheaded","Double Energy"],"picked":"Skim","floor":8.0},{"not_picked":["Rebound","Thunder Strike"],"picked":"Stack","floor":10.0},{"not_picked":["Turbo","Tempest"],"picked":"Reinforced Body","floor":11.0}],"player_experience":900552,"relics_obtained":[{"floor":6.0,"key":"Sundial"},{"floor":6.0,"key":"Nunchaku"},{"floor":9.0,"key":"Torii"},{"floor":10.0,"key":"Calipers"},{"floor":10.0,"key":"Molten Egg 2"}],"event_choices":[{"damage_healed":0.0,"max_hp_gain":0.0,"max_hp_loss":0.0,"gold_gain":0.0,"cards_transformed":["Strike_B"],"event_name":"Transmorgrifier","player_choice":"Transformed","floor":4.0,"gold_loss":0.0,"damage_taken":0.0,"cards_obtained":["Doom and Gloom"]}],"is_beta":false,"boss_relics":[],"items_purged_floors":[],"is_endless":false,"potions_floor_spawned":[3,8,11],"killed_by":"Gremlin Nob","ascension_level":20}