{"gold_per_floor":[119,132,147,158,83,83,115,115,115,128,128,153,165,176,176,253,253,267,267,105,117,117,117,117],"floor_reached":24,"playtime":600,"items_purged":["Strike_R","Doubt"],"score":454,"play_id":"c871d260-f3b2-49a6-a57e-c521ece7bde8","local_time":"20180924023716","is_ascension_mode":true,"campfire_choices":[{"data":"Whirlwind","floor":6.0,"key":"SMITH"},{"floor":11.0,"key":"REST"},{"floor":15.0,"key":"REST"},{"floor":23,"key":"REST"}],"neow_cost":"NONE","seed_source_timestamp":223276941667789,"circlet_count":0,"master_deck":["Strike_R","Strike_R","Strike_R","Defend_R","Defend_R","Defend_R","Defend_R","Bash","AscendersBane","Evolve","Whirlwind+1","Thunderclap","Limit Break","Offering","Warcry"],"special_seed":0,"relics":["Cursed Key","Calipers","Blue Candle","Matryoshka","Philosopher\u0027s Stone"],"potions_floor_usage":[24],"damage_taken":[{"damage":1.0,"enemies":"Cultist","floor":1.0,"turns":3.0},{"damage":11.0,"enemies":"2 Louse","floor":2.0,"turns":4.0},{"damage":2.0,"enemies":"Jaw Worm","floor":3.0,"turns":3.0},{"damage":0.0,"enemies":"2 Fungi Beasts","floor":4.0,"turns":3.0},{"damage":25.0,"enemies":"Lagavulin","floor":7.0,"turns":6.0},{"damage":8.0,"enemies":"Large Slime","floor":10.0,"turns":3.0},{"damage":7.0,"enemies":"Gremlin Nob","floor":12.0,"turns":2.0},{"damage":16.0,"enemies":"Exordium Thugs","floor":13.0,"turns":4.0},{"damage":0.0,"enemies":"3 Louse","floor":14.0,"turns":1.0},{"damage":44.0,"enemies":"Slime Boss","floor":16.0,"turns":7.0},{"damage":25.0,"enemies":"Chosen","floor":18.0,"turns":4.0},{"damage":35,"enemies":"Shell Parasite","floor":21,"turns":3},{"damage":44,"enemies":"Book of Stabbing","floor":24,"turns":2}],"seed_played":"-1544259119674685394","potions_obtained":[{"floor":1.0,"key":"Strength Potion"},{"floor":3.0,"key":"Fruit Juice"},{"floor":10.0,"key":"FearPotion"},{"floor":13.0,"key":"SkillPotion"},{"floor":16.0,"key":"Poison Potion"},{"floor":21,"key":"Poison Potion"}],"is_trial":false,"path_per_floor":["M","M","M","M","$","R","E","?","T","M","R","E","M","M","R","B",null,"M","?","$","M","?","R"],"character_chosen":"IRONCLAD","items_purchased":["Warcry"],"campfire_rested":3,"item_purchase_floors":[20],"current_hp_per_floor":[67,56,59,59,59,59,34,34,34,26,50,43,27,27,51,7,62,37,37,37,2,18,42,0],"gold":117,"neow_bonus":"BOSS_RELIC","is_prod":false,"is_daily":false,"chose_seed":false,"campfire_upgraded":1,"win_rate":0,"timestamp":1537727836,"path_taken":["M","?","M","?","$","R","E","?","T","M","R","E","M","M","R","BOSS","M","?","?","M","?","R","E"],"build_version":"2018-09-20","purchased_purges":2,"victory":false,"max_hp_per_floor":[75,75,80,80,80,80,80,80,80,80,80,80,80,80,80,80,80,80,80,80,80,80,80,80],"card_choices":[{"not_picked":["Armaments","Second Wind"],"picked":"Evolve","floor":1.0},{"not_picked":["Flex","Heavy Blade"],"picked":"Whirlwind","floor":2.0},{"not_picked":["Reckless Charge","Warcry","Whirlwind"],"picked":"SKIP","floor":3.0},{"not_picked":["Wild Strike","Sword Boomerang"],"picked":"Thunderclap","floor":4.0},{"not_picked":["Burning Pact","Iron Wave"],"picked":"Limit Break","floor":7.0},{"not_picked":["Pommel Strike","Wild Strike","Flame Barrier"],"picked":"SKIP","floor":10.0},{"not_picked":["Pommel Strike","Anger","Wild Strike"],"picked":"SKIP","floor":12.0},{"not_picked":["Pommel Strike","Clothesline","Anger"],"picked":"SKIP","floor":13.0},{"not_picked":["Cleave","Feel No Pain","Perfected Strike"],"picked":"SKIP","floor":14.0},{"not_picked":["Twin Strike","Headbutt","Cleave"],"picked":"SKIP","floor":18.0},{"not_picked":["Pummel","Rage","Sever Soul"],"picked":"SKIP","floor":21}],"player_experience":118886,"relics_obtained":[{"floor":7.0,"key":"Calipers"},{"floor":9.0,"key":"Blue Candle"},{"floor":12.0,"key":"Matryoshka"}],"event_choices":[{"event_name":"Living Wall","player_choice":"Change","floor":8.0,"damage_taken":0.0},{"event_name":"Cursed Tome","player_choice":"Ignored","floor":19.0,"damage_taken":0.0},{"event_name":"The Library","player_choice":"Heal","floor":22,"damage_taken":0}],"is_beta":false,"boss_relics":[{"not_picked":["Coffee Dripper","Calling Bell"],"picked":"Philosopher\u0027s Stone"}],"items_purged_floors":[5,20],"is_endless":false,"potions_floor_spawned":[1,3,10,13,16,21],"killed_by":"Book of Stabbing","ascension_level":19}