{"gold_per_floor":[114,114,129,129,140,140,171,171,196,121,135,135,169,179,179,253,253,268,268,279,179,179,179,54,82,82,82],"floor_reached":27,"playtime":941,"items_purged":["Strike_R","Strike_R+1","Strike_R+1"],"score":478,"play_id":"ef6d084d-efbc-4141-adc6-eec388e6d356","local_time":"20190125220406","is_ascension_mode":true,"campfire_choices":[{"data":"Bludgeon","floor":6.0,"key":"SMITH"},{"data":"Battle Trance","floor":8.0,"key":"SMITH"},{"data":"Burning Pact","floor":12.0,"key":"SMITH"},{"data":"Body Slam","floor":15.0,"key":"SMITH"},{"data":"Power Through","floor":23.0,"key":"SMITH"}],"neow_cost":"NONE","seed_source_timestamp":34708434618364,"circlet_count":0,"master_deck":["AscendersBane","Defend_R","Defend_R","Defend_R","Bash+1","Battle Trance+1","Power Through+1","Bludgeon+1","Burning Pact+1","Exhume","Body Slam+1","Double Tap","Feed+1","Double Tap+1","Burning Pact+1","Corruption+1","Battle Trance","Feel No Pain"],"special_seed":0,"relics":["Burning Blood","Whetstone","Bronze Scales","Bag of Marbles","Astrolabe","Ornamental Fan","Magic Flower"],"potions_floor_usage":[],"damage_taken":[{"damage":14.0,"enemies":"Small Slimes","floor":1.0,"turns":4.0},{"damage":3.0,"enemies":"2 Louse","floor":3.0,"turns":4.0},{"damage":0.0,"enemies":"Cultist","floor":5.0,"turns":3.0},{"damage":15.0,"enemies":"3 Sentries","floor":7.0,"turns":6.0},{"damage":3.0,"enemies":"Blue Slaver","floor":11.0,"turns":3.0},{"damage":11.0,"enemies":"Gremlin Nob","floor":13.0,"turns":3.0},{"damage":0.0,"enemies":"Exordium Thugs","floor":14.0,"turns":3.0},{"damage":37.0,"enemies":"Slime Boss","floor":16.0,"turns":7.0},{"damage":4.0,"enemies":"theJungle:GiantWrat","floor":18.0,"turns":4.0},{"damage":3.0,"enemies":"theJungle:5_Spyders","floor":20.0,"turns":4.0},{"damage":8.0,"enemies":"theJungle:MamaSnecko","floor":25.0,"turns":5.0},{"damage":76,"enemies":"theJungle:2_Phrogs","floor":27,"turns":7}],"seed_played":"-8611474186600925439","potions_obtained":[{"floor":3.0,"key":"Explosive Potion"},{"floor":5.0,"key":"PowerPotion"},{"floor":16.0,"key":"FearPotion"},{"floor":18.0,"key":"Energy Potion"}],"is_trial":false,"path_per_floor":["M","?","M","?","M","R","E","R","T","$","M","R","E","M","R","B",null,"M","?","M","$","?","R","$","E","T","E"],"character_chosen":"IRONCLAD","items_purchased":[],"campfire_rested":0,"item_purchase_floors":[],"current_hp_per_floor":[60,60,63,63,69,69,60,60,60,60,63,63,58,64,64,33,65,71,71,78,78,78,78,78,76,76,0],"gold":82,"neow_bonus":"UPGRADE_CARD","is_prod":false,"is_daily":false,"chose_seed":false,"campfire_upgraded":5,"win_rate":0,"timestamp":1548425046,"path_taken":["M","?","M","?","M","R","E","R","T","$","?","R","E","M","R","BOSS","M","?","?","$","?","R","$","E","T","E"],"build_version":"2019-01-23","purchased_purges":3,"victory":false,"max_hp_per_floor":[75,75,75,75,75,75,75,75,75,75,75,75,75,75,75,75,75,79,79,83,83,83,83,83,83,83,83],"card_choices":[{"not_picked":["Body Slam","Wild Strike"],"picked":"Battle Trance","floor":1.0},{"not_picked":["Clash","Perfected Strike"],"picked":"Power Through","floor":3.0},{"not_picked":["Ghostly Armor","Bloodletting","Clash"],"picked":"SKIP","floor":5.0},{"not_picked":["Perfected Strike","Flex","Spot Weakness"],"picked":"SKIP","floor":7.0},{"not_picked":["Sentinel","True Grit"],"picked":"Burning Pact","floor":11.0},{"not_picked":["Rupture","Flex"],"picked":"Exhume","floor":13.0},{"not_picked":["Shrug It Off","Warcry"],"picked":"Body Slam","floor":14.0},{"not_picked":["Bludgeon","Dark Embrace"],"picked":"Double Tap","floor":16.0},{"not_picked":["Power Through","Fire Breathing+1"],"picked":"Corruption+1","floor":18.0},{"not_picked":["Warcry","Body Slam"],"picked":"Battle Trance","floor":20.0},{"not_picked":["Bloodletting","Burning Pact"],"picked":"Feel No Pain","floor":25.0}],"player_experience":2251786,"relics_obtained":[{"floor":7.0,"key":"Whetstone"},{"floor":9.0,"key":"Bronze Scales"},{"floor":13.0,"key":"Bag of Marbles"},{"floor":25.0,"key":"Ornamental Fan"},{"floor":26.0,"key":"Magic Flower"}],"event_choices":[{"damage_healed":0.0,"max_hp_gain":0.0,"max_hp_loss":0.0,"gold_gain":0.0,"event_name":"Liars Game","player_choice":"Ignored","floor":2.0,"gold_loss":0.0,"damage_taken":0.0},{"damage_healed":0.0,"max_hp_gain":0.0,"max_hp_loss":0.0,"gold_gain":0.0,"event_name":"Match and Keep!","player_choice":"1 cards matched","floor":4.0,"gold_loss":0.0,"damage_taken":0.0,"cards_obtained":["Bludgeon"]},{"damage_healed":0.0,"max_hp_gain":0.0,"max_hp_loss":0.0,"gold_gain":0.0,"event_name":"Wheel of Change","player_choice":"Gold","floor":19.0,"gold_loss":0.0,"damage_taken":0.0}],"is_beta":false,"boss_relics":[{"not_picked":["Fusion Hammer","Mark of Pain"],"picked":"Astrolabe"}],"items_purged_floors":[10,21,24],"is_endless":false,"potions_floor_spawned":[3,5,16,18],"killed_by":"theJungle:2_Phrogs","ascension_level":20}