{"gold_per_floor":[112,112,122,64,64,91,91,115,115,115,115,115],"floor_reached":12,"playtime":192,"items_purged":[],"score":198,"play_id":"c91a1240-6d79-484f-b6df-4d8d66b4bda0","local_time":"20181127110426","is_ascension_mode":true,"campfire_choices":[{"data":"Calculated Gamble","floor":7,"key":"SMITH"},{"data":"1","floor":11,"key":"LIFT"}],"neow_cost":"NONE","seed_source_timestamp":3900260092173,"circlet_count":0,"master_deck":["AscendersBane","Defend_G","Defend_G","Defend_G","Defend_G","Defend_G","Strike_G","Strike_G","Strike_G","Strike_G","Survivor","Neutralize+1","Backflip","Calculated Gamble+1","Acrobatics","Well Laid Plans"],"relics":["Ring of the Snake","NeowsBlessing","Girya","Art of War","Gremlin Horn","Golden Idol"],"potions_floor_usage":[12],"damage_taken":[{"damage":0,"enemies":"Jaw Worm","floor":1,"turns":1},{"damage":0,"enemies":"Cultist","floor":3,"turns":1},{"damage":0,"enemies":"3 Sentries","floor":6,"turns":1},{"damage":41,"enemies":"Lagavulin","floor":12,"turns":11}],"seed_played":"-8145235360001582906","potions_obtained":[{"floor":6,"key":"Block Potion"}],"is_trial":false,"path_per_floor":["M","?","M","$","?","E","R","T","T","?","R","E"],"character_chosen":"THE_SILENT","items_purchased":["Acrobatics"],"campfire_rested":0,"item_purchase_floors":[4],"current_hp_per_floor":[59,59,59,59,52,52,52,52,52,52,52,11],"gold":115,"neow_bonus":"THREE_ENEMY_KILL","is_prod":false,"is_daily":false,"chose_seed":false,"campfire_upgraded":1,"win_rate":0,"timestamp":1543287866,"path_taken":["M","?","?","$","?","E","R","?","T","?","R","E"],"build_version":"2018-11-15","purchased_purges":0,"victory":false,"max_hp_per_floor":[66,66,66,66,66,66,66,66,66,60,60,60],"card_choices":[{"not_picked":["Finisher","Riddle With Holes"],"picked":"Backflip","floor":1},{"not_picked":["Blur","Bane"],"picked":"Calculated Gamble","floor":3},{"not_picked":["Escape Plan","Dagger Throw"],"picked":"Well Laid Plans","floor":6}],"player_experience":1167121,"relics_obtained":[{"floor":6,"key":"Girya"},{"floor":8,"key":"Art of War"},{"floor":9,"key":"Gremlin Horn"}],"event_choices":[{"damage_healed":0,"gold_gain":0,"player_choice":"Forge","damage_taken":0,"max_hp_gain":0,"max_hp_loss":0,"event_name":"Accursed Blacksmith","floor":2,"gold_loss":0,"cards_upgraded":["Neutralize"]},{"cards_removed":["Strike_G"],"damage_healed":0,"gold_gain":0,"player_choice":"Card Removal","damage_taken":7,"max_hp_gain":0,"max_hp_loss":0,"event_name":"Golden Wing","floor":5,"gold_loss":0},{"damage_healed":0,"gold_gain":0,"player_choice":"Lose Max HP","damage_taken":0,"relics_obtained":["Golden Idol"],"max_hp_gain":0,"max_hp_loss":6,"event_name":"Golden Idol","floor":10,"gold_loss":0}],"is_beta":true,"boss_relics":[],"items_purged_floors":[],"is_endless":false,"potions_floor_spawned":[6],"killed_by":"Lagavulin","ascension_level":20}