{"path_per_floor":["M","M","$","M","M","R","E","?","T","R","M","T","M","M","R","B",null,"M","?","$","M","M","E","?","R","T","M","R","?","M","M","R","B",null,"M","M","M","M","?","R","$","R","T","$","M","M","E","M","R","B"],"character_chosen":"IRONCLAD","items_purchased":["Pommel Strike","Toolbox","Secret Technique"],"gold_per_floor":[114,129,129,144,159,159,189,167,217,217,232,232,247,262,262,362,362,377,377,75,90,105,135,50,50,125,140,140,140,155,170,170,270,270,285,300,315,330,377,377,377,377,377,197,212,227,257,272,272,272],"floor_reached":51,"campfire_rested":0,"playtime":1203,"current_hp_per_floor":[80,80,80,80,80,80,43,43,43,43,48,58,66,74,74,29,90,78,78,78,86,74,64,64,64,64,72,72,72,80,88,88,74,90,90,88,78,79,86,86,86,86,86,86,90,90,97,97,97,77],"items_purged":[],"gold":272,"score":857,"play_id":"7a09a606-cd0c-4248-8ef6-3201b52c564b","local_time":"20180405101321","daily_mods":["Shiny","Uncertain Future","Hoarder"],"is_prod":false,"is_daily":true,"is_ascension_mode":false,"campfire_upgraded":9,"timestamp":1522894401,"path_taken":["M","M","$","M","M","R","E","?","T","R","M","?","?","M","R","BOSS","M","?","$","M","M","E","?","R","T","M","R","?","M","M","R","BOSS","M","?","M","M","?","R","$","R","T","?","M","M","E","M","R","BOSS"],"build_version":"2018-03-29v2","purchased_purges":0,"victory":true,"master_deck":["Strike_R","Strike_R","Strike_R","Strike_R","Strike_R","Defend_R","Defend_R","Defend_R","Bash+1","Impervious+1","Impervious","Impervious","Seeing Red","Seeing Red","Seeing Red","Perfected Strike+1","Perfected Strike+1","Perfected Strike+1","Double Tap+1","Double Tap","Double Tap","Dual Wield+1","Dual Wield","Dual Wield","Perfected Strike+1","Perfected Strike+1","Perfected Strike","Perfected Strike","Perfected Strike","Perfected Strike","Pommel Strike","Pommel Strike","Pommel Strike","Brutality","Brutality","Brutality","Pommel Strike","Pommel Strike","Pommel Strike","Shrug It Off+1","Shrug It Off+1","Shrug It Off+1","Perfected Strike","Perfected Strike","Perfected Strike","Perfected Strike","Perfected Strike","Perfected Strike","Wild Strike","Wild Strike","Wild Strike","Perfected Strike","Perfected Strike","Perfected Strike","Secret Technique","Secret Technique","Secret Technique"],"max_hp_per_floor":[80,80,80,80,80,80,80,80,80,80,80,90,90,90,90,90,90,90,90,90,90,90,90,90,90,90,90,90,90,90,90,90,90,90,90,90,90,90,90,90,90,90,90,90,90,90,97,97,97,97],"relics":["Burning Blood","Blood Vial","Prayer Wheel","Pear","Orrery","Toolbox","Centennial Puzzle","Vajra","Meat on the Bone","Velvet Choker","Magic Flower","Ornamental Fan","Strawberry"],"card_choices":[{"not_picked":["Twin Strike","Whirlwind"],"picked":"Seeing Red","floor":5},{"not_picked":["Corruption","Flex"],"picked":"Perfected Strike","floor":11},{"not_picked":["Offering","Bludgeon"],"picked":"Double Tap","floor":16},{"not_picked":["Heavy Blade","Havoc"],"picked":"Dual Wield","floor":17},{"not_picked":["Havoc","Thunderclap"],"picked":"Perfected Strike","floor":17},{"not_picked":["Berserk","Shockwave"],"picked":"Perfected Strike","floor":17},{"not_picked":["Headbutt","Clash"],"picked":"Pommel Strike","floor":17},{"not_picked":["Body Slam","Havoc"],"picked":"Shrug It Off","floor":21},{"not_picked":["Thunderclap","Infernal Blade"],"picked":"Perfected Strike","floor":23},{"not_picked":["Inflame","Clash"],"picked":"Wild Strike","floor":38},{"not_picked":["Thunderclap","Anger"],"picked":"Perfected Strike","floor":43}],"player_experience":375054,"potions_floor_usage":[38],"damage_taken":[{"damage":0,"enemies":"Small Slimes","floor":1,"turns":5},{"damage":2,"enemies":"Jaw Worm","floor":2,"turns":5},{"damage":6,"enemies":"Cultist","floor":4,"turns":5},{"damage":1,"enemies":"2 Fungi Beasts","floor":5,"turns":6},{"damage":43,"enemies":"Gremlin Nob","floor":7,"turns":7},{"damage":3,"enemies":"Red Slaver","floor":11,"turns":6},{"damage":0,"enemies":"Looter","floor":13,"turns":2},{"damage":0,"enemies":"Exordium Wildlife","floor":14,"turns":2},{"damage":53,"enemies":"Slime Boss","floor":16,"turns":14},{"damage":18,"enemies":"3 Byrds","floor":18,"turns":6},{"damage":0,"enemies":"Spheric Guardian","floor":21,"turns":2},{"damage":20,"enemies":"Centurion and Healer","floor":22,"turns":3},{"damage":18,"enemies":"Book of Stabbing","floor":23,"turns":3},{"damage":0,"enemies":"Chosen and Byrds","floor":27,"turns":3},{"damage":0,"enemies":"Sentry and Sphere","floor":30,"turns":2},{"damage":0,"enemies":"Centurion and Healer","floor":31,"turns":2},{"damage":22,"enemies":"Automaton","floor":33,"turns":3},{"damage":0,"enemies":"3 Shapes","floor":35,"turns":2},{"damage":8,"enemies":"3 Darklings","floor":36,"turns":2},{"damage":18,"enemies":"Sphere and 2 Shapes","floor":37,"turns":2},{"damage":7,"enemies":"4 Shapes","floor":38,"turns":2},{"damage":1,"enemies":"…Ò√ÿ‘≤«Ú","floor":39,"turns":3},{"damage":0,"enemies":"Maw","floor":45,"turns":4},{"damage":5,"enemies":"3 Darklings","floor":46,"turns":4},{"damage":0,"enemies":"Nemesis","floor":47,"turns":1},{"damage":0,"enemies":"Sphere and 2 Shapes","floor":48,"turns":2},{"damage":29,"enemies":"Time Eater","floor":50,"turns":3}],"event_choices":[{"event_name":"World of Goop","player_choice":"Left","floor":8,"damage_taken":0},{"event_name":"Transmorgrifier","player_choice":"Transform","floor":19,"damage_taken":0},{"event_name":"Addict","player_choice":"Obtained Relic","floor":24,"damage_taken":0},{"event_name":"The Library","player_choice":"Read","floor":29,"damage_taken":0},{"event_name":"Mysterious Sphere","player_choice":"Fight","floor":39,"damage_taken":0}],"boss_relics":[{"not_picked":["Pandora\u0027s Box","Black Star"],"picked":"Orrery"},{"not_picked":["Black Blood","Calling Bell"],"picked":"Velvet Choker"}],"potions_floor_spawned":[2,5,11,21,22,23,37,39,46,48],"seed_played":"8108366420616761063","ascension_level":0,"is_trial":false}