{"path_per_floor":["M","$","M","M","M","R","E","$","T","$","M","R","?","M","R","B",null,"M","?","?","M","M","R","M","$","T","R","M","$","R","M","R","B",null,"M","?","M","M","?","R","M","M","T","?","$","R","M","?","R"],"character_chosen":"THE_SILENT","items_purchased":["Vajra","Dagger Spray","Infinite Blades","Underhanded Strike","Escape Plan","Acrobatics"],"gold_per_floor":[217,8,18,29,40,40,65,31,55,4,14,14,14,28,28,124,124,140,140,140,160,176,176,189,34,34,34,49,24,24,38,38,133,133,145,145,162,173,0,0,17,37,115,115,15,15,32,32,32],"floor_reached":50,"campfire_rested":4,"playtime":5382,"current_hp_per_floor":[68,68,68,68,57,57,32,32,32,32,27,48,70,65,65,21,70,66,66,70,65,62,62,53,53,53,53,53,53,53,33,54,47,70,49,49,48,20,20,32,26,3,3,3,3,36,10,10,43],"items_purged":["Strike_G","Defend_G"],"gold":32,"score":396,"play_id":"b2f19bf7-7092-4f55-ba79-8ce0a0fafbd4","is_prod":false,"is_daily":false,"is_ascension_mode":false,"campfire_upgraded":3,"path_taken":["M","$","M","M","M","R","E","$","T","$","M","R","?","M","R","BOSS","M","?","?","M","M","R","M","$","T","R","M","$","R","M","R","BOSS","M","?","M","M","?","R","M","M","T","?","$","R","M","?","R","BOSS"],"build_version":"2018-02-22-PROD2","purchased_purges":2,"victory":false,"master_deck":["Defend_G","Defend_G","Defend_G","Strike_G","Strike_G","Survivor","Neutralize","Flying Knee","Dagger Spray","Calculated Gamble+1","Expertise+1","Underhanded Strike","Infinite Blades","Infinite Blades","Underhanded Strike","Terror+1","Riddle With Holes","Adrenaline","After Image+1","After Image+1","Blur","Underhanded Strike","Acrobatics+1","Noxious Fumes","Escape Plan","Acrobatics","Blade Dance","Bullet Time","Reflex","Calculated Gamble+1","Outmaneuver+1","Dagger Throw","Quick Slash+1"],"max_hp_per_floor":[70,70,70,70,70,70,70,70,70,70,70,70,70,70,70,70,70,70,70,70,70,70,70,70,70,70,70,70,70,70,70,70,70,70,70,70,70,70,70,70,70,70,70,70,70,70,70,70,70],"relics":["Ring of the Snake","Vajra","Ancient Tea Set","Juzu Bracelet","Astrolabe","Pen Nib","Girya","Eternal Feather","Red Mask","Frozen Egg 2"],"card_choices":[{"not_picked":["Well Laid Plans","Dagger Throw"],"picked":"Flying Knee"},{"not_picked":["Flying Knee","Malaise"],"picked":"Calculated Gamble"},{"not_picked":["Acrobatics","Phantasmal Killer"],"picked":"Expertise"},{"not_picked":["Deflect","Backflip"],"picked":"Underhanded Strike"},{"not_picked":["All Out Attack","Well Laid Plans"],"picked":"Infinite Blades"},{"not_picked":["Catalyst","Caltrops"],"picked":"Terror"},{"not_picked":["Dodge and Roll","Catalyst"],"picked":"Riddle With Holes"},{"not_picked":["Burst","Die Die Die"],"picked":"Adrenaline"},{"not_picked":["Acrobatics","Dodge and Roll"],"picked":"Blur"},{"not_picked":["Expertise","Sucker Punch"],"picked":"Underhanded Strike"},{"not_picked":["Outmaneuver","Crippling Poison"],"picked":"Acrobatics"},{"not_picked":["Deflect","Deadly Poison"],"picked":"Noxious Fumes"},{"not_picked":["Underhanded Strike","Dagger Spray"],"picked":"Blade Dance"},{"not_picked":["Unload","Envenom"],"picked":"Bullet Time"},{"not_picked":["PiercingWail","Infinite Blades"],"picked":"Reflex"},{"not_picked":["Catalyst","Deflect"],"picked":"Outmaneuver"},{"not_picked":["Slice","PiercingWail"],"picked":"Dagger Throw"},{"not_picked":["Blur","Prepared"],"picked":"Quick Slash"}],"player_experience":17585,"potions_floor_usage":[33,33,35,50,50],"damage_taken":[{"damage":2,"enemies":"Jaw Worm","floor":1,"turns":7},{"damage":0,"enemies":"Small Slimes","floor":3,"turns":2},{"damage":0,"enemies":"2 Louse","floor":4,"turns":1},{"damage":11,"enemies":"Large Slime","floor":5,"turns":8},{"damage":25,"enemies":"Lagavulin","floor":7,"turns":8},{"damage":5,"enemies":"Lots of Slimes","floor":11,"turns":2},{"damage":5,"enemies":"2 Fungi Beasts","floor":14,"turns":3},{"damage":44,"enemies":"Hexaghost","floor":16,"turns":8},{"damage":4,"enemies":"3 Byrds","floor":18,"turns":4},{"damage":5,"enemies":"Shell Parasite","floor":21,"turns":4},{"damage":3,"enemies":"Snecko","floor":22,"turns":6},{"damage":9,"enemies":"Snake Plant","floor":24,"turns":4},{"damage":0,"enemies":"Centurion and Healer","floor":28,"turns":2},{"damage":20,"enemies":"3 Cultists","floor":31,"turns":6},{"damage":7,"enemies":"Collector","floor":33,"turns":5},{"damage":21,"enemies":"3 Darklings","floor":35,"turns":4},{"damage":1,"enemies":"3 Shapes","floor":37,"turns":6},{"damage":28,"enemies":"3 Darklings","floor":38,"turns":7},{"damage":6,"enemies":"Maw","floor":41,"turns":5},{"damage":23,"enemies":"Sphere and 2 Shapes","floor":42,"turns":6},{"damage":26,"enemies":"4 Shapes","floor":47,"turns":8},{"damage":46,"enemies":"Awakened One","floor":50,"turns":6}],"event_choices":[{"event_name":"Big Fish","player_choice":"Banana","floor":13,"damage_taken":0},{"event_name":"The Mausoleum","player_choice":"Yes","floor":19,"damage_taken":0},{"event_name":"Wheel of Change","player_choice":"Full Heal","floor":20,"damage_taken":0},{"event_name":"Duplicator","player_choice":"One dupe","floor":36,"damage_taken":0},{"event_name":"Tomb of Lord Red Mask","player_choice":"Paid","floor":39,"damage_taken":0},{"event_name":"Mysterious Sphere","player_choice":"Ignore","floor":48,"damage_taken":0}],"boss_relics":[{"not_picked":["Calling Bell","Runic Dome"],"picked":"Astrolabe"},{"not_picked":["Snecko Eye","Question Card"],"picked":"Eternal Feather"}],"potions_floor_spawned":[1,4,14,24,28,31,35,42],"seed_played":"-868386829529727102","killed_by":"Awakened One","ascension_level":0,"is_trial":false}