{"gold_per_floor":[112,37,112,112,12,47,47,75,75,75,86,86,119,132,132,132],"floor_reached":16,"playtime":266,"items_purged":["Strike_B","Strike_B"],"score":332,"play_id":"815dc471-e2c5-4551-99f3-37febc5d7ac9","local_time":"20190108173201","is_ascension_mode":true,"campfire_choices":[{"data":"Dualcast","floor":7,"key":"SMITH"},{"data":"Sunder","floor":10,"key":"SMITH"},{"data":"Zap","floor":12,"key":"SMITH"},{"data":"Darkness","floor":15,"key":"SMITH"}],"neow_cost":"NONE","seed_source_timestamp":21722494315395,"circlet_count":0,"master_deck":["AscendersBane","Strike_B","Strike_B","Defend_B","Defend_B","Defend_B","Defend_B","Zap+1","Dualcast+1","Ball Lightning","Sunder+1","Darkness+1"],"relics":["Cracked Core","NeowsBlessing","Bronze Scales","Ancient Tea Set","Omamori","Torii","DataDisk"],"potions_floor_usage":[],"damage_taken":[{"damage":0,"enemies":"Small Slimes","floor":1,"turns":1},{"damage":0,"enemies":"Lagavulin","floor":6,"turns":1},{"damage":0,"enemies":"3 Sentries","floor":8,"turns":1},{"damage":0,"enemies":"Jaw Worm","floor":11,"turns":1},{"damage":25,"enemies":"Lagavulin","floor":13,"turns":4},{"damage":0,"enemies":"2 Louse","floor":14,"turns":2},{"damage":24,"enemies":"Slime Boss","floor":16,"turns":5}],"seed_played":"3383764201299355671","potions_obtained":[{"floor":8,"key":"Poison Potion"},{"floor":13,"key":"Ancient Potion"}],"is_trial":false,"path_per_floor":["M","$","?","?","$","E","R","E","T","R","M","R","E","M","R","B"],"character_chosen":"DEFECT","items_purchased":[],"campfire_rested":0,"item_purchase_floors":[],"current_hp_per_floor":[64,64,53,48,48,48,48,48,48,48,48,48,23,23,23,0],"gold":132,"neow_bonus":"THREE_ENEMY_KILL","is_prod":false,"is_daily":false,"chose_seed":false,"campfire_upgraded":4,"win_rate":0,"timestamp":1546939921,"path_taken":["M","$","?","?","$","E","R","E","T","R","M","R","E","M","R","BOSS"],"build_version":"2019-01-03v4","purchased_purges":2,"victory":false,"max_hp_per_floor":[71,71,71,71,71,71,71,71,71,71,71,71,71,71,71,71],"card_choices":[{"not_picked":["Steam","Steam Power"],"picked":"Ball Lightning","floor":1},{"not_picked":["Redo","Barrage","Compile Driver"],"picked":"SKIP","floor":6},{"not_picked":["Leap","Doom and Gloom"],"picked":"Sunder","floor":8},{"not_picked":["Compile Driver","Barrage","Rebound"],"picked":"SKIP","floor":11},{"not_picked":["Go for the Eyes","Meteor Strike"],"picked":"Darkness","floor":13},{"not_picked":["Compile Driver","Conserve Battery","Melter"],"picked":"SKIP","floor":14}],"player_experience":1857985,"relics_obtained":[{"floor":6,"key":"Ancient Tea Set"},{"floor":8,"key":"Omamori"},{"floor":9,"key":"Torii"},{"floor":13,"key":"DataDisk"}],"event_choices":[{"damage_healed":0,"gold_gain":75,"player_choice":"Gather Gold","damage_taken":11,"max_hp_gain":0,"max_hp_loss":0,"event_name":"World of Goop","floor":3,"gold_loss":0},{"damage_healed":0,"gold_gain":0,"player_choice":"Success","damage_taken":5,"relics_obtained":["Bronze Scales"],"max_hp_gain":0,"max_hp_loss":0,"event_name":"Scrap Ooze","floor":4,"gold_loss":0}],"is_beta":false,"boss_relics":[],"items_purged_floors":[2,5],"is_endless":false,"potions_floor_spawned":[8,13],"killed_by":"Slime Boss","ascension_level":20}