{"gold_per_floor":[109,109,34,49,61,61,94,114,114,114,130,165,165,215,215,292,292,310,327,356,356,1,1],"floor_reached":23,"playtime":1013,"items_purged":["Strike_G"],"score":398,"play_id":"9d6f05cf-029d-45f7-bc87-e725204c7c71","local_time":"20190729142206","is_ascension_mode":true,"campfire_choices":[{"floor":6,"key":"REST"},{"floor":13,"key":"REST"},{"floor":15,"key":"REST"}],"neow_cost":"NONE","seed_source_timestamp":53428627650255,"circlet_count":0,"master_deck":["AscendersBane","Strike_G","Strike_G","Defend_G","Defend_G","Defend_G","Defend_G","Survivor","Neutralize","Deadly Poison","Poisoned Stab","Predator","Backflip","Deadly Poison","Flechettes","Wraith Form v2","Die Die Die","Deadly Poison","Catalyst"],"relics":["Fusion Hammer","Ornamental Fan","Pear","Paper Crane","Cursed Key","Red Mask","Omamori"],"potions_floor_usage":[12,16,19,20,23,23],"damage_taken":[{"damage":4,"enemies":"Jaw Worm","floor":1,"turns":5},{"damage":16,"enemies":"2 Louse","floor":4,"turns":4},{"damage":0,"enemies":"Cultist","floor":5,"turns":3},{"damage":17,"enemies":"Lagavulin","floor":7,"turns":5},{"damage":11,"enemies":"Large Slime","floor":8,"turns":7},{"damage":5,"enemies":"Red Slaver","floor":11,"turns":2},{"damage":23,"enemies":"Gremlin Nob","floor":12,"turns":4},{"damage":57,"enemies":"Slime Boss","floor":16,"turns":12},{"damage":5,"enemies":"Chosen","floor":18,"turns":5},{"damage":5,"enemies":"Spheric Guardian","floor":19,"turns":6},{"damage":31,"enemies":"Masked Bandits","floor":20,"turns":5},{"damage":20,"enemies":"Slavers","floor":23,"turns":2}],"seed_played":"-7949451662478719825","potions_obtained":[{"floor":4,"key":"SkillPotion"},{"floor":11,"key":"Regen Potion"},{"floor":16,"key":"PowerPotion"},{"floor":18,"key":"Weak Potion"}],"is_trial":false,"path_per_floor":["M","?","?","M","M","R","E","M","T","?","M","E","R","?","R","B",null,"M","M","?","?","$","E"],"character_chosen":"THE_SILENT","items_purchased":["Omamori","FearPotion","SkillPotion"],"campfire_rested":3,"item_purchase_floors":[22,22,22],"current_hp_per_floor":[55,48,48,32,32,51,34,23,33,33,28,19,41,41,63,6,59,54,49,18,18,18,0],"gold":1,"neow_bonus":"BOSS_RELIC","is_prod":false,"is_daily":false,"chose_seed":false,"campfire_upgraded":0,"win_rate":0,"timestamp":1564402926,"path_taken":["M","?","?","M","M","R","E","M","T","?","?","E","R","?","R","BOSS","M","M","?","?","$","E"],"build_version":"2019-07-17","purchased_purges":1,"victory":false,"max_hp_per_floor":[66,66,66,66,66,66,66,66,76,76,76,76,76,76,76,76,76,76,76,76,76,76,76],"card_choices":[{"not_picked":["Quick Slash","Deflect"],"picked":"Deadly Poison","floor":1},{"not_picked":["Deflect","Dodge and Roll"],"picked":"Poisoned Stab","floor":4},{"not_picked":["Acrobatics","Riddle With Holes"],"picked":"Predator","floor":5},{"not_picked":["Backstab","Tools of the Trade"],"picked":"Backflip","floor":7},{"not_picked":["Slice","Acrobatics"],"picked":"Deadly Poison","floor":8},{"not_picked":["Outmaneuver","Dodge and Roll"],"picked":"Flechettes","floor":11},{"not_picked":["Accuracy","Underhanded Strike"],"picked":"Wraith Form v2","floor":12},{"not_picked":["Envenom","Tools of the Trade"],"picked":"Die Die Die","floor":16},{"not_picked":["Prepared","Underhanded Strike","Dodge and Roll"],"picked":"SKIP","floor":18},{"not_picked":["Poisoned Stab","Blade Dance"],"picked":"Deadly Poison","floor":19},{"not_picked":["Leg Sweep","Quick Slash+1"],"picked":"Catalyst","floor":20}],"player_experience":785924,"relics_obtained":[{"floor":7,"key":"Ornamental Fan"},{"floor":9,"key":"Pear"},{"floor":12,"key":"Paper Crane"},{"floor":20,"key":"Red Mask"}],"event_choices":[{"cards_removed":["Strike_G"],"damage_healed":0,"gold_gain":0,"player_choice":"Card Removal","damage_taken":7,"max_hp_gain":0,"max_hp_loss":0,"event_name":"Golden Wing","floor":2,"gold_loss":0},{"cards_removed":["Defend_G"],"damage_healed":0,"gold_gain":0,"player_choice":"Card Removal","damage_taken":0,"max_hp_gain":0,"max_hp_loss":0,"event_name":"The Cleric","floor":3,"gold_loss":75},{"cards_removed":["Strike_G"],"damage_healed":0,"gold_gain":0,"player_choice":"Purged","damage_taken":0,"max_hp_gain":0,"max_hp_loss":0,"event_name":"Purifier","floor":10,"gold_loss":0},{"damage_healed":0,"gold_gain":50,"player_choice":"Pray","damage_taken":0,"max_hp_gain":0,"max_hp_loss":0,"event_name":"Golden Shrine","floor":14,"gold_loss":0},{"damage_healed":0,"gold_gain":0,"player_choice":"Fought Bandits","damage_taken":0,"max_hp_gain":0,"max_hp_loss":0,"event_name":"Masked Bandits","floor":20,"gold_loss":0},{"damage_healed":0,"gold_gain":0,"player_choice":"Ignored","damage_taken":0,"max_hp_gain":0,"max_hp_loss":0,"event_name":"Vampires","floor":21,"gold_loss":0}],"is_beta":false,"boss_relics":[{"not_picked":["Tiny House","Lizard Tail"],"picked":"Cursed Key"}],"items_purged_floors":[22],"is_endless":false,"potions_floor_spawned":[4,11,16,18],"killed_by":"Slavers","ascension_level":20}