{"gold_per_floor":[109,119,138,63,81,81,106,106,152,164,76,76,76,87,87,192,192,204,79,79,79,79,79,79,79,161,173,173,192,211,61,61,164,164,184,9,29,29,39,39,53,53,53,69,88,88,102,102,102,102],"floor_reached":51,"playtime":1198,"items_purged":["Strike_R","Strike_R","Strike_R","Defend_R","Defend_R"],"score":747,"play_id":"d42ab773-6a0e-482e-8e4b-08195a98de1b","local_time":"20190630174719","is_ascension_mode":false,"campfire_choices":[{"data":"Blood for Blood","floor":6.0,"key":"SMITH"},{"data":"Body Slam","floor":8.0,"key":"SMITH"},{"data":"Bash","floor":12.0,"key":"SMITH"},{"data":"Dropkick","floor":15.0,"key":"SMITH"},{"data":"Immolate","floor":23,"key":"SMITH"},{"data":"Evolve","floor":25,"key":"SMITH"},{"data":"Disarm","floor":28,"key":"SMITH"},{"data":"Power Through","floor":32,"key":"SMITH"},{"data":"Offering","floor":40,"key":"SMITH"},{"data":"Defend_R","floor":42,"key":"SMITH"},{"data":"True Grit","floor":46,"key":"SMITH"},{"floor":49,"key":"REST"}],"neow_cost":"NONE","seed_source_timestamp":19904818406399,"circlet_count":0,"master_deck":["Defend_R","Defend_R+1","Bash+1","Body Slam+1","Power Through+1","Blood for Blood+1","Dropkick+1","Immolate+1","Evolve+1","Disarm+1","Offering+1","Shockwave+1","True Grit+1","Burning Pact","Fiend Fire"],"special_seed":0,"relics":["Burning Blood","Matryoshka","MawBank","Strawberry","Sozu","Bag of Marbles","Mercury Hourglass","Runic Cube","Du-Vu Doll"],"potions_floor_usage":[],"damage_taken":[{"damage":1.0,"enemies":"Cultist","floor":1.0,"turns":3.0},{"damage":1.0,"enemies":"2 Louse","floor":2.0,"turns":3.0},{"damage":3.0,"enemies":"Small Slimes","floor":3.0,"turns":4.0},{"damage":4.0,"enemies":"2 Fungi Beasts","floor":5.0,"turns":6.0},{"damage":21.0,"enemies":"3 Sentries","floor":7.0,"turns":8.0},{"damage":6.0,"enemies":"Large Slime","floor":14.0,"turns":4.0},{"damage":34.0,"enemies":"Hexaghost","floor":16.0,"turns":7.0},{"damage":0,"enemies":"Shell Parasite","floor":18,"turns":4},{"damage":22,"enemies":"3 Byrds","floor":27,"turns":3},{"damage":0,"enemies":"Centurion and Healer","floor":29,"turns":2},{"damage":0,"enemies":"Snake Plant","floor":30,"turns":2},{"damage":30,"enemies":"Collector","floor":33,"turns":5},{"damage":27,"enemies":"3 Darklings","floor":35,"turns":3},{"damage":2,"enemies":"3 Shapes","floor":37,"turns":3},{"damage":15,"enemies":"Spire Growth","floor":39,"turns":4},{"damage":10,"enemies":"4 Shapes","floor":41,"turns":1},{"damage":8,"enemies":"Transient","floor":44,"turns":5},{"damage":23,"enemies":"Writhing Mass","floor":45,"turns":4},{"damage":6,"enemies":"3 Darklings","floor":47,"turns":2},{"damage":43,"enemies":"Donu and Deca","floor":50,"turns":6}],"seed_played":"573391976001540229","potions_obtained":[{"floor":3.0,"key":"Weak Potion"},{"floor":14.0,"key":"AttackPotion"},{"floor":16.0,"key":"FearPotion"}],"is_trial":false,"path_per_floor":["M","M","M","$","M","R","E","R","T","?","$","R","$","M","R","B",null,"M","$","?","?","$","R","?","R","T","M","R","M","M","$","R","B",null,"M","$","M","?","M","R","M","R","T","M","M","R","M","?","R","B",null],"character_chosen":"IRONCLAD","items_purchased":[],"campfire_rested":1,"item_purchase_floors":[],"current_hp_per_floor":[80,80,80,80,80,80,65,65,72,72,72,72,72,72,72,44,87,87,87,87,87,87,87,87,87,87,71,71,77,83,83,83,59,87,66,66,70,70,61,61,57,57,57,55,38,38,38,38,62,25],"gold":102,"neow_bonus":"REMOVE_CARD","is_prod":false,"is_daily":false,"chose_seed":false,"campfire_upgraded":11,"win_rate":0,"timestamp":1561888039,"path_taken":["M","M","?","$","M","R","E","R","T","?","$","R","$","M","R","BOSS","M","?","?","?","$","R","?","R","T","M","R","?","M","$","R","BOSS","M","?","?","?","M","R","M","R","T","M","M","R","M","?","R","BOSS"],"build_version":"2019-01-23","purchased_purges":5,"victory":true,"max_hp_per_floor":[80,80,80,80,80,80,80,80,87,87,87,87,87,87,87,87,87,87,87,87,87,87,87,87,87,87,87,87,87,87,87,87,87,87,87,87,87,83,83,83,83,83,83,83,83,83,83,83,83,83],"card_choices":[{"not_picked":["Clothesline","Pommel Strike"],"picked":"Body Slam","floor":1.0},{"not_picked":["Ghostly Armor","Sword Boomerang"],"picked":"Power Through","floor":2.0},{"not_picked":["Heavy Blade","Perfected Strike","Clash"],"picked":"SKIP","floor":3.0},{"not_picked":["Blood for Blood","Infernal Blade","Wild Strike"],"picked":"SKIP","floor":5.0},{"not_picked":["Blood for Blood","Infernal Blade","Wild Strike"],"picked":"SKIP","floor":5.0},{"not_picked":["Infernal Blade","Wild Strike"],"picked":"Blood for Blood","floor":5.0},{"not_picked":["Perfected Strike","Warcry","Headbutt"],"picked":"SKIP","floor":7.0},{"not_picked":["Sever Soul","Clash"],"picked":"Dropkick","floor":14.0},{"not_picked":["Exhume","Brutality"],"picked":"Immolate","floor":16.0},{"not_picked":["Cleave","True Grit"],"picked":"Evolve","floor":18},{"not_picked":["Headbutt","Hemokinesis","Thunderclap"],"picked":"SKIP","floor":27},{"not_picked":["Clothesline","Heavy Blade","Metallicize+1"],"picked":"SKIP","floor":29},{"not_picked":["Headbutt+1","Inflame+1","Heavy Blade"],"picked":"SKIP","floor":30},{"not_picked":["Juggernaut","Barricade"],"picked":"Offering","floor":33},{"not_picked":["Body Slam","Wild Strike","Flex+1"],"picked":"SKIP","floor":35},{"not_picked":["Hemokinesis+1","Sever Soul"],"picked":"Shockwave+1","floor":37},{"not_picked":["Flame Barrier","Sword Boomerang+1","Carnage"],"picked":"SKIP","floor":39},{"not_picked":["Hemokinesis","Entrench+1","Shockwave+1"],"picked":"SKIP","floor":41},{"not_picked":["Whirlwind","Shrug It Off+1"],"picked":"True Grit","floor":44},{"not_picked":["Clash+1","Havoc+1","Uppercut+1"],"picked":"SKIP","floor":45},{"not_picked":["Rupture+1","Wild Strike"],"picked":"Burning Pact","floor":47}],"player_experience":5604113,"relics_obtained":[{"floor":7.0,"key":"Matryoshka"},{"floor":9.0,"key":"MawBank"},{"floor":9.0,"key":"Strawberry"},{"floor":26,"key":"Bag of Marbles"},{"floor":26,"key":"Mercury Hourglass"},{"floor":43,"key":"Du-Vu Doll"}],"event_choices":[{"damage_healed":0.0,"max_hp_gain":0.0,"max_hp_loss":0.0,"gold_gain":0.0,"event_name":"NoteForYourself","player_choice":"Ignored","floor":10.0,"gold_loss":0.0,"damage_taken":0.0},{"damage_healed":0,"gold_gain":0,"player_choice":"Read","damage_taken":0,"max_hp_gain":0,"max_hp_loss":0,"event_name":"The Library","floor":21,"gold_loss":0,"cards_obtained":["Disarm"]},{"cards_removed":["Strike_R"],"damage_healed":0,"gold_gain":0,"player_choice":"Elegance","damage_taken":0,"max_hp_gain":0,"max_hp_loss":0,"event_name":"Back to Basics","floor":24,"gold_loss":0},{"damage_healed":0,"gold_gain":0,"player_choice":"Max HP","damage_taken":0,"max_hp_gain":0,"max_hp_loss":4,"event_name":"Winding Halls","floor":38,"gold_loss":0},{"damage_healed":0,"gold_gain":0,"player_choice":"1 cards matched","damage_taken":0,"max_hp_gain":0,"max_hp_loss":0,"event_name":"Match and Keep!","floor":48,"gold_loss":0,"cards_obtained":["Fiend Fire"]}],"is_beta":false,"boss_relics":[{"not_picked":["Orrery","Black Blood"],"picked":"Sozu"},{"not_picked":["Fusion Hammer","Runic Dome"],"picked":"Runic Cube"}],"items_purged_floors":[4,11,19,31,36],"is_endless":false,"potions_floor_spawned":[3,14,16,27,29,33,41,44,47],"ascension_level":0}