{"gold_per_floor":[118,68,44,119,143,143,158,158,233,246,171,171,181,196,196,291,291,309,324,324,334,85,85,85,101,170,202,382,401,401,421,421,518,518,537,547,598,598,128,128,148,163,232,232,232,250,250,264,264,264],"floor_reached":51,"playtime":2096,"items_purged":["Strike_B","Pain","Sweeping Beam"],"score":784,"play_id":"d91f2e7b-3ec9-4b7e-8cf2-a6fd33f209f6","local_time":"20190615173539","is_ascension_mode":false,"campfire_choices":[{"data":"Zap","floor":6.0,"key":"SMITH"},{"data":"Dualcast","floor":8.0,"key":"SMITH"},{"data":"Buffer","floor":12.0,"key":"SMITH"},{"data":"Coolheaded","floor":15,"key":"SMITH"},{"data":"Redo","floor":23,"key":"SMITH"},{"data":"Rainbow","floor":30,"key":"SMITH"},{"data":"Capacitor","floor":32,"key":"SMITH"},{"data":"Skim","floor":40,"key":"SMITH"},{"data":"Biased Cognition","floor":44,"key":"SMITH"},{"data":"Blizzard","floor":47,"key":"SMITH"},{"data":"Coolheaded","floor":49,"key":"SMITH"}],"neow_cost":"NONE","seed_source_timestamp":24543572758971,"circlet_count":0,"master_deck":["Zap+1","Dualcast+1","Buffer+1","Beam Cell","Coolheaded+1","Coolheaded+1","Rainbow+1","Turbo","Chill","Biased Cognition+1","Redo+1","Ball Lightning","Glacier","Compile Driver+1","Capacitor+1","Fission","Steam","Skim+1","Steam","Hologram","Blizzard+1","Fission","Double Energy+1","Consume+1"],"special_seed":0,"relics":["Cracked Core","Bag of Preparation","Bottled Lightning","Nuclear Battery","WarpedTongs","DataDisk","Ornamental Fan","Incense Burner","Pandora\u0027s Box","Bronze Scales","TheAbacus","The Courier","Dodecahedron"],"potions_floor_usage":[50,50],"damage_taken":[{"damage":7.0,"enemies":"Jaw Worm","floor":1.0,"turns":4.0},{"damage":0.0,"enemies":"Small Slimes","floor":7.0,"turns":3.0},{"damage":0.0,"enemies":"2 Louse","floor":10.0,"turns":2.0},{"damage":0.0,"enemies":"Red Slaver","floor":13.0,"turns":3.0},{"damage":3,"enemies":"Exordium Thugs","floor":14,"turns":5},{"damage":27,"enemies":"The Guardian","floor":16,"turns":16},{"damage":0,"enemies":"Spheric Guardian","floor":18,"turns":4},{"damage":0,"enemies":"3 Byrds","floor":19,"turns":4},{"damage":1,"enemies":"Snake Plant","floor":21,"turns":2},{"damage":0,"enemies":"Snecko","floor":25,"turns":3},{"damage":0,"enemies":"Book of Stabbing","floor":27,"turns":7},{"damage":0,"enemies":"Shelled Parasite and Fungi","floor":29,"turns":5},{"damage":0,"enemies":"Centurion and Healer","floor":31,"turns":8},{"damage":17,"enemies":"Collector","floor":33,"turns":12},{"damage":0,"enemies":"Orb Walker","floor":35,"turns":3},{"damage":0,"enemies":"3 Darklings","floor":36,"turns":2},{"damage":0,"enemies":"Maw","floor":41,"turns":5},{"damage":0,"enemies":"Sphere and 2 Shapes","floor":42,"turns":1},{"damage":0,"enemies":"Jaw Worm Horde","floor":46,"turns":1},{"damage":0,"enemies":"Spire Growth","floor":48,"turns":3},{"damage":0,"enemies":"Time Eater","floor":50,"turns":9}],"seed_played":"4682515057272608987","potions_obtained":[{"floor":1.0,"key":"Energy Potion"},{"floor":10.0,"key":"Poison Potion"},{"floor":14,"key":"SmokeBomb"},{"floor":25,"key":"FocusPotion"},{"floor":27,"key":"Block Potion"},{"floor":41,"key":"Swift Potion"}],"is_trial":false,"path_per_floor":["M","?","$","?","T","R","M","R","T","M","$","R","M","M","R","B",null,"M","M","?","M","$","R","T","M","T","E","?","M","R","M","R","B",null,"M","M","T","?","$","R","M","M","T","R","T","M","R","M","R","B",null],"character_chosen":"DEFECT","items_purchased":["Coolheaded","DataDisk","TheAbacus","Fission"],"campfire_rested":0,"item_purchase_floors":[3,22,39,39],"current_hp_per_floor":[68,68,68,57,57,57,57,57,57,57,57,57,57,54,54,27,75,75,75,75,74,74,74,74,74,74,74,53,53,53,53,53,36,75,75,75,75,75,75,75,75,75,75,75,75,75,75,75,75,75],"gold":264,"neow_bonus":"ONE_RANDOM_RARE_CARD","is_prod":false,"is_daily":false,"chose_seed":false,"campfire_upgraded":11,"win_rate":0,"timestamp":1560591339,"path_taken":["M","?","$","?","?","R","M","R","T","M","$","R","?","M","R","BOSS","M","M","?","?","$","R","?","M","T","E","?","M","R","M","R","BOSS","M","M","?","?","$","R","?","M","T","R","?","M","R","M","R","BOSS"],"build_version":"2019-01-23","purchased_purges":3,"victory":true,"max_hp_per_floor":[75,75,75,75,75,75,75,75,75,75,75,75,75,75,75,75,75,75,75,75,75,75,75,75,75,75,75,75,75,75,75,75,75,75,75,75,75,75,75,75,75,75,75,75,75,75,75,75,75,75],"card_choices":[{"not_picked":["Scrape","Reprogram"],"picked":"Beam Cell","floor":1.0},{"not_picked":["Lockon","Redo"],"picked":"Coolheaded","floor":7.0},{"not_picked":["Cold Snap","Sweeping Beam"],"picked":"Rainbow","floor":10.0},{"not_picked":["Barrage","Compile Driver"],"picked":"Turbo","floor":13.0},{"not_picked":["Force Field","Static Discharge"],"picked":"Chill","floor":14},{"not_picked":["Electrodynamics","Hyperbeam"],"picked":"Biased Cognition","floor":16},{"not_picked":["Rebound","Redo","Hologram"],"picked":"SKIP","floor":18},{"not_picked":["Rebound","Hologram"],"picked":"Redo","floor":18},{"not_picked":["Barrage","Coolheaded"],"picked":"Ball Lightning","floor":19},{"not_picked":["Streamline+1","Hello World+1"],"picked":"Glacier","floor":21},{"not_picked":["Compile Driver","Rebound","Reinforced Body"],"picked":"SKIP","floor":25},{"not_picked":["Cold Snap","Gash+1","Redo"],"picked":"SKIP","floor":27},{"not_picked":["Turbo","Stack"],"picked":"Compile Driver+1","floor":29},{"not_picked":["Chaos","All For One"],"picked":"Capacitor","floor":31},{"not_picked":["Machine Learning","Seek"],"picked":"Fission","floor":33},{"not_picked":["Reprogram+1","Conserve Battery+1","Steam Power+1"],"picked":"SKIP","floor":35},{"not_picked":["Stack+1","Cold Snap+1"],"picked":"Blizzard","floor":36},{"not_picked":["Compile Driver","Rebound"],"picked":"Double Energy+1","floor":41},{"not_picked":["Gash","Hello World+1"],"picked":"Consume+1","floor":42},{"not_picked":["Sweeping Beam+1","Beam Cell+1","Redo"],"picked":"SKIP","floor":46},{"not_picked":["Sweeping Beam+1","Beam Cell+1","Redo"],"picked":"SKIP","floor":46},{"not_picked":["Sweeping Beam+1","Beam Cell+1","Redo"],"picked":"SKIP","floor":46},{"not_picked":["Doom and Gloom+1","Barrage+1","Rebound"],"picked":"SKIP","floor":48}],"player_experience":5251465,"relics_obtained":[{"floor":5.0,"key":"Bag of Preparation"},{"floor":9.0,"key":"Bottled Lightning"},{"floor":26,"key":"Ornamental Fan"},{"floor":27,"key":"Incense Burner"},{"floor":37,"key":"Bronze Scales"},{"floor":43,"key":"The Courier"},{"floor":45,"key":"Dodecahedron"}],"event_choices":[{"cards_removed":["Strike_B"],"damage_healed":0.0,"max_hp_gain":0.0,"max_hp_loss":0.0,"gold_gain":0.0,"event_name":"The Cleric","player_choice":"Card Removal","floor":2.0,"gold_loss":50.0,"damage_taken":0.0},{"damage_healed":0.0,"max_hp_gain":0.0,"max_hp_loss":0.0,"gold_gain":75.0,"event_name":"World of Goop","player_choice":"Gather Gold","floor":4.0,"gold_loss":0.0,"damage_taken":11.0},{"damage_healed":0,"gold_gain":0,"player_choice":"Rummage","damage_taken":0,"relics_obtained":["WarpedTongs"],"max_hp_gain":0,"max_hp_loss":0,"event_name":"Accursed Blacksmith","floor":20,"gold_loss":0,"cards_obtained":["Pain"]},{"damage_healed":0,"gold_gain":180,"player_choice":"GOLD GOLD ","damage_taken":21,"max_hp_gain":0,"max_hp_loss":0,"event_name":"Knowing Skull","floor":28,"potions_obtained":[],"gold_loss":0,"cards_obtained":[]},{"cards_removed":["Scrape"],"damage_healed":0,"gold_gain":0,"player_choice":"Offered Uncommon","damage_taken":0,"max_hp_gain":0,"max_hp_loss":0,"event_name":"Bonfire Elementals","floor":38,"gold_loss":0}],"is_beta":false,"boss_relics":[{"not_picked":["Fusion Hammer","Velvet Choker"],"picked":"Nuclear Battery"},{"not_picked":["Tiny House","Empty Cage"],"picked":"Pandora\u0027s Box"}],"items_purged_floors":[11,22,39],"is_endless":false,"potions_floor_spawned":[1,10,14,16,21,25,27,41,42,46],"ascension_level":0}