{"gold_per_floor":[115,115,128,128,53,53,53,53,78,78,404,473,484,501,501,574,574,584,604,623,634,651,651,680,680,754,780,272,272,300,312,312,386,386,404,404,63,80,98,131,131,131,200,228,247,258,258,275,275,275,275,275,275,6,37,37],"floor_reached":57,"playtime":2173,"items_purged":["Strike_G","Strike_G","Defend_G"],"score":3094,"play_id":"758855d7-cebf-4956-bd81-53d2d1e0679e","local_time":"20190313191338","is_ascension_mode":true,"campfire_choices":[{"data":"Catalyst","floor":6.0,"key":"SMITH"},{"data":"Deadly Poison","floor":8.0,"key":"SMITH"},{"data":"Neutralize","floor":10.0,"key":"SMITH"},{"data":"Cloak And Dagger","floor":15.0,"key":"SMITH"},{"data":"Catalyst","floor":23.0,"key":"SMITH"},{"data":"Malaise","floor":25.0,"key":"SMITH"},{"data":"PiercingWail","floor":32.0,"key":"SMITH"},{"data":"Acrobatics","floor":41.0,"key":"SMITH"},{"data":"Burst","floor":47.0,"key":"SMITH"},{"floor":49.0,"key":"RECALL"},{"floor":53.0,"key":"DIG"}],"neow_cost":"NONE","seed_source_timestamp":10601521502906,"circlet_count":0,"master_deck":["AscendersBane","Defend_G","Defend_G","Defend_G","Defend_G","Survivor","Neutralize+1","Deadly Poison+1","Catalyst+1","Backflip+1","Cloak And Dagger+1","Caltrops+1","PiercingWail+1","Catalyst+1","Malaise+1","Catalyst+1","Burst+1","Tactician","Infinite Blades","Acrobatics+1","Backflip","Catalyst+1","Catalyst+1","Escape Plan"],"special_seed":0,"relics":["Ring of the Snake","NeowsBlessing","Vajra","Happy Flower","Old Coin","Kunai","Runic Pyramid","Dream Catcher","The Specimen","Strange Spoon","Lantern","Darkstone Periapt","Coffee Dripper","Bag of Marbles","Pantograph","The Courier","Shovel","Mummified Hand","Nunchaku"],"potions_floor_usage":[56],"damage_taken":[{"damage":0.0,"enemies":"2 Louse","floor":1.0,"turns":2.0},{"damage":0.0,"enemies":"Small Slimes","floor":3.0,"turns":1.0},{"damage":0.0,"enemies":"Gremlin Nob","floor":11.0,"turns":1.0},{"damage":0.0,"enemies":"Jaw Worm","floor":13.0,"turns":3.0},{"damage":12.0,"enemies":"Exordium Thugs","floor":14.0,"turns":6.0},{"damage":11.0,"enemies":"Hexaghost","floor":16.0,"turns":8.0},{"damage":0.0,"enemies":"Spheric Guardian","floor":18.0,"turns":7.0},{"damage":8.0,"enemies":"3 Byrds","floor":19.0,"turns":6.0},{"damage":5.0,"enemies":"Sentry and Sphere","floor":20.0,"turns":4.0},{"damage":15.0,"enemies":"Snake Plant","floor":21.0,"turns":5.0},{"damage":5.0,"enemies":"Centurion and Healer","floor":22.0,"turns":6.0},{"damage":8.0,"enemies":"Slavers","floor":24.0,"turns":7.0},{"damage":0.0,"enemies":"Book of Stabbing","floor":27.0,"turns":5.0},{"damage":0.0,"enemies":"Slavers","floor":30.0,"turns":4.0},{"damage":0.0,"enemies":"Cultist and Chosen","floor":31.0,"turns":4.0},{"damage":0.0,"enemies":"Automaton","floor":33.0,"turns":4.0},{"damage":0.0,"enemies":"3 Shapes","floor":35.0,"turns":4.0},{"damage":0.0,"enemies":"Orb Walker","floor":38.0,"turns":3.0},{"damage":0.0,"enemies":"Sphere and 2 Shapes","floor":39.0,"turns":5.0},{"damage":0.0,"enemies":"Giant Head","floor":40.0,"turns":3.0},{"damage":4.0,"enemies":"Nemesis","floor":44.0,"turns":5.0},{"damage":0.0,"enemies":"Writhing Mass","floor":45.0,"turns":4.0},{"damage":19.0,"enemies":"4 Shapes","floor":46.0,"turns":6.0},{"damage":5.0,"enemies":"3 Darklings","floor":48.0,"turns":6.0},{"damage":11.0,"enemies":"Awakened One","floor":50.0,"turns":4.0},{"damage":38.0,"enemies":"Donu and Deca","floor":51.0,"turns":9.0},{"damage":13.0,"enemies":"Shield and Spear","floor":55.0,"turns":4.0},{"damage":64,"enemies":"The Heart","floor":56,"turns":5}],"seed_played":"990286731640981668","potions_obtained":[{"floor":3.0,"key":"Block Potion"},{"floor":13.0,"key":"Fire Potion"},{"floor":16.0,"key":"LiquidBronze"},{"floor":18.0,"key":"GhostInAJar"},{"floor":22.0,"key":"Block Potion"},{"floor":27.0,"key":"Explosive Potion"},{"floor":31.0,"key":"Strength Potion"},{"floor":48.0,"key":"Dexterity Potion"}],"is_trial":false,"path_per_floor":["M","?","M","?","?","R","$","R","T","R","E","T","M","M","R","B",null,"M","M","M","M","M","R","E","R","T","E","$","?","E","M","R","B",null,"M","?","$","M","M","E","R","?","T","E","M","M","R","M","R","B","B",null,"R","$","E","B",null],"character_chosen":"THE_SILENT","items_purchased":["Strange Spoon","Lantern","Block Potion","Infinite Blades","Bag of Marbles","Escape Plan","Swift Potion","GamblersBrew"],"campfire_rested":0,"item_purchase_floors":[28,28,28,37,37,54,54,54],"current_hp_per_floor":[59,59,59,48,48,48,48,48,48,48,48,48,48,36,36,25,56,56,48,43,28,23,23,15,15,15,15,15,15,15,15,15,15,53,53,53,53,53,53,53,53,53,53,49,49,30,30,25,25,39,26,56,56,56,43,2],"gold":37,"neow_bonus":"THREE_ENEMY_KILL","is_prod":false,"is_daily":false,"chose_seed":false,"campfire_upgraded":9,"win_rate":0,"timestamp":1552475618,"path_taken":["M","?","M","?","?","R","$","R","T","R","E","?","M","M","R","BOSS","M","M","M","M","M","R","E","R","T","E","$","?","E","M","R","BOSS","M","?","$","M","?","E","R","?","T","E","M","?","R","M","R","BOSS","BOSS","R","$","E","BOSS"],"build_version":"2019-01-23","purchased_purges":3,"victory":true,"max_hp_per_floor":[66,66,66,66,66,66,66,66,66,66,66,66,66,66,66,66,66,66,66,66,66,66,66,66,66,66,66,66,66,66,66,66,66,66,66,66,66,66,66,66,66,66,66,66,66,66,66,66,66,66,66,66,66,66,66,66],"card_choices":[{"not_picked":["Flying Knee","Crippling Poison"],"picked":"Deadly Poison","floor":1.0},{"not_picked":["Outmaneuver","Bane"],"picked":"Backflip","floor":3.0},{"not_picked":["Endless Agony","Outmaneuver","Choke"],"picked":"SKIP","floor":11.0},{"not_picked":["PiercingWail","Flying Knee"],"picked":"Cloak And Dagger","floor":13.0},{"not_picked":["A Thousand Cuts","Acrobatics","Dagger Throw"],"picked":"SKIP","floor":14.0},{"not_picked":["Sucker Punch","Poisoned Stab","Deadly Poison"],"picked":"SKIP","floor":18.0},{"not_picked":["Reflex","Backstab","Poisoned Stab"],"picked":"SKIP","floor":19.0},{"not_picked":["Bane","Caltrops+1","Dodge and Roll"],"picked":"SKIP","floor":20.0},{"not_picked":["Bane","Dodge and Roll"],"picked":"Caltrops+1","floor":20.0},{"not_picked":["Finisher","Slice"],"picked":"PiercingWail","floor":21.0},{"not_picked":["Bane","Caltrops"],"picked":"Catalyst","floor":22.0},{"not_picked":["Blur","Poisoned Stab"],"picked":"Malaise","floor":24.0},{"not_picked":["Underhanded Strike","Quick Slash","Cloak And Dagger"],"picked":"SKIP","floor":27.0},{"not_picked":["Flying Knee","Cloak And Dagger"],"picked":"Catalyst+1","floor":30.0},{"not_picked":["Quick Slash","PiercingWail","Reflex"],"picked":"SKIP","floor":31.0},{"not_picked":["Tools of the Trade","Unload"],"picked":"Burst","floor":33.0},{"not_picked":["Acrobatics","Accuracy"],"picked":"Tactician","floor":35.0},{"not_picked":["Terror+1","All Out Attack"],"picked":"Acrobatics","floor":38.0},{"not_picked":["Prepared","Dash","All Out Attack"],"picked":"SKIP","floor":39.0},{"not_picked":["Masterful Stab","Dodge and Roll"],"picked":"Backflip","floor":40.0},{"not_picked":["Glass Knife","Dagger Throw+1","Underhanded Strike"],"picked":"SKIP","floor":44.0},{"not_picked":["Dagger Spray+1","Accuracy"],"picked":"Catalyst+1","floor":45.0},{"not_picked":["Underhanded Strike","Predator","Prepared+1"],"picked":"SKIP","floor":46.0},{"not_picked":["Dagger Throw","Cloak And Dagger","Distraction"],"picked":"SKIP","floor":48.0},{"not_picked":["Doppelganger","Underhanded Strike+1","Footwork"],"picked":"SKIP","floor":55.0}],"player_experience":3550185,"relics_obtained":[{"floor":9.0,"key":"Happy Flower"},{"floor":11.0,"key":"Old Coin"},{"floor":12.0,"key":"Kunai"},{"floor":24.0,"key":"Dream Catcher"},{"floor":27.0,"key":"The Specimen"},{"floor":30.0,"key":"Darkstone Periapt"},{"floor":40.0,"key":"Pantograph"},{"floor":43.0,"key":"The Courier"},{"floor":44.0,"key":"Shovel"},{"floor":53.0,"key":"Mummified Hand"},{"floor":55.0,"key":"Nunchaku"}],"event_choices":[{"damage_healed":0.0,"max_hp_gain":0.0,"max_hp_loss":0.0,"gold_gain":0.0,"cards_transformed":["Strike_G"],"event_name":"Living Wall","player_choice":"Change","floor":2.0,"gold_loss":0.0,"damage_taken":0.0,"cards_obtained":["Catalyst"]},{"damage_healed":0.0,"max_hp_gain":0.0,"max_hp_loss":0.0,"gold_gain":0.0,"event_name":"Scrap Ooze","player_choice":"Success","floor":4.0,"gold_loss":0.0,"damage_taken":11.0,"relics_obtained":["Vajra"]},{"cards_removed":["Strike_G"],"damage_healed":0.0,"max_hp_gain":0.0,"max_hp_loss":0.0,"gold_gain":0.0,"event_name":"The Cleric","player_choice":"Card Removal","floor":5.0,"gold_loss":75.0,"damage_taken":0.0},{"damage_healed":0.0,"max_hp_gain":0.0,"max_hp_loss":0.0,"gold_gain":0.0,"event_name":"Accursed Blacksmith","player_choice":"Forge","floor":29.0,"gold_loss":0.0,"damage_taken":0.0,"cards_upgraded":["Backflip"]},{"cards_removed":["Strike_G"],"damage_healed":0.0,"max_hp_gain":0.0,"max_hp_loss":0.0,"gold_gain":0.0,"event_name":"Wheel of Change","player_choice":"Card Removal","floor":36.0,"gold_loss":0.0,"damage_taken":0.0},{"damage_healed":0.0,"max_hp_gain":0.0,"max_hp_loss":0.0,"gold_gain":0.0,"event_name":"Duplicator","player_choice":"Copied","floor":42.0,"gold_loss":0.0,"damage_taken":0.0,"cards_obtained":["Catalyst"]}],"is_beta":false,"boss_relics":[{"not_picked":["Eternal Feather","Snecko Eye"],"picked":"Runic Pyramid"},{"not_picked":["Tiny House","Orrery"],"picked":"Coffee Dripper"}],"items_purged_floors":[28,37,54],"is_endless":false,"potions_floor_spawned":[3,13,16,18,22,27,31,39,45,48],"ascension_level":20}