{"gold_per_floor":[114,129,144,419,432,432,460,219,244,244,68,81,81,117,117,117],"floor_reached":16,"playtime":364,"items_purged":["Regret","Bash"],"score":220,"play_id":"090990f0-7989-4ee6-b613-dd3651c35f39","local_time":"20190531121812","is_ascension_mode":true,"campfire_choices":[{"data":"Uppercut","floor":6,"key":"SMITH"},{"data":"Demon Form","floor":10,"key":"SMITH"},{"data":"Rampage","floor":15,"key":"SMITH"}],"neow_cost":"NONE","seed_source_timestamp":92164267087429,"circlet_count":0,"master_deck":["AscendersBane","Strike_R","Strike_R","Strike_R","Strike_R","Strike_R","Defend_R","Defend_R","Defend_R","Defend_R","Evolve","Fiend Fire","Uppercut+1","Ghostly Armor","Demon Form+1","Rampage+1","Shrug It Off","Dark Embrace"],"relics":["Burning Blood","NeowsBlessing","Lantern","Omamori","Golden Idol","Happy Flower"],"potions_floor_usage":[14,16],"damage_taken":[{"damage":0,"enemies":"Small Slimes","floor":1,"turns":1},{"damage":0,"enemies":"Cultist","floor":2,"turns":1},{"damage":0,"enemies":"Jaw Worm","floor":3,"turns":1},{"damage":6,"enemies":"Looter","floor":5,"turns":2},{"damage":40,"enemies":"3 Sentries","floor":7,"turns":7},{"damage":14,"enemies":"Lots of Slimes","floor":12,"turns":6},{"damage":6,"enemies":"Gremlin Nob","floor":14,"turns":4},{"damage":0,"enemies":"Hexaghost","floor":16,"turns":2}],"seed_played":"-1317103659753466933","potions_obtained":[{"floor":1,"key":"SpeedPotion"},{"floor":3,"key":"SkillPotion"}],"is_trial":false,"path_per_floor":["M","M","M","?","M","R","E","$","T","R","$","M","?","E","R","B"],"character_chosen":"IRONCLAD","items_purchased":["Demon Form","Rampage"],"campfire_rested":0,"item_purchase_floors":[8,11],"current_hp_per_floor":[74,75,75,75,75,75,41,41,41,41,41,33,7,7,7,7],"gold":117,"neow_bonus":"THREE_ENEMY_KILL","is_prod":false,"is_daily":false,"chose_seed":false,"campfire_upgraded":3,"win_rate":0,"timestamp":1559276292,"path_taken":["M","M","M","?","M","R","E","$","T","R","?","M","?","E","R","BOSS"],"build_version":"2019-01-23","purchased_purges":2,"victory":false,"max_hp_per_floor":[75,75,75,75,75,75,75,75,75,75,75,75,75,75,75,75],"card_choices":[{"not_picked":["Shrug It Off","Heavy Blade"],"picked":"Evolve","floor":1},{"not_picked":["Heavy Blade","Anger","Thunderclap"],"picked":"SKIP","floor":2},{"not_picked":["Twin Strike","Warcry"],"picked":"Fiend Fire","floor":3},{"not_picked":["Body Slam","Twin Strike"],"picked":"Uppercut","floor":5},{"not_picked":["Bloodletting","Havoc","Ghostly Armor"],"picked":"SKIP","floor":7},{"not_picked":["Bloodletting","Havoc"],"picked":"Ghostly Armor","floor":7},{"not_picked":["Sword Boomerang","Havoc"],"picked":"Shrug It Off","floor":12},{"not_picked":["Barricade","Perfected Strike"],"picked":"Dark Embrace","floor":14}],"player_experience":4943411,"relics_obtained":[{"floor":7,"key":"Lantern"},{"floor":9,"key":"Omamori"},{"floor":14,"key":"Happy Flower"}],"event_choices":[{"damage_healed":0,"gold_gain":275,"player_choice":"Desecrate","damage_taken":0,"max_hp_gain":0,"max_hp_loss":0,"event_name":"Golden Shrine","floor":4,"gold_loss":0,"cards_obtained":["Regret"]},{"damage_healed":0,"gold_gain":0,"player_choice":"Take Damage","damage_taken":26,"relics_obtained":["Golden Idol"],"max_hp_gain":0,"max_hp_loss":0,"event_name":"Golden Idol","floor":13,"gold_loss":0}],"is_beta":false,"boss_relics":[],"items_purged_floors":[8,11],"is_endless":false,"potions_floor_spawned":[1,3,12],"killed_by":"Hexaghost","ascension_level":20}