{"gold_per_floor":[115,390,130,148,148,174,174,99,124,149,149,168,68,68,68,68],"floor_reached":16,"playtime":283,"items_purged":["Regret","Strike_B"],"score":262,"play_id":"86b8ba7a-8d51-4985-828c-8de6bfc808aa","local_time":"20181119143452","is_ascension_mode":true,"campfire_choices":[{"data":"Sunder","floor":7,"key":"SMITH"},{"data":"Hologram","floor":11,"key":"SMITH"},{"data":"Zap","floor":15,"key":"SMITH"}],"neow_cost":"NONE","seed_source_timestamp":1654979563247186,"circlet_count":0,"master_deck":["AscendersBane","Strike_B","Strike_B","Defend_B","Defend_B","Defend_B","Defend_B","Zap+1","Dualcast","Hologram+1","Conserve Battery","Coolheaded","Sunder+1"],"relics":["Cracked Core","NeowsBlessing","PreservedInsect","Omamori","Blue Candle","Oddly Smooth Stone","StoneCalendar","Meat on the Bone"],"potions_floor_usage":[16,16],"damage_taken":[{"damage":0,"enemies":"Cultist","floor":1,"turns":1},{"damage":0,"enemies":"Small Slimes","floor":4,"turns":1},{"damage":0,"enemies":"3 Sentries","floor":6,"turns":1},{"damage":18,"enemies":"Lagavulin","floor":10,"turns":5},{"damage":1,"enemies":"2 Louse","floor":12,"turns":3},{"damage":17,"enemies":"Hexaghost","floor":16,"turns":7}],"seed_played":"6871881361809982820","potions_obtained":[{"floor":1,"key":"Swift Potion"},{"floor":12,"key":"SkillPotion"}],"is_trial":false,"path_per_floor":["M","?","$","M","?","E","R","?","T","E","R","M","$","T","R","B"],"character_chosen":"DEFECT","items_purchased":["PreservedInsect","Conserve Battery"],"campfire_rested":0,"item_purchase_floors":[3,3],"current_hp_per_floor":[64,64,64,64,29,29,29,29,29,11,11,10,10,10,10,0],"gold":68,"neow_bonus":"THREE_ENEMY_KILL","is_prod":false,"is_daily":false,"chose_seed":false,"campfire_upgraded":3,"win_rate":0,"timestamp":1542609292,"path_taken":["M","?","$","?","?","E","R","?","T","E","R","M","?","?","R","BOSS"],"build_version":"2018-11-15","purchased_purges":2,"victory":false,"max_hp_per_floor":[71,71,71,71,71,71,71,71,71,71,71,71,71,71,71,71],"card_choices":[{"not_picked":["Rip and Tear","Reprogram"],"picked":"Hologram","floor":1},{"not_picked":["Stack","Sweeping Beam"],"picked":"Coolheaded","floor":4},{"not_picked":["Cold Snap","Storm"],"picked":"Sunder","floor":6},{"not_picked":["Tempest","Barrage","Go for the Eyes"],"picked":"SKIP","floor":10},{"not_picked":["Go for the Eyes","Stack","Cold Snap"],"picked":"SKIP","floor":12}],"player_experience":548070,"relics_obtained":[{"floor":6,"key":"Blue Candle"},{"floor":9,"key":"Oddly Smooth Stone"},{"floor":10,"key":"StoneCalendar"},{"floor":14,"key":"Meat on the Bone"}],"event_choices":[{"damage_healed":0,"gold_gain":275,"player_choice":"Desecrate","damage_taken":0,"max_hp_gain":0,"max_hp_loss":0,"event_name":"Golden Shrine","floor":2,"gold_loss":0,"cards_obtained":["Regret"]},{"damage_healed":0,"gold_gain":0,"player_choice":"Success","damage_taken":35,"relics_obtained":["Omamori"],"max_hp_gain":0,"max_hp_loss":0,"event_name":"Scrap Ooze","floor":5,"gold_loss":0},{"cards_removed":["Strike_B"],"damage_healed":0,"gold_gain":0,"player_choice":"Card Removal","damage_taken":0,"max_hp_gain":0,"max_hp_loss":0,"event_name":"The Cleric","floor":8,"gold_loss":75}],"is_beta":true,"boss_relics":[],"items_purged_floors":[3,13],"is_endless":false,"potions_floor_spawned":[1,12],"killed_by":"Hexaghost","ascension_level":20}