{"gold_per_floor":[118,138,158,29,29,29,104,132,132,54,69,69,69,88,88,161,161,171,171,188,188,208,208,240,240,240,52,52,52,80,93,93,171,171,187,233,68,68,79,79,109,109,133,23,23,41,41,76,76,76,76,76,76,26,59,59],"floor_reached":57,"playtime":3194,"items_purged":["Strike_G","Strike_G","Strike_G"],"score":2963,"play_id":"5fff0959-487e-4f3c-b2cc-339c2e308f45","local_time":"20190214225016","is_ascension_mode":true,"campfire_choices":[{"data":"Deadly Poison","floor":6.0,"key":"SMITH"},{"data":"Well Laid Plans","floor":12.0,"key":"SMITH"},{"data":"Corpse Explosion","floor":15.0,"key":"SMITH"},{"data":"Neutralize","floor":23.0,"key":"SMITH"},{"data":"Ghostly","floor":25.0,"key":"SMITH"},{"data":"Catalyst","floor":28.0,"key":"SMITH"},{"data":"Wraith Form v2","floor":32.0,"key":"SMITH"},{"data":"Catalyst","floor":40.0,"key":"SMITH"},{"data":"Wraith Form v2","floor":42.0,"key":"SMITH"},{"data":"Ghostly","floor":47.0,"key":"SMITH"},{"floor":49.0,"key":"RECALL"},{"data":"Ghostly","floor":53.0,"key":"SMITH"}],"neow_cost":"TEN_PERCENT_HP_LOSS","seed_source_timestamp":46645181056417,"circlet_count":0,"master_deck":["AscendersBane","Defend_G","Defend_G+1","Defend_G","Defend_G","Defend_G","Strike_G","Survivor","Neutralize+1","Corpse Explosion+1","Deadly Poison+1","Footwork","Well Laid Plans+1","Malaise","Footwork","Ghostly+1","Ghostly+1","Ghostly+1","Catalyst+1","Wraith Form v2+1","Wraith Form v2+1","Catalyst+1","Backflip+1"],"special_seed":0,"relics":["Ring of the Snake","Nunchaku","Runic Pyramid","Ancient Tea Set","Question Card","Bronze Scales","Runic Dome","Ice Cream","Orichalcum","Bottled Lightning","Strawberry","Smiling Mask","Oddly Smooth Stone"],"potions_floor_usage":[56],"damage_taken":[{"damage":1.0,"enemies":"Small Slimes","floor":1.0,"turns":5.0},{"damage":9.0,"enemies":"Jaw Worm","floor":2.0,"turns":4.0},{"damage":1.0,"enemies":"2 Louse","floor":3.0,"turns":2.0},{"damage":8.0,"enemies":"Lagavulin","floor":8.0,"turns":6.0},{"damage":0.0,"enemies":"2 Fungi Beasts","floor":11.0,"turns":3.0},{"damage":0.0,"enemies":"Looter","floor":14.0,"turns":5.0},{"damage":25.0,"enemies":"Slime Boss","floor":16.0,"turns":10.0},{"damage":5.0,"enemies":"Shell Parasite","floor":18.0,"turns":8.0},{"damage":2.0,"enemies":"Spheric Guardian","floor":20.0,"turns":4.0},{"damage":0.0,"enemies":"Centurion and Healer","floor":22.0,"turns":7.0},{"damage":5.0,"enemies":"Gremlin Leader","floor":24.0,"turns":9.0},{"damage":3.0,"enemies":"Slavers","floor":30.0,"turns":4.0},{"damage":0.0,"enemies":"Snecko","floor":31.0,"turns":3.0},{"damage":10.0,"enemies":"Automaton","floor":33.0,"turns":16.0},{"damage":0.0,"enemies":"Orb Walker","floor":35.0,"turns":3.0},{"damage":9.0,"enemies":"2 Orb Walkers","floor":36.0,"turns":6.0},{"damage":0.0,"enemies":"3 Shapes","floor":39.0,"turns":3.0},{"damage":0.0,"enemies":"Nemesis","floor":41.0,"turns":7.0},{"damage":0.0,"enemies":"Writhing Mass","floor":46.0,"turns":3.0},{"damage":0.0,"enemies":"Giant Head","floor":48.0,"turns":10.0},{"damage":0.0,"enemies":"Donu and Deca","floor":50.0,"turns":6.0},{"damage":0.0,"enemies":"Awakened One","floor":51.0,"turns":21.0},{"damage":2,"enemies":"Shield and Spear","floor":55,"turns":7},{"damage":21,"enemies":"The Heart","floor":56,"turns":8}],"seed_played":"5996558887213116620","potions_obtained":[{"floor":2.0,"key":"LiquidBronze"},{"floor":11.0,"key":"Swift Potion"},{"floor":14.0,"key":"SkillPotion"},{"floor":20.0,"key":"FearPotion"},{"floor":30.0,"key":"AttackPotion"},{"floor":41.0,"key":"PowerPotion"}],"is_trial":false,"path_per_floor":["M","M","M","$","?","R","?","E","T","$","M","R","?","M","R","B",null,"M","?","M","?","M","R","E","R","T","$","R","?","E","M","R","B",null,"M","?","$","?","M","R","E","R","T","?","$","M","R","E","R","B","B",null,"R","$","E","B",null],"character_chosen":"THE_SILENT","items_purchased":["SkillPotion","Well Laid Plans","Catalyst","Orichalcum"],"campfire_rested":0,"item_purchase_floors":[4,10,27,37],"current_hp_per_floor":[58,49,48,48,48,48,37,29,29,29,29,29,29,29,29,4,46,41,25,23,23,23,23,18,18,18,18,18,18,15,15,15,5,25,25,16,16,32,32,32,32,32,39,39,39,39,39,39,39,39,39,39,39,39,37,16],"gold":59,"neow_bonus":"THREE_RARE_CARDS","is_prod":false,"is_daily":false,"chose_seed":false,"campfire_upgraded":11,"win_rate":0,"timestamp":1550155816,"path_taken":["M","M","M","$","?","R","?","E","T","?","M","R","?","M","R","BOSS","M","?","M","?","M","R","E","R","T","$","R","?","E","M","R","BOSS","M","?","$","?","?","R","E","R","T","?","?","M","R","E","R","BOSS","BOSS","R","$","E","BOSS"],"build_version":"2019-01-23","purchased_purges":3,"victory":true,"max_hp_per_floor":[60,60,60,60,60,60,60,60,60,60,60,60,60,60,60,60,60,60,65,65,32,32,32,32,32,32,32,32,32,32,32,32,32,32,32,32,32,32,32,32,32,32,39,39,39,39,39,39,39,39,39,39,39,39,39,39],"card_choices":[{"not_picked":["Envenom","Die Die Die"],"picked":"Corpse Explosion","floor":0.0},{"not_picked":["Sucker Punch","PiercingWail"],"picked":"Deadly Poison","floor":1.0},{"not_picked":["Prepared","Distraction","Dodge and Roll"],"picked":"SKIP","floor":2.0},{"not_picked":["Dagger Throw","Quick Slash","Dodge and Roll"],"picked":"SKIP","floor":3.0},{"not_picked":["Choke","Eviscerate"],"picked":"Footwork","floor":8.0},{"not_picked":["Quick Slash","Concentrate","Masterful Stab"],"picked":"SKIP","floor":11.0},{"not_picked":["Flechettes","Finisher","Heel Hook"],"picked":"SKIP","floor":14.0},{"not_picked":["Adrenaline","Tools of the Trade"],"picked":"Malaise","floor":16.0},{"not_picked":["Quick Slash","Blade Dance","Underhanded Strike"],"picked":"SKIP","floor":18.0},{"not_picked":["PiercingWail","Blade Dance"],"picked":"Footwork","floor":20.0},{"not_picked":["Outmaneuver","Distraction+1"],"picked":"Leg Sweep","floor":22.0},{"not_picked":["Outmaneuver","Dagger Throw","Flechettes"],"picked":"SKIP","floor":24.0},{"not_picked":["Dagger Throw","Deflect","Blur"],"picked":"Wraith Form v2","floor":30.0},{"not_picked":["Choke","Flechettes","Blur","Bouncing Flask"],"picked":"SKIP","floor":31.0},{"not_picked":["Phantasmal Killer","Glass Knife","Corpse Explosion"],"picked":"Wraith Form v2","floor":33.0},{"not_picked":["Dash","Setup","Dagger Spray+1","Cloak And Dagger"],"picked":"SKIP","floor":35.0},{"not_picked":["Choke","Prepared","Slice"],"picked":"Catalyst","floor":36.0},{"not_picked":["Concentrate","Masterful Stab","Crippling Poison"],"picked":"Backflip+1","floor":39.0},{"not_picked":["Backstab","Underhanded Strike+1","Dagger Throw","Blade Dance+1"],"picked":"SKIP","floor":41.0},{"not_picked":["Tactician+1","Slice","Grand Finale","Deflect"],"picked":"SKIP","floor":46.0},{"not_picked":["Blade Dance","PiercingWail","Endless Agony","Expertise+1"],"picked":"SKIP","floor":48.0},{"not_picked":["Skewer","Outmaneuver","Endless Agony","Underhanded Strike"],"picked":"SKIP","floor":55}],"player_experience":2744545,"relics_obtained":[{"floor":8.0,"key":"Nunchaku"},{"floor":24.0,"key":"Ancient Tea Set"},{"floor":26.0,"key":"Question Card"},{"floor":30.0,"key":"Bronze Scales"},{"floor":36.0,"key":"Ice Cream"},{"floor":41.0,"key":"Bottled Lightning"},{"floor":43.0,"key":"Strawberry"},{"floor":48.0,"key":"Smiling Mask"},{"floor":55,"key":"Oddly Smooth Stone"}],"event_choices":[{"damage_healed":0.0,"max_hp_gain":0.0,"max_hp_loss":0.0,"gold_gain":0.0,"event_name":"The Cleric","player_choice":"Leave","floor":5.0,"gold_loss":0.0,"damage_taken":0.0},{"damage_healed":0.0,"max_hp_gain":0.0,"max_hp_loss":0.0,"gold_gain":75.0,"event_name":"World of Goop","player_choice":"Gather Gold","floor":7.0,"gold_loss":0.0,"damage_taken":11.0},{"damage_healed":0.0,"max_hp_gain":0.0,"max_hp_loss":0.0,"gold_gain":0.0,"event_name":"Scrap Ooze","player_choice":"Fled","floor":13.0,"gold_loss":0.0,"damage_taken":0.0},{"damage_healed":0.0,"max_hp_gain":5.0,"max_hp_loss":0.0,"gold_gain":0.0,"event_name":"Forgotten Altar","player_choice":"Shed Blood","floor":19.0,"gold_loss":0.0,"damage_taken":21.0},{"damage_healed":0.0,"max_hp_gain":0.0,"max_hp_loss":33.0,"gold_gain":0.0,"event_name":"Ghosts","player_choice":"Became a Ghost","floor":21.0,"gold_loss":0.0,"damage_taken":0.0,"cards_obtained":["Ghostly","Ghostly","Ghostly"]},{"damage_healed":0.0,"max_hp_gain":0.0,"max_hp_loss":0.0,"gold_gain":0.0,"event_name":"Mysterious Sphere","player_choice":"Fight","floor":36.0,"gold_loss":0.0,"damage_taken":0.0},{"cards_removed":["Leg Sweep"],"damage_healed":16.0,"max_hp_gain":0.0,"max_hp_loss":0.0,"gold_gain":0.0,"event_name":"Bonfire Elementals","player_choice":"Offered Uncommon","floor":38.0,"gold_loss":0.0,"damage_taken":0.0},{"cards_removed":["Strike_G"],"damage_healed":0.0,"max_hp_gain":0.0,"max_hp_loss":0.0,"gold_gain":0.0,"event_name":"Designer","player_choice":"Upgrade and Remove","floor":44.0,"gold_loss":110.0,"damage_taken":0.0,"cards_upgraded":["Defend_G"]}],"is_beta":false,"boss_relics":[{"not_picked":["Astrolabe","Orrery"],"picked":"Runic Pyramid"},{"not_picked":["Philosopher\u0027s Stone","Black Star"],"picked":"Runic Dome"}],"items_purged_floors":[4,27,54],"is_endless":false,"potions_floor_spawned":[2,11,14,20,30,41,48],"ascension_level":20}