{"gold_per_floor":[112,62,37,50,62,62,62,82,82,82,103,123,123,146,146,272,272,286,306,306,57,81,116,135,11,64,89,89,65,65,99,99,222,222,247,247,263,263,163,201,201,237,237,278,31,31,55,91,91,91,91,91,91,125,125],"floor_reached":56,"playtime":2717,"items_purged":["Strike_G","Strike_G"],"score":1948,"play_id":"f160bfd8-5110-406c-a101-ec0990c214b8","local_time":"20190312211626","is_ascension_mode":true,"campfire_choices":[{"data":"A Thousand Cuts","floor":6.0,"key":"SMITH"},{"data":"Acrobatics","floor":10.0,"key":"SMITH"},{"data":"Reflex","floor":13.0,"key":"SMITH"},{"data":"Prepared","floor":15.0,"key":"SMITH"},{"data":"Grand Finale","floor":28.0,"key":"SMITH"},{"data":"Backflip","floor":30.0,"key":"SMITH"},{"data":"Footwork","floor":32.0,"key":"SMITH"},{"floor":46.0,"key":"RECALL"},{"floor":49.0,"key":"REST"},{"floor":52.0,"key":"REST"}],"neow_cost":"CURSE","seed_source_timestamp":85850877498886,"circlet_count":0,"master_deck":["Defend_G+1","Defend_G+1","Defend_G+1","Defend_G+1","Defend_G+1","Strike_G+1","Survivor+1","Neutralize+1","Well Laid Plans+1","A Thousand Cuts+1","Acrobatics+1","Well Laid Plans+1","Reflex+1","Prepared+1","Grand Finale+1","Terror+1","Backflip+1","Footwork+1","PiercingWail+1","Footwork+1","Footwork+1"],"special_seed":0,"relics":["Ring of the Snake","Golden Idol","Pear","Runic Pyramid","Sundial","Bird Faced Urn","Oddly Smooth Stone","Centennial Puzzle","Sozu","StoneCalendar","Mark of the Bloom","Lantern","Whetstone","Mummified Hand","Bag of Preparation","Letter Opener"],"potions_floor_usage":[55],"damage_taken":[{"damage":4.0,"enemies":"Jaw Worm","floor":1.0,"turns":4.0},{"damage":5.0,"enemies":"Small Slimes","floor":4.0,"turns":5.0},{"damage":0.0,"enemies":"2 Louse","floor":5.0,"turns":5.0},{"damage":1.0,"enemies":"Exordium Thugs","floor":8.0,"turns":3.0},{"damage":20.0,"enemies":"Gremlin Gang","floor":11.0,"turns":4.0},{"damage":4.0,"enemies":"3 Louse","floor":12.0,"turns":4.0},{"damage":15.0,"enemies":"2 Fungi Beasts","floor":14.0,"turns":3.0},{"damage":15.0,"enemies":"Slime Boss","floor":16.0,"turns":9.0},{"damage":0.0,"enemies":"3 Byrds","floor":18.0,"turns":2.0},{"damage":8.0,"enemies":"Shell Parasite","floor":19.0,"turns":4.0},{"damage":0.0,"enemies":"3 Cultists","floor":22.0,"turns":3.0},{"damage":33.0,"enemies":"Slavers","floor":23.0,"turns":3.0},{"damage":6.0,"enemies":"Sentry and Sphere","floor":24.0,"turns":3.0},{"damage":0.0,"enemies":"Cultist and Chosen","floor":27.0,"turns":2.0},{"damage":1.0,"enemies":"Gremlin Leader","floor":31.0,"turns":4.0},{"damage":0.0,"enemies":"Collector","floor":33.0,"turns":6.0},{"damage":0.0,"enemies":"Orb Walker","floor":35.0,"turns":5.0},{"damage":17.0,"enemies":"3 Darklings","floor":37.0,"turns":3.0},{"damage":4.0,"enemies":"Reptomancer","floor":40.0,"turns":6.0},{"damage":0.0,"enemies":"Giant Head","floor":42.0,"turns":5.0},{"damage":0.0,"enemies":"Reptomancer","floor":44.0,"turns":5.0},{"damage":0.0,"enemies":"Sphere and 2 Shapes","floor":47.0,"turns":3.0},{"damage":0.0,"enemies":"Nemesis","floor":48.0,"turns":7.0},{"damage":0.0,"enemies":"Donu and Deca","floor":50.0,"turns":3.0},{"damage":0.0,"enemies":"Shield and Spear","floor":54.0,"turns":3.0},{"damage":28,"enemies":"The Heart","floor":55,"turns":8}],"seed_played":"-3124327153857823858","potions_obtained":[{"floor":4.0,"key":"SkillPotion"},{"floor":5.0,"key":"Weak Potion"},{"floor":12.0,"key":"SkillPotion"}],"is_trial":false,"path_per_floor":["M","?","$","M","M","R","?","M","T","R","M","M","R","M","R","B",null,"M","M","?","$","M","E","M","$","T","M","R","$","R","E","R","B",null,"M","?","M","?","$","E","?","E","T","E","$","R","M","E","R","B",null,"R","$","E","B",null],"character_chosen":"THE_SILENT","items_purchased":["Acrobatics","Sundial","SkillPotion","PiercingWail","Mummified Hand"],"campfire_rested":2,"item_purchase_floors":[3,21,25,29,45],"current_hp_per_floor":[59,59,59,54,54,54,54,53,63,63,43,39,39,24,24,9,59,59,51,51,51,51,18,16,16,16,22,22,22,22,29,29,39,66,74,74,58,58,58,66,66,66,66,66,66,66,66,66,66,66,66,66,66,66,38],"gold":125,"neow_bonus":"TRANSFORM_TWO_CARDS","is_prod":false,"is_daily":false,"chose_seed":false,"campfire_upgraded":7,"win_rate":0,"timestamp":1552392986,"path_taken":["M","?","$","M","M","R","?","M","T","R","M","M","R","M","R","BOSS","M","M","?","?","?","E","M","$","T","M","R","$","R","E","R","BOSS","M","?","M","?","$","E","?","E","T","E","$","R","M","E","R","BOSS","R","$","E","BOSS"],"build_version":"2019-01-23","purchased_purges":2,"victory":true,"max_hp_per_floor":[70,70,70,70,70,70,65,65,75,75,75,75,75,75,75,75,75,75,75,75,75,75,75,75,75,75,75,75,75,75,75,75,75,75,75,75,75,75,75,75,75,75,75,75,75,75,75,75,75,75,75,75,75,75,75],"card_choices":[{"not_picked":["Outmaneuver","Skewer","Sucker Punch"],"picked":"SKIP","floor":1.0},{"not_picked":["Underhanded Strike","Flying Knee","Flechettes"],"picked":"SKIP","floor":4.0},{"not_picked":["Blur","Deflect"],"picked":"Masterful Stab","floor":5.0},{"not_picked":["Dagger Throw","Blur"],"picked":"Well Laid Plans","floor":8.0},{"not_picked":["Choke","Bane","Outmaneuver"],"picked":"SKIP","floor":11.0},{"not_picked":["Backflip","Poisoned Stab"],"picked":"Reflex","floor":12.0},{"not_picked":["Poisoned Stab","Outmaneuver"],"picked":"Prepared","floor":14.0},{"not_picked":["Envenom","Malaise"],"picked":"Grand Finale","floor":16.0},{"not_picked":["Quick Slash+1","Deflect","PiercingWail"],"picked":"SKIP","floor":18.0},{"not_picked":["Deflect","Blade Dance"],"picked":"Terror+1","floor":19.0},{"not_picked":["Poisoned Stab","Dodge and Roll","Acrobatics"],"picked":"SKIP","floor":22.0},{"not_picked":["Cloak And Dagger","Bouncing Flask"],"picked":"Backflip","floor":23.0},{"not_picked":["Doppelganger","Dodge and Roll+1"],"picked":"Footwork+1","floor":24.0},{"not_picked":["Crippling Poison+1","Bane","Backflip+1"],"picked":"SKIP","floor":27.0},{"not_picked":["Finisher","Dagger Spray"],"picked":"Footwork","floor":31.0},{"not_picked":["Backflip","Leg Sweep"],"picked":"Footwork+1","floor":35.0},{"not_picked":["Backstab","Outmaneuver+1","Deflect+1"],"picked":"SKIP","floor":37.0},{"not_picked":["Slice","Outmaneuver+1","Bane+1"],"picked":"SKIP","floor":40.0},{"not_picked":["Caltrops","Cloak And Dagger","Die Die Die"],"picked":"SKIP","floor":42.0},{"not_picked":["Heel Hook+1","Infinite Blades+1","Dagger Throw+1"],"picked":"SKIP","floor":44.0},{"not_picked":["Dagger Throw+1","Backflip+1","Dagger Spray"],"picked":"SKIP","floor":47.0},{"not_picked":["Deflect+1","Blade Dance","Deadly Poison"],"picked":"SKIP","floor":48.0},{"not_picked":["Underhanded Strike+1","Blade Dance+1","Slice"],"picked":"SKIP","floor":54.0}],"player_experience":66455,"relics_obtained":[{"floor":9.0,"key":"Pear"},{"floor":23.0,"key":"Bird Faced Urn"},{"floor":26.0,"key":"Oddly Smooth Stone"},{"floor":31.0,"key":"Centennial Puzzle"},{"floor":40.0,"key":"StoneCalendar"},{"floor":42.0,"key":"Lantern"},{"floor":44.0,"key":"Whetstone"},{"floor":48.0,"key":"Bag of Preparation"},{"floor":54.0,"key":"Letter Opener"}],"event_choices":[{"cards_removed":["Shame"],"damage_healed":0.0,"max_hp_gain":0.0,"max_hp_loss":0.0,"gold_gain":0.0,"event_name":"The Cleric","player_choice":"Card Removal","floor":2.0,"gold_loss":50.0,"damage_taken":0.0},{"damage_healed":0.0,"max_hp_gain":0.0,"max_hp_loss":5.0,"gold_gain":0.0,"event_name":"Golden Idol","player_choice":"Lose Max HP","floor":7.0,"gold_loss":0.0,"damage_taken":0.0,"relics_obtained":["Golden Idol"]},{"damage_healed":0.0,"max_hp_gain":0.0,"max_hp_loss":0.0,"gold_gain":0.0,"event_name":"Vampires","player_choice":"Ignored","floor":20.0,"gold_loss":0.0,"damage_taken":0.0},{"damage_healed":0.0,"max_hp_gain":0.0,"max_hp_loss":0.0,"gold_gain":0.0,"event_name":"Tomb of Lord Red Mask","player_choice":"Ignored","floor":36.0,"gold_loss":0.0,"damage_taken":0.0},{"cards_removed":["Masterful Stab"],"damage_healed":0.0,"max_hp_gain":0.0,"max_hp_loss":0.0,"gold_gain":0.0,"event_name":"Falling","player_choice":"Removed Attack","floor":38.0,"gold_loss":0.0,"damage_taken":0.0},{"damage_healed":0.0,"max_hp_gain":0.0,"max_hp_loss":0.0,"gold_gain":0.0,"event_name":"MindBloom","player_choice":"Upgrade","floor":41.0,"gold_loss":0.0,"damage_taken":0.0,"cards_upgraded":["Defend_G","Defend_G","Defend_G","Defend_G","Defend_G","Strike_G","Survivor","Neutralize","Well Laid Plans","Well Laid Plans","PiercingWail"],"relics_obtained":["Mark of the Bloom"]}],"is_beta":false,"boss_relics":[{"not_picked":["Runic Dome","Lizard Tail"],"picked":"Runic Pyramid"},{"not_picked":["Fusion Hammer","Eternal Feather"],"picked":"Sozu"}],"items_purged_floors":[25,39],"is_endless":false,"potions_floor_spawned":[4,5,12,14,18,19,27,31,35,40,42,44,48],"ascension_level":8}