{"gold_per_floor":[361,361,381,392,61,61,94,94,118,118,136,153,153,69,69,148,148,165,165,165,65,88,88,114,69,96,116,116,116],"floor_reached":29,"playtime":823,"items_purged":["Strike_B","Defend_B"],"score":564,"play_id":"e70ab535-e3b4-4965-9a15-bd2768f7d13a","local_time":"20181219204359","is_ascension_mode":true,"campfire_choices":[{"data":"Go for the Eyes","floor":6.0,"key":"SMITH"},{"data":"Zap","floor":8.0,"key":"SMITH"},{"data":"Dualcast","floor":10.0,"key":"SMITH"},{"data":"Recycle","floor":13.0,"key":"SMITH"},{"data":"Defragment","floor":15.0,"key":"SMITH"},{"data":"Recycle","floor":23.0,"key":"SMITH"},{"data":"Defragment","floor":28,"key":"SMITH"}],"neow_cost":"TEN_PERCENT_HP_LOSS","seed_source_timestamp":962482958005,"circlet_count":0,"master_deck":["AscendersBane","Strike_B","Defend_B","Zap+1","Dualcast+1","Recycle+1","Recycle+1","Ball Lightning","Core Surge","Go for the Eyes+1","Conserve Battery","Finesse","Electrodynamics","Skim","Defragment+1","All For One","Heatsinks+1","Auto Shields+1","Capacitor+1","Ghostly+1","Ghostly","Ghostly+1","Glacier","Capacitor","Defragment+1"],"special_seed":0,"relics":["Cracked Core","Vajra","Bag of Preparation","Astrolabe","Orichalcum","Kunai","War Paint"],"potions_floor_usage":[29],"damage_taken":[{"damage":4.0,"enemies":"2 Louse","floor":1.0,"turns":3.0},{"damage":0.0,"enemies":"Cultist","floor":3.0,"turns":2.0},{"damage":0.0,"enemies":"Small Slimes","floor":4.0,"turns":2.0},{"damage":10.0,"enemies":"3 Sentries","floor":7.0,"turns":3.0},{"damage":10.0,"enemies":"Exordium Wildlife","floor":11.0,"turns":4.0},{"damage":0.0,"enemies":"Blue Slaver","floor":12.0,"turns":3.0},{"damage":0.0,"enemies":"Slime Boss","floor":16.0,"turns":5.0},{"damage":8.0,"enemies":"Shell Parasite","floor":18.0,"turns":6.0},{"damage":25,"enemies":"Gremlin Leader","floor":24,"turns":5},{"damage":0,"enemies":"Chosen","floor":27,"turns":5},{"damage":11,"enemies":"Book of Stabbing","floor":29,"turns":5}],"seed_played":"-5407095113105403167","potions_obtained":[{"floor":1.0,"key":"Explosive Potion"},{"floor":3.0,"key":"Block Potion"},{"floor":7.0,"key":"Block Potion"},{"floor":27,"key":"AttackPotion"}],"is_trial":false,"path_per_floor":["M","?","M","M","$","R","E","R","T","R","M","M","R","$","R","B",null,"M","?","?","$","T","R","E","$","T","M","R","E"],"character_chosen":"DEFECT","items_purchased":["Finesse","Electrodynamics","Defragment","Capacitor"],"campfire_rested":0,"item_purchase_floors":[5,5,14,25],"current_hp_per_floor":[60,60,60,60,60,60,50,50,50,50,40,40,40,40,40,40,58,50,50,32,32,32,32,7,7,7,7,7,0],"gold":116,"neow_bonus":"TWO_FIFTY_GOLD","is_prod":false,"is_daily":false,"chose_seed":false,"campfire_upgraded":7,"win_rate":0,"timestamp":1545223439,"path_taken":["M","?","M","M","$","R","E","R","T","R","M","M","R","?","R","BOSS","M","?","?","$","?","R","E","?","T","M","R","E"],"build_version":"2018-12-13","purchased_purges":2,"victory":false,"max_hp_per_floor":[64,64,64,64,64,64,64,64,64,64,64,64,64,64,64,64,64,64,64,32,32,32,32,32,32,32,32,32,32],"card_choices":[{"not_picked":["Static Discharge","Lockon"],"picked":"Recycle","floor":1.0},{"not_picked":["Hello World","Redo"],"picked":"Go for the Eyes","floor":3.0},{"not_picked":["Fusion","Scrape"],"picked":"Conserve Battery","floor":4.0},{"not_picked":["Lockon","Steam","Scrape"],"picked":"SKIP","floor":7.0},{"not_picked":["Beam Cell","Compile Driver","Doom and Gloom"],"picked":"SKIP","floor":11.0},{"not_picked":["Fusion","Ball Lightning"],"picked":"Skim","floor":12.0},{"not_picked":["Echo Form","Machine Learning"],"picked":"All For One","floor":16.0},{"not_picked":["Hello World+1","Steam","Doom and Gloom"],"picked":"SKIP","floor":18.0},{"not_picked":["Stack","Redo"],"picked":"Glacier","floor":24},{"not_picked":["Ball Lightning+1","Gash"],"picked":"Defragment","floor":27}],"player_experience":1386443,"relics_obtained":[{"floor":7.0,"key":"Vajra"},{"floor":9.0,"key":"Bag of Preparation"},{"floor":22.0,"key":"Orichalcum"},{"floor":24,"key":"Kunai"},{"floor":26,"key":"War Paint"}],"event_choices":[{"damage_healed":0.0,"max_hp_gain":0.0,"max_hp_loss":0.0,"gold_gain":0.0,"event_name":"Match and Keep!","player_choice":"3 cards matched","floor":2.0,"gold_loss":0.0,"damage_taken":0.0,"cards_obtained":["Recycle","Ball Lightning","Core Surge"]},{"cards_removed":["Defend_B"],"damage_healed":0.0,"max_hp_gain":0.0,"max_hp_loss":0.0,"gold_gain":0.0,"event_name":"Back to Basics","player_choice":"Elegance","floor":19.0,"gold_loss":0.0,"damage_taken":0.0},{"damage_healed":0.0,"max_hp_gain":0.0,"max_hp_loss":32.0,"gold_gain":0.0,"event_name":"Ghosts","player_choice":"Became a Ghost","floor":20.0,"gold_loss":0.0,"damage_taken":0.0,"cards_obtained":["Ghostly","Ghostly","Ghostly"]}],"is_beta":false,"boss_relics":[{"not_picked":["Lizard Tail","Ectoplasm"],"picked":"Astrolabe"}],"items_purged_floors":[5,21],"is_endless":false,"potions_floor_spawned":[1,3,7,27],"killed_by":"Book of Stabbing","ascension_level":19}