{"gold_per_floor":[118,118,118,193,193,222,222,256,256,256,289,301,319,375,375,375],"floor_reached":16,"playtime":355,"items_purged":[],"score":352,"play_id":"7be5638a-dc58-43b2-9f77-69d8408b9794","local_time":"20181130224213","is_ascension_mode":true,"campfire_choices":[{"data":"Acrobatics","floor":7.0,"key":"SMITH"},{"data":"Well Laid Plans","floor":15,"key":"SMITH"}],"neow_cost":"NONE","seed_source_timestamp":17314248107306,"circlet_count":0,"master_deck":["AscendersBane","Defend_G","Defend_G","Defend_G","Defend_G","Defend_G+1","Strike_G","Strike_G","Strike_G","Strike_G","Survivor","Neutralize+1","Acrobatics+1","Deadly Poison+1","Adrenaline+1","Well Laid Plans+1","Prepared+1","Infinite Blades"],"special_seed":0,"relics":["Ring of the Snake","NeowsBlessing","Toxic Egg 2","Bottled Lightning","Kunai","Dream Catcher","Tiny Chest"],"potions_floor_usage":[14],"damage_taken":[{"damage":0.0,"enemies":"Jaw Worm","floor":1.0,"turns":1.0},{"damage":0.0,"enemies":"Lagavulin","floor":6.0,"turns":1.0},{"damage":0.0,"enemies":"3 Sentries","floor":8.0,"turns":1.0},{"damage":30.0,"enemies":"Gremlin Nob","floor":11.0,"turns":4.0},{"damage":0.0,"enemies":"Small Slimes","floor":12.0,"turns":3.0},{"damage":0,"enemies":"2 Louse","floor":13,"turns":2},{"damage":1,"enemies":"3 Sentries","floor":14,"turns":12},{"damage":16,"enemies":"Slime Boss","floor":16,"turns":3}],"seed_played":"7686700888717074389","potions_obtained":[{"floor":11.0,"key":"EssenceOfSteel"},{"floor":12.0,"key":"Ancient Potion"},{"floor":14,"key":"Weak Potion"}],"is_trial":false,"path_per_floor":["M","?","?","?","?","E","R","E","T","?","E","M","M","E","R","B"],"character_chosen":"THE_SILENT","items_purchased":[],"campfire_rested":0,"item_purchase_floors":[],"current_hp_per_floor":[59,52,32,21,43,43,43,43,43,43,13,13,13,12,12,0],"gold":375,"neow_bonus":"THREE_ENEMY_KILL","is_prod":false,"is_daily":false,"chose_seed":false,"campfire_upgraded":2,"win_rate":0,"timestamp":1543588933,"path_taken":["M","?","?","?","?","E","R","E","T","?","E","M","M","E","R","BOSS"],"build_version":"2018-11-15","purchased_purges":0,"victory":false,"max_hp_per_floor":[66,66,66,66,66,66,66,66,66,66,66,66,66,66,66,66],"card_choices":[{"not_picked":["Slice","Outmaneuver"],"picked":"Acrobatics","floor":1.0},{"not_picked":["All Out Attack","Expertise"],"picked":"Deadly Poison","floor":6.0},{"not_picked":["Dagger Throw","Bane"],"picked":"Adrenaline+1","floor":8.0},{"not_picked":["PiercingWail+1","Tools of the Trade"],"picked":"Well Laid Plans","floor":11.0},{"not_picked":["Predator","Dagger Throw"],"picked":"Prepared+1","floor":12.0},{"not_picked":["Dagger Spray","Backstab","Infinite Blades"],"picked":"SKIP","floor":13},{"not_picked":["Dagger Spray","Backstab"],"picked":"Infinite Blades","floor":13},{"not_picked":["Storm of Steel+1","Bane","Setup+1"],"picked":"SKIP","floor":14}],"player_experience":1185470,"relics_obtained":[{"floor":6.0,"key":"Toxic Egg 2"},{"floor":8.0,"key":"Bottled Lightning"},{"floor":9.0,"key":"Kunai"},{"floor":11.0,"key":"Dream Catcher"},{"floor":14,"key":"Tiny Chest"}],"event_choices":[{"cards_removed":["Strike_G"],"damage_healed":0.0,"max_hp_gain":0.0,"max_hp_loss":0.0,"gold_gain":0.0,"event_name":"Golden Wing","player_choice":"Card Removal","floor":2.0,"gold_loss":0.0,"damage_taken":7.0},{"damage_healed":0.0,"max_hp_gain":0.0,"max_hp_loss":0.0,"gold_gain":0.0,"event_name":"Shining Light","player_choice":"Entered Light","floor":3.0,"gold_loss":0.0,"damage_taken":20.0,"cards_upgraded":["Defend_G","Neutralize"]},{"damage_healed":0.0,"max_hp_gain":0.0,"max_hp_loss":0.0,"gold_gain":75.0,"event_name":"World of Goop","player_choice":"Gather Gold","floor":4.0,"gold_loss":0.0,"damage_taken":11.0},{"damage_healed":22.0,"max_hp_gain":0.0,"max_hp_loss":0.0,"gold_gain":0.0,"event_name":"Big Fish","player_choice":"Banana","floor":5.0,"gold_loss":0.0,"damage_taken":0.0},{"damage_healed":0.0,"max_hp_gain":0.0,"max_hp_loss":0.0,"gold_gain":0.0,"event_name":"Liars Game","player_choice":"Ignored","floor":10.0,"gold_loss":0.0,"damage_taken":0.0}],"is_beta":true,"boss_relics":[],"items_purged_floors":[],"is_endless":false,"potions_floor_spawned":[11,12,13,14],"killed_by":"Slime Boss","ascension_level":20}