{"gold_per_floor":[113,188,206,216,141,141,167,167,167,167,178,197,209,220,220,220],"floor_reached":16,"playtime":499,"items_purged":["Defend_B"],"score":104,"play_id":"58dcad97-fb9c-4f64-ba92-29a5f68fdc3a","local_time":"20180628201755","is_ascension_mode":false,"campfire_choices":[{"data":"Hologram","floor":6,"key":"SMITH"},{"data":"Dualcast","floor":8,"key":"SMITH"},{"floor":15,"key":"REST"}],"neow_cost":"NONE","seed_source_timestamp":28509063285432,"circlet_count":0,"master_deck":["Strike_B","Strike_B","Strike_B","Strike_B","Defend_B","Defend_B","Defend_B","Zap","Dualcast+1","Hologram+1","Defragment","Doom and Gloom","White Noise","Coolheaded","Leap","Redo"],"relics":["Sozu","Potion Belt","Bottled Flame"],"potions_floor_usage":[],"damage_taken":[{"damage":0,"enemies":"2 Louse","floor":1,"turns":3},{"damage":6,"enemies":"Jaw Worm","floor":3,"turns":4},{"damage":2,"enemies":"Small Slimes","floor":4,"turns":4},{"damage":24,"enemies":"Gremlin Nob","floor":7,"turns":4},{"damage":6,"enemies":"Red Slaver","floor":11,"turns":3},{"damage":13,"enemies":"Exordium Thugs","floor":12,"turns":3},{"damage":5,"enemies":"Lots of Slimes","floor":13,"turns":2},{"damage":0,"enemies":"Blue Slaver","floor":14,"turns":3},{"damage":32,"enemies":"Hexaghost","floor":16,"turns":9}],"seed_played":"-128008240013208936","potions_obtained":[],"is_trial":false,"path_per_floor":["M","?","M","M","$","R","E","R","T","?","M","M","M","M","R"],"character_chosen":"DEFECT","items_purchased":[],"campfire_rested":1,"item_purchase_floors":[],"current_hp_per_floor":[75,64,58,56,56,56,32,32,32,32,26,13,8,8,30,0],"gold":220,"neow_bonus":"BOSS_RELIC","is_prod":false,"is_daily":false,"chose_seed":false,"campfire_upgraded":2,"win_rate":0,"timestamp":1530209875,"path_taken":["M","?","M","M","$","R","E","R","T","?","M","M","?","?","R","BOSS"],"build_version":"2018-06-21v2","purchased_purges":1,"victory":false,"max_hp_per_floor":[75,75,75,75,75,75,75,75,75,75,75,75,75,75,75,75],"card_choices":[{"not_picked":["Compile Driver","Steam"],"picked":"Hologram","floor":1},{"not_picked":["Steam","BootSequence"],"picked":"Defragment","floor":3},{"not_picked":["Steam","Reinforced Body"],"picked":"Doom and Gloom","floor":4},{"not_picked":["Force Field","Turbo"],"picked":"White Noise","floor":7},{"not_picked":["Leap","Go for the Eyes"],"picked":"Coolheaded","floor":11},{"not_picked":["Stack","Rebound"],"picked":"Leap","floor":12},{"not_picked":["Leap","Sweeping Beam"],"picked":"Redo","floor":13},{"not_picked":["Gash","Cold Snap","Conserve Battery"],"picked":"SKIP","floor":14}],"player_experience":296820,"relics_obtained":[{"floor":7,"key":"Potion Belt"},{"floor":9,"key":"Bottled Flame"}],"event_choices":[{"event_name":"World of Goop","player_choice":"Gather Gold","floor":2,"damage_taken":0},{"event_name":"The Woman in Blue","player_choice":"Bought 0 Potions","floor":10,"damage_taken":0}],"boss_relics":[],"items_purged_floors":[5],"is_endless":false,"potions_floor_spawned":[3,4,11,13,14],"killed_by":"Hexaghost","ascension_level":0}