{"gold_per_floor":[114,39,39,39,50,85,99,99,99,115,115,115,154,173,173,269,269,292,292,292,8,29,29,72,90,144,144,169,169,187,16,16,115,115,135,468,485,242,242,242,256,267,267,280,205,305,305,174,174,174,174,174,174,74,104,104],"floor_reached":57,"playtime":3092,"items_purged":["Strike_G","Strike_G","Strike_G","Defend_G","Defend_G","Defend_G+1"],"score":3110,"play_id":"0efaff1b-65a5-4237-a54e-62691397eb86","local_time":"20190205173121","is_ascension_mode":true,"campfire_choices":[{"data":"Neutralize","floor":8.0,"key":"SMITH"},{"data":"Survivor","floor":11.0,"key":"SMITH"},{"data":"Defend_G","floor":15.0,"key":"SMITH"},{"data":"Well Laid Plans","floor":23.0,"key":"SMITH"},{"floor":27.0,"key":"RECALL"},{"data":"Defend_G","floor":29.0,"key":"SMITH"},{"data":"Grand Finale","floor":32.0,"key":"SMITH"},{"data":"Wraith Form v2","floor":40.0,"key":"SMITH"},{"data":"Grand Finale","floor":49.0,"key":"SMITH"},{"floor":53.0,"key":"REST"}],"neow_cost":"NONE","seed_source_timestamp":7851661938696,"circlet_count":0,"master_deck":["AscendersBane","Defend_G+1","Survivor+1","Neutralize+1","Deadly Poison+1","Bouncing Flask+1","Burst+1","Night Terror+1","Leg Sweep+1","Ghostly+1","Ghostly+1","Ghostly+1","Well Laid Plans+1","Expertise+1","Tactician+1","Concentrate+1","Grand Finale+1","Wraith Form v2+1","Master of Strategy+1","Grand Finale+1"],"special_seed":0,"relics":["Ring of the Snake","NeowsBlessing","Torii","Toxic Egg 2","Bronze Scales","Runic Dome","Membership Card","Orichalcum","Cursed Key","Bag of Preparation","Calipers","Bottled Flame"],"potions_floor_usage":[56,56],"damage_taken":[{"damage":0.0,"enemies":"2 Louse","floor":1.0,"turns":1.0},{"damage":0.0,"enemies":"Jaw Worm","floor":5.0,"turns":1.0},{"damage":0.0,"enemies":"3 Sentries","floor":6.0,"turns":2.0},{"damage":0.0,"enemies":"Cultist","floor":7.0,"turns":4.0},{"damage":7.0,"enemies":"2 Fungi Beasts","floor":10.0,"turns":5.0},{"damage":12.0,"enemies":"Gremlin Nob","floor":13.0,"turns":4.0},{"damage":0.0,"enemies":"Exordium Wildlife","floor":14.0,"turns":3.0},{"damage":38.0,"enemies":"Slime Boss","floor":16.0,"turns":7.0},{"damage":0.0,"enemies":"Spheric Guardian","floor":18.0,"turns":2.0},{"damage":0.0,"enemies":"Chosen","floor":22.0,"turns":5.0},{"damage":0.0,"enemies":"Book of Stabbing","floor":24.0,"turns":6.0},{"damage":0.0,"enemies":"Centurion and Healer","floor":25.0,"turns":8.0},{"damage":0.0,"enemies":"3 Cultists","floor":28.0,"turns":6.0},{"damage":8.0,"enemies":"Chosen and Byrds","floor":30.0,"turns":7.0},{"damage":0.0,"enemies":"Collector","floor":33.0,"turns":7.0},{"damage":0.0,"enemies":"3 Shapes","floor":35.0,"turns":4.0},{"damage":0.0,"enemies":"Orb Walker","floor":37.0,"turns":5.0},{"damage":0.0,"enemies":"Transient","floor":41.0,"turns":6.0},{"damage":0.0,"enemies":"Sphere and 2 Shapes","floor":42.0,"turns":4.0},{"damage":0.0,"enemies":"Writhing Mass","floor":44.0,"turns":4.0},{"damage":0.0,"enemies":"Mind Bloom Boss Battle","floor":46.0,"turns":6.0},{"damage":0.0,"enemies":"Time Eater","floor":50.0,"turns":9.0},{"damage":0.0,"enemies":"Donu and Deca","floor":51.0,"turns":7.0},{"damage":0.0,"enemies":"Shield and Spear","floor":55.0,"turns":6.0},{"damage":27,"enemies":"The Heart","floor":56,"turns":10}],"seed_played":"-8367285755664712648","potions_obtained":[{"floor":7.0,"key":"SteroidPotion"},{"floor":10.0,"key":"Regen Potion"},{"floor":13.0,"key":"GamblersBrew"},{"floor":14.0,"key":"Fire Potion"},{"floor":22.0,"key":"Fire Potion"},{"floor":28.0,"key":"SneckoOil"},{"floor":33.0,"key":"Block Potion"},{"floor":35.0,"key":"SkillPotion"},{"floor":42.0,"key":"GamblersBrew"}],"is_trial":false,"path_per_floor":["M","?","$","?","M","E","M","R","T","M","R","?","E","M","R","B",null,"M","?","?","$","M","R","E","M","T","R","M","R","M","$","R","B",null,"M","?","M","$","?","R","M","M","T","M","$","?","?","$","R","B","B",null,"R","$","E","B",null],"character_chosen":"THE_SILENT","items_purchased":["Membership Card","Well Laid Plans","Concentrate+1","Grand Finale","Bag of Preparation","Master of Strategy+1","Grand Finale"],"campfire_rested":1,"item_purchase_floors":[21,21,31,31,38,38,48],"current_hp_per_floor":[59,59,59,59,59,59,59,59,59,52,52,52,51,51,51,13,48,48,30,30,30,30,30,30,30,30,30,30,30,22,22,22,22,28,28,28,28,28,28,28,28,28,28,28,28,28,28,28,28,28,28,30,30,30,30,3],"gold":104,"neow_bonus":"THREE_ENEMY_KILL","is_prod":false,"is_daily":false,"chose_seed":false,"campfire_upgraded":8,"win_rate":0,"timestamp":1549359081,"path_taken":["M","?","$","?","M","E","M","R","T","?","R","?","E","M","R","BOSS","M","?","?","$","?","R","E","M","T","R","?","R","M","$","R","BOSS","M","?","M","$","?","R","M","M","T","M","?","?","?","$","R","BOSS","BOSS","R","$","E","BOSS"],"build_version":"2019-01-23","purchased_purges":6,"victory":true,"max_hp_per_floor":[66,66,66,66,66,66,66,66,66,66,66,60,60,60,60,60,60,60,30,30,30,30,30,30,30,30,30,30,30,30,30,30,30,30,30,30,30,30,30,30,30,30,30,30,30,30,30,30,30,30,30,30,30,30,30,30],"card_choices":[{"not_picked":["Expertise","Predator"],"picked":"Deadly Poison","floor":1.0},{"not_picked":["Dodge and Roll","Quick Slash","Deflect"],"picked":"SKIP","floor":5.0},{"not_picked":["Skewer","PiercingWail","Slice"],"picked":"SKIP","floor":6.0},{"not_picked":["Quick Slash","Skewer","PiercingWail"],"picked":"SKIP","floor":7.0},{"not_picked":["Flying Knee","Bane"],"picked":"Bouncing Flask+1","floor":10.0},{"not_picked":["Cloak And Dagger+1","Prepared+1","Finisher"],"picked":"SKIP","floor":13.0},{"not_picked":["Quick Slash","Eviscerate"],"picked":"Burst+1","floor":14.0},{"not_picked":["Phantasmal Killer+1","A Thousand Cuts"],"picked":"Night Terror+1","floor":16.0},{"not_picked":["Backflip+1","Endless Agony"],"picked":"Leg Sweep+1","floor":18.0},{"not_picked":["Eviscerate","Prepared+1","Dodge and Roll+1"],"picked":"SKIP","floor":22.0},{"not_picked":["Deflect+1","Dagger Throw","Flying Knee"],"picked":"SKIP","floor":24.0},{"not_picked":["Dagger Throw","Underhanded Strike"],"picked":"Expertise+1","floor":25.0},{"not_picked":["Flying Knee","Masterful Stab","PiercingWail+1"],"picked":"SKIP","floor":28.0},{"not_picked":["Sucker Punch","Prepared+1"],"picked":"Tactician+1","floor":30.0},{"not_picked":["Unload","Phantasmal Killer+1"],"picked":"Wraith Form v2","floor":33.0},{"not_picked":["Crippling Poison+1","Poisoned Stab","Dodge and Roll+1"],"picked":"SKIP","floor":35.0},{"not_picked":["Poisoned Stab","Bane+1","Flying Knee+1"],"picked":"SKIP","floor":37.0},{"not_picked":["Quick Slash+1","Dagger Spray","Choke"],"picked":"SKIP","floor":41.0},{"not_picked":["Quick Slash+1","Predator","Deflect+1"],"picked":"SKIP","floor":42.0},{"not_picked":["Infinite Blades","Endless Agony","Deflect+1"],"picked":"SKIP","floor":44.0},{"not_picked":["Infinite Blades","Endless Agony","Deflect+1"],"picked":"SKIP","floor":44.0},{"not_picked":["Outmaneuver+1","Grand Finale","Flying Knee"],"picked":"SKIP","floor":55.0}],"player_experience":2536819,"relics_obtained":[{"floor":6.0,"key":"Torii"},{"floor":9.0,"key":"Toxic Egg 2"},{"floor":13.0,"key":"Bronze Scales"},{"floor":24.0,"key":"Orichalcum"},{"floor":46.0,"key":"Calipers"},{"floor":55.0,"key":"Bottled Flame"}],"event_choices":[{"cards_removed":["Strike_G"],"damage_healed":0.0,"max_hp_gain":0.0,"max_hp_loss":0.0,"gold_gain":0.0,"event_name":"The Cleric","player_choice":"Card Removal","floor":2.0,"gold_loss":75.0,"damage_taken":0.0},{"damage_healed":0.0,"max_hp_gain":0.0,"max_hp_loss":0.0,"gold_gain":0.0,"event_name":"Upgrade Shrine","player_choice":"Upgraded","floor":4.0,"gold_loss":0.0,"damage_taken":0.0,"cards_upgraded":["Deadly Poison"]},{"damage_healed":0.0,"max_hp_gain":0.0,"max_hp_loss":6.0,"gold_gain":0.0,"event_name":"Golden Idol","player_choice":"Lose Max HP","floor":12.0,"gold_loss":0.0,"damage_taken":0.0,"relics_obtained":["Golden Idol"]},{"damage_healed":0.0,"max_hp_gain":0.0,"max_hp_loss":30.0,"gold_gain":0.0,"event_name":"Ghosts","player_choice":"Became a Ghost","floor":19.0,"gold_loss":0.0,"damage_taken":0.0,"cards_obtained":["Ghostly","Ghostly","Ghostly"]},{"cards_removed":["Strike_G"],"damage_healed":0.0,"max_hp_gain":0.0,"max_hp_loss":0.0,"gold_gain":0.0,"event_name":"Bonfire Elementals","player_choice":"Offered Basic","floor":20.0,"gold_loss":0.0,"damage_taken":0.0},{"damage_healed":0.0,"max_hp_gain":0.0,"max_hp_loss":0.0,"gold_gain":333.0,"event_name":"The Moai Head","player_choice":"Gave Idol","floor":36.0,"relics_lost":["Golden Idol"],"gold_loss":0.0,"damage_taken":0.0},{"damage_healed":0.0,"max_hp_gain":0.0,"max_hp_loss":0.0,"gold_gain":0.0,"event_name":"Tomb of Lord Red Mask","player_choice":"Ignored","floor":39.0,"gold_loss":0.0,"damage_taken":0.0},{"damage_healed":0.0,"max_hp_gain":0.0,"max_hp_loss":0.0,"gold_gain":0.0,"event_name":"MindBloom","player_choice":"Fight","floor":46.0,"gold_loss":0.0,"damage_taken":0.0},{"cards_removed":["Defend_G"],"damage_healed":0.0,"max_hp_gain":0.0,"max_hp_loss":0.0,"gold_gain":0.0,"event_name":"Falling","player_choice":"Removed Skill","floor":47.0,"gold_loss":0.0,"damage_taken":0.0}],"is_beta":false,"boss_relics":[{"not_picked":["Sozu","White Beast Statue"],"picked":"Runic Dome"},{"not_picked":["Orrery","Ring of the Serpent"],"picked":"Cursed Key"}],"items_purged_floors":[21,31,38,45,48,54],"is_endless":false,"potions_floor_spawned":[7,10,13,14,22,28,33,35,42,46,55],"ascension_level":20}