{"gold_per_floor":[115,190,208,133,133,133,56,56,133,133,165,165,165,38,38,38],"floor_reached":16,"playtime":264,"items_purged":["Defend_G"],"score":188,"play_id":"f3e6208a-bfe3-4e1c-b722-baa36607b728","local_time":"20190716222108","is_ascension_mode":true,"campfire_choices":[{"data":"Neutralize","floor":6.0,"key":"SMITH"},{"data":"Accuracy","floor":8.0,"key":"SMITH"},{"data":"Concentrate","floor":10.0,"key":"SMITH"},{"data":"Calculated Gamble","floor":12,"key":"SMITH"},{"data":"Acrobatics","floor":15,"key":"SMITH"}],"neow_cost":"NONE","seed_source_timestamp":14961759550492,"circlet_count":0,"master_deck":["AscendersBane","Strike_G","Strike_G","Strike_G","Strike_G","Defend_G","Defend_G","Defend_G","Defend_G","Survivor","Neutralize+1","Infinite Blades","Concentrate+1","Accuracy+1","Calculated Gamble+1","Acrobatics+1"],"special_seed":0,"relics":["Busted Crown","Oddly Smooth Stone","Tiny Chest","Anchor","Omamori"],"potions_floor_usage":[11,11],"damage_taken":[{"damage":1.0,"enemies":"Small Slimes","floor":1.0,"turns":6.0},{"damage":2.0,"enemies":"2 Louse","floor":3.0,"turns":3.0},{"damage":15,"enemies":"Gremlin Nob","floor":11,"turns":4},{"damage":0,"enemies":"Hexaghost","floor":16,"turns":7}],"seed_played":"-3516573782735847200","potions_obtained":[{"floor":1.0,"key":"PowerPotion"},{"floor":3.0,"key":"PowerPotion"}],"is_trial":false,"path_per_floor":["M","?","M","?","?","R","$","R","T","R","E","R","T","$","R","B"],"character_chosen":"THE_SILENT","items_purchased":["Accuracy","Acrobatics"],"campfire_rested":0,"item_purchase_floors":[7,14],"current_hp_per_floor":[58,47,45,45,27,27,27,27,27,27,12,12,12,12,12,12],"gold":38,"neow_bonus":"BOSS_RELIC","is_prod":false,"is_daily":false,"chose_seed":false,"campfire_upgraded":5,"win_rate":0,"timestamp":1563286868,"path_taken":["M","?","M","?","?","R","$","R","T","R","E","R","?","$","R","BOSS"],"build_version":"2019-07-05","purchased_purges":1,"victory":false,"max_hp_per_floor":[66,66,66,66,66,66,66,66,66,66,66,66,66,66,66,66],"card_choices":[{"not_picked":[],"picked":"Infinite Blades","floor":1.0},{"not_picked":[],"picked":"Concentrate","floor":3.0},{"not_picked":[],"picked":"Calculated Gamble","floor":11}],"player_experience":5735478,"relics_obtained":[{"floor":9.0,"key":"Tiny Chest"},{"floor":11,"key":"Anchor"},{"floor":13,"key":"Omamori"}],"event_choices":[{"damage_healed":0.0,"max_hp_gain":0.0,"max_hp_loss":0.0,"gold_gain":75.0,"event_name":"World of Goop","player_choice":"Gather Gold","floor":2.0,"gold_loss":0.0,"damage_taken":11.0},{"cards_removed":["Strike_G"],"damage_healed":0.0,"max_hp_gain":0.0,"max_hp_loss":0.0,"gold_gain":0.0,"event_name":"The Cleric","player_choice":"Card Removal","floor":4.0,"gold_loss":75.0,"damage_taken":0.0},{"damage_healed":0.0,"max_hp_gain":0.0,"max_hp_loss":0.0,"gold_gain":0.0,"event_name":"Scrap Ooze","player_choice":"Success","floor":5.0,"gold_loss":0.0,"damage_taken":18.0,"relics_obtained":["Oddly Smooth Stone"]}],"is_beta":false,"boss_relics":[],"items_purged_floors":[14],"is_endless":false,"potions_floor_spawned":[1,3],"killed_by":"Hexaghost","ascension_level":20}