{"gold_per_floor":[119,138,51,51,51,51,92,17,41,62,93,106,106,120,120,209,209,182,182,38,38,56,56,76,76,76,76,76,76,120,136,136,225,225,249,249,267,83,1082,1082,1096,1096,1096,1129,204,204,204,229,229,229,229,229,229,0,38,38],"floor_reached":57,"playtime":5634,"items_purged":["Strike_G","Strike_G","Defend_G","Defend_G","Defend_G"],"score":3067,"play_id":"1f5cd0ce-edbb-41ac-bab5-2d233cc4a5bf","local_time":"20190219110839","is_ascension_mode":true,"campfire_choices":[{"data":"Noxious Fumes","floor":6.0,"key":"SMITH"},{"data":"Reflex","floor":13.0,"key":"SMITH"},{"data":"Concentrate","floor":15.0,"key":"SMITH"},{"data":"Expertise","floor":23.0,"key":"SMITH"},{"data":"Deadly Poison","floor":28.0,"key":"SMITH"},{"data":"Reflex","floor":32.0,"key":"SMITH"},{"data":"Acrobatics","floor":40.0,"key":"SMITH"},{"floor":42.0,"key":"RECALL"},{"data":"Impatience","floor":47,"key":"SMITH"},{"data":"Master of Strategy","floor":49,"key":"SMITH"},{"data":"Adrenaline","floor":53,"key":"SMITH"}],"neow_cost":"NONE","seed_source_timestamp":5037731944167,"circlet_count":0,"master_deck":["AscendersBane","Defend_G","Defend_G","Survivor","Footwork","Noxious Fumes+1","Concentrate+1","Reflex+1","Deadly Poison+1","Leg Sweep","After Image","Footwork","Expertise+1","Blur","Clumsy","Reflex+1","After Image","Acrobatics+1","Adrenaline+1","Impatience+1","Master of Strategy+1","Footwork"],"special_seed":0,"relics":["Runic Pyramid","Golden Idol","Anchor","Art of War","Bag of Marbles","Odd Mushroom","Cursed Key","Omamori","Empty Cage","Dodecahedron","Medical Kit","Strawberry"],"potions_floor_usage":[44,48,56,56],"damage_taken":[{"damage":0.0,"enemies":"Cultist","floor":1.0,"turns":5.0},{"damage":4.0,"enemies":"Small Slimes","floor":2.0,"turns":6.0},{"damage":5.0,"enemies":"Lagavulin","floor":7.0,"turns":11.0},{"damage":0.0,"enemies":"2 Louse","floor":10.0,"turns":3.0},{"damage":9.0,"enemies":"The Mushroom Lair","floor":11.0,"turns":6.0},{"damage":0.0,"enemies":"Exordium Wildlife","floor":12.0,"turns":4.0},{"damage":1.0,"enemies":"Large Slime","floor":14.0,"turns":7.0},{"damage":6.0,"enemies":"The Guardian","floor":16.0,"turns":11.0},{"damage":0.0,"enemies":"2 Thieves","floor":18.0,"turns":5.0},{"damage":0.0,"enemies":"3 Byrds","floor":22.0,"turns":5.0},{"damage":0.0,"enemies":"Shelled Parasite and Fungi","floor":24.0,"turns":7.0},{"damage":26.0,"enemies":"Slavers","floor":30.0,"turns":11.0},{"damage":0.0,"enemies":"Centurion and Healer","floor":31.0,"turns":8.0},{"damage":0.0,"enemies":"Champ","floor":33.0,"turns":17.0},{"damage":0.0,"enemies":"3 Darklings","floor":35.0,"turns":8.0},{"damage":0.0,"enemies":"3 Shapes","floor":37.0,"turns":6.0},{"damage":0.0,"enemies":"Sphere and 2 Shapes","floor":41.0,"turns":4.0},{"damage":27,"enemies":"Reptomancer","floor":44,"turns":9},{"damage":0,"enemies":"Jaw Worm Horde","floor":48,"turns":4},{"damage":0,"enemies":"Awakened One","floor":50,"turns":8},{"damage":0,"enemies":"Time Eater","floor":51,"turns":13},{"damage":0,"enemies":"Shield and Spear","floor":55,"turns":4},{"damage":0,"enemies":"The Heart","floor":56,"turns":6}],"seed_played":"-2318863503932824638","potions_obtained":[{"floor":2.0,"key":"FearPotion"},{"floor":10.0,"key":"Fire Potion"},{"floor":11.0,"key":"AttackPotion"},{"floor":22.0,"key":"GhostInAJar"},{"floor":41.0,"key":"EssenceOfSteel"},{"floor":44,"key":"PowerPotion"},{"floor":48,"key":"AttackPotion"}],"is_trial":false,"path_per_floor":["M","M","$","?","?","R","E","$","T","M","?","M","R","M","R","B",null,"M","?","$","?","M","R","M","$","T","$","R","?","E","M","R","B",null,"M","?","M","$","?","R","M","R","T","E","$","?","R","M","R","B","B",null,"R","$","E","B",null],"character_chosen":"THE_SILENT","items_purchased":["Noxious Fumes","Footwork","Acrobatics","Medical Kit","Adrenaline","GhostInAJar","Impatience","Master of Strategy","SkillPotion"],"campfire_rested":0,"item_purchase_floors":[3,20,38,45,45,45,45,45,54],"current_hp_per_floor":[59,55,55,55,37,37,32,32,32,32,23,23,23,22,22,16,49,49,49,49,49,49,49,49,49,49,49,49,49,23,23,23,23,51,51,51,51,51,51,51,51,51,51,24,24,49,49,49,49,49,49,49,49,49,56,56],"gold":38,"neow_bonus":"BOSS_RELIC","is_prod":false,"is_daily":false,"chose_seed":false,"campfire_upgraded":10,"win_rate":0,"timestamp":1550545719,"path_taken":["M","M","$","?","?","R","E","$","T","M","?","M","R","M","R","BOSS","M","?","$","?","M","R","M","?","T","$","R","?","E","M","R","BOSS","M","?","M","$","?","R","M","R","T","E","$","?","R","M","R","BOSS","BOSS","R","$","E","BOSS"],"build_version":"2019-01-23","purchased_purges":5,"victory":true,"max_hp_per_floor":[66,66,66,60,60,60,60,60,60,60,60,60,60,60,60,60,60,60,60,60,60,60,60,60,60,60,60,60,60,60,60,60,60,60,60,60,60,60,60,60,60,60,60,60,60,49,49,49,49,49,49,49,49,49,56,56],"card_choices":[{"not_picked":["Blade Dance","Flying Knee","Blur"],"picked":"SKIP","floor":1.0},{"not_picked":["Flying Knee","Deflect"],"picked":"Footwork","floor":2.0},{"not_picked":["Dodge and Roll","Riddle With Holes"],"picked":"Concentrate","floor":7.0},{"not_picked":["Prepared","Glass Knife"],"picked":"Reflex","floor":10.0},{"not_picked":["PiercingWail","Prepared"],"picked":"Deadly Poison","floor":12.0},{"not_picked":["All Out Attack","Blade Dance"],"picked":"Leg Sweep","floor":14.0},{"not_picked":["Envenom","Tools of the Trade"],"picked":"After Image","floor":16.0},{"not_picked":["Flying Knee","Skewer","Sucker Punch+1"],"picked":"SKIP","floor":18.0},{"not_picked":["Noxious Fumes","Slice","Bane"],"picked":"SKIP","floor":22.0},{"not_picked":["Cloak And Dagger","Accuracy"],"picked":"Blur","floor":24.0},{"not_picked":["Escape Plan","Dagger Throw"],"picked":"Reflex","floor":30.0},{"not_picked":["Poisoned Stab","Heel Hook","Skewer"],"picked":"SKIP","floor":31.0},{"not_picked":["Doppelganger","Die Die Die"],"picked":"After Image","floor":33.0},{"not_picked":["Deadly Poison","Bouncing Flask","Underhanded Strike"],"picked":"SKIP","floor":35.0},{"not_picked":["Predator","Choke","Flechettes"],"picked":"SKIP","floor":37.0},{"not_picked":["Bouncing Flask","Cloak And Dagger","Dagger Throw"],"picked":"SKIP","floor":41.0},{"not_picked":["Deadly Poison","Deflect","Poisoned Stab"],"picked":"SKIP","floor":44},{"not_picked":["Distraction","Setup"],"picked":"Footwork","floor":48},{"not_picked":["Grand Finale","Dagger Spray","Caltrops"],"picked":"SKIP","floor":55}],"player_experience":2936021,"relics_obtained":[{"floor":7.0,"key":"Art of War"},{"floor":9.0,"key":"Bag of Marbles"},{"floor":11.0,"key":"Odd Mushroom"},{"floor":30.0,"key":"Omamori"},{"floor":44,"key":"Dodecahedron"},{"floor":55,"key":"Strawberry"}],"event_choices":[{"damage_healed":0.0,"max_hp_gain":0.0,"max_hp_loss":6.0,"gold_gain":0.0,"event_name":"Golden Idol","player_choice":"Lose Max HP","floor":4.0,"gold_loss":0.0,"damage_taken":0.0,"relics_obtained":["Golden Idol"]},{"damage_healed":0.0,"max_hp_gain":0.0,"max_hp_loss":0.0,"gold_gain":0.0,"event_name":"Scrap Ooze","player_choice":"Success","floor":5.0,"gold_loss":0.0,"damage_taken":18.0,"relics_obtained":["Anchor"]},{"damage_healed":0.0,"max_hp_gain":0.0,"max_hp_loss":0.0,"gold_gain":0.0,"event_name":"Mushrooms","player_choice":"Fought Mushrooms","floor":11.0,"gold_loss":0.0,"damage_taken":0.0},{"damage_healed":0.0,"max_hp_gain":0.0,"max_hp_loss":0.0,"gold_gain":0.0,"event_name":"Vampires","player_choice":"Ignored","floor":19.0,"gold_loss":0.0,"damage_taken":0.0},{"damage_healed":0.0,"max_hp_gain":0.0,"max_hp_loss":0.0,"gold_gain":0.0,"event_name":"The Library","player_choice":"Read","floor":21.0,"gold_loss":0.0,"damage_taken":0.0,"cards_obtained":["Expertise"]},{"cards_removed":["Strike_G"],"damage_healed":0.0,"max_hp_gain":0.0,"max_hp_loss":0.0,"gold_gain":0.0,"event_name":"Back to Basics","player_choice":"Elegance","floor":29.0,"gold_loss":0.0,"damage_taken":0.0},{"cards_removed":["Neutralize"],"damage_healed":0.0,"max_hp_gain":0.0,"max_hp_loss":0.0,"gold_gain":0.0,"event_name":"Falling","player_choice":"Removed Attack","floor":36.0,"gold_loss":0.0,"damage_taken":0.0},{"damage_healed":0.0,"max_hp_gain":0.0,"max_hp_loss":0.0,"gold_gain":999.0,"event_name":"MindBloom","player_choice":"Gold","floor":39.0,"gold_loss":0.0,"damage_taken":0.0,"cards_obtained":["Normality","Normality"]},{"damage_healed":49,"gold_gain":0,"player_choice":"Heal","damage_taken":0,"max_hp_gain":0,"max_hp_loss":11,"event_name":"The Moai Head","floor":46,"gold_loss":0}],"is_beta":false,"boss_relics":[{"not_picked":["Philosopher\u0027s Stone","Eternal Feather"],"picked":"Cursed Key"},{"not_picked":["Pandora\u0027s Box","Coffee Dripper"],"picked":"Empty Cage"}],"items_purged_floors":[8,20,38,45,54],"is_endless":false,"potions_floor_spawned":[2,10,11,18,22,41,44,48],"ascension_level":20}