{"gold_per_floor":[10,30,44,44,58,58,83,8,78,78,112,112,112,112,112,112],"floor_reached":16,"playtime":397,"items_purged":["Bash"],"score":236,"play_id":"f8107158-8b71-4eca-9d59-455511201314","local_time":"20190530122412","is_ascension_mode":true,"campfire_choices":[{"data":"Carnage","floor":6.0,"key":"SMITH"},{"data":"Demon Form","floor":10,"key":"SMITH"},{"data":"True Grit","floor":12,"key":"SMITH"},{"data":"Sword Boomerang","floor":15,"key":"SMITH"}],"neow_cost":"NO_GOLD","seed_source_timestamp":6058177705283,"circlet_count":0,"master_deck":["AscendersBane","Strike_R","Strike_R","Strike_R","Defend_R","Defend_R","Defend_R","Defend_R","Twin Strike","Demon Form+1","True Grit+1","Carnage+1","Sword Boomerang+1","Second Wind","Dual Wield"],"special_seed":0,"relics":["Burning Blood","StoneCalendar","Mummified Hand","Pen Nib","Smiling Mask"],"potions_floor_usage":[11,14,16],"damage_taken":[{"damage":1.0,"enemies":"Cultist","floor":1.0,"turns":3.0},{"damage":7.0,"enemies":"Small Slimes","floor":2.0,"turns":4.0},{"damage":9.0,"enemies":"2 Louse","floor":3.0,"turns":3.0},{"damage":5.0,"enemies":"Looter","floor":5.0,"turns":4.0},{"damage":36,"enemies":"3 Sentries","floor":7,"turns":11},{"damage":12,"enemies":"Gremlin Nob","floor":11,"turns":4},{"damage":1,"enemies":"Lagavulin","floor":14,"turns":5},{"damage":2,"enemies":"The Guardian","floor":16,"turns":5}],"seed_played":"-7208722881810631666","potions_obtained":[{"floor":5.0,"key":"SmokeBomb"},{"floor":7,"key":"Weak Potion"},{"floor":11,"key":"Fire Potion"}],"is_trial":false,"path_per_floor":["M","M","M","?","M","R","E","$","T","R","E","R","?","E","R","B"],"character_chosen":"IRONCLAD","items_purchased":[],"campfire_rested":0,"item_purchase_floors":[],"current_hp_per_floor":[73,72,69,69,70,70,40,40,40,40,34,34,8,13,13,11],"gold":112,"neow_bonus":"TRANSFORM_TWO_CARDS","is_prod":false,"is_daily":false,"chose_seed":false,"campfire_upgraded":4,"win_rate":0,"timestamp":1559190252,"path_taken":["M","?","M","?","M","R","E","$","T","R","E","R","?","E","R","BOSS"],"build_version":"2019-01-23","purchased_purges":1,"victory":false,"max_hp_per_floor":[75,75,75,75,75,75,75,75,75,75,75,75,75,75,75,75],"card_choices":[{"not_picked":["Thunderclap","Sword Boomerang"],"picked":"True Grit","floor":1.0},{"not_picked":["Anger","Clothesline"],"picked":"Carnage","floor":2.0},{"not_picked":["Iron Wave","Warcry","True Grit"],"picked":"SKIP","floor":3.0},{"not_picked":["Clash","Infernal Blade"],"picked":"Sword Boomerang","floor":5.0},{"not_picked":["Thunderclap","Shockwave"],"picked":"Second Wind","floor":7},{"not_picked":["Inflame","Warcry"],"picked":"Dual Wield","floor":11}],"player_experience":4900336,"relics_obtained":[{"floor":7,"key":"StoneCalendar"},{"floor":9,"key":"Mummified Hand"},{"floor":11,"key":"Pen Nib"}],"event_choices":[{"damage_healed":0.0,"max_hp_gain":0.0,"max_hp_loss":0.0,"gold_gain":0.0,"event_name":"The Cleric","player_choice":"Leave","floor":4.0,"gold_loss":0.0,"damage_taken":0.0},{"damage_healed":0,"gold_gain":0,"player_choice":"Success","damage_taken":26,"relics_obtained":["Smiling Mask"],"max_hp_gain":0,"max_hp_loss":0,"event_name":"Scrap Ooze","floor":13,"gold_loss":0}],"is_beta":false,"boss_relics":[],"items_purged_floors":[8],"is_endless":false,"potions_floor_spawned":[5,7,11],"killed_by":"The Guardian","ascension_level":20}