{"gold_per_floor":[114,264,283,11,11,36,36,61,85,85,11,29,49,4,4,4],"floor_reached":16,"playtime":469,"items_purged":[],"score":233,"play_id":"e5be252d-6e82-4ffb-8cc1-08f6b6418fd4","local_time":"20180723161518","is_ascension_mode":true,"campfire_choices":[{"data":"Footwork","floor":7,"key":"SMITH"},{"data":"Burst","floor":10,"key":"SMITH"},{"data":"Bouncing Flask","floor":15,"key":"SMITH"}],"neow_cost":"NONE","seed_source_timestamp":22583576043722,"circlet_count":0,"master_deck":["Defend_G+1","Defend_G","Defend_G","Defend_G","Defend_G","Strike_G","Strike_G","Strike_G","Strike_G","Strike_G","Survivor","Neutralize","AscendersBane","Footwork+1","Doubt","Blur","Tactician+1","Acrobatics","Underhanded Strike","Burst+1","Leg Sweep","Bouncing Flask+1"],"relics":["Ring of the Snake","NeowsBlessing","War Paint","Oddly Smooth Stone","Singing Bowl","Boot"],"potions_floor_usage":[8],"damage_taken":[{"damage":0,"enemies":"Small Slimes","floor":1,"turns":1},{"damage":0,"enemies":"2 Louse","floor":3,"turns":1},{"damage":0,"enemies":"Lagavulin","floor":6,"turns":1},{"damage":21,"enemies":"3 Sentries","floor":8,"turns":13},{"damage":0,"enemies":"Cultist","floor":12,"turns":5},{"damage":6,"enemies":"Lots of Slimes","floor":13,"turns":8},{"damage":0,"enemies":"Looter","floor":14,"turns":5},{"damage":13,"enemies":"Slime Boss","floor":16,"turns":7}],"seed_played":"-6323713346627989910","potions_obtained":[{"floor":1,"key":"Fire Potion"},{"floor":3,"key":"GamblersBrew"}],"is_trial":false,"path_per_floor":["M","?","M","$","?","E","R","E","T","R","$","M","M","M","R"],"character_chosen":"THE_SILENT","items_purchased":["Tactician","Acrobatics","War Paint","Leg Sweep"],"campfire_rested":0,"item_purchase_floors":[4,4,4,11],"current_hp_per_floor":[59,59,59,59,59,59,59,38,38,38,38,40,34,36,36,23],"gold":4,"neow_bonus":"THREE_ENEMY_KILL","is_prod":false,"is_daily":false,"chose_seed":false,"campfire_upgraded":3,"win_rate":0,"timestamp":1532333718,"path_taken":["M","?","?","?","?","E","R","E","T","R","?","M","M","M","R","BOSS"],"build_version":"2018-07-19","purchased_purges":0,"victory":false,"max_hp_per_floor":[66,66,66,66,66,66,66,66,66,66,66,68,68,70,70,70],"card_choices":[{"not_picked":["Deflect","Deadly Poison"],"picked":"Footwork","floor":1},{"not_picked":["Flechettes","Poisoned Stab"],"picked":"Blur","floor":3},{"not_picked":["Acrobatics","Dagger Spray"],"picked":"Underhanded Strike","floor":6},{"not_picked":["Bane","Prepared"],"picked":"Burst","floor":8},{"not_picked":["Outmaneuver","Dodge and Roll","Sucker Punch"],"picked":"Singing Bowl","floor":12},{"not_picked":["Dagger Spray","Sucker Punch"],"picked":"Bouncing Flask","floor":13},{"not_picked":["Quick Slash","PiercingWail","Riddle With Holes"],"picked":"Singing Bowl","floor":14}],"player_experience":779823,"relics_obtained":[{"floor":6,"key":"Oddly Smooth Stone"},{"floor":8,"key":"Singing Bowl"},{"floor":9,"key":"Boot"}],"event_choices":[{"event_name":"Liars Game","player_choice":"agreed","floor":2,"damage_taken":0},{"event_name":"The Cleric","player_choice":"Leave","floor":5,"damage_taken":0}],"is_beta":true,"boss_relics":[],"items_purged_floors":[],"is_endless":false,"potions_floor_spawned":[1,3],"killed_by":"Slime Boss","ascension_level":15}