{"gold_per_floor":[111,26,40,190,190,224,224,237,237,237,266,266,284,284,284,380,380,393,393,393,83,37,49,49,49,49,49,69,87,103,118,118,192,192,204,214,1213,171,182,210,210,243,243,257,257,285,285,301,301,301,301,301,301,3,38,38],"floor_reached":57,"playtime":6227,"items_purged":["Barrage","Normality","Normality"],"score":2775,"play_id":"307b5ebb-e19b-4293-8eab-99777c35698a","local_time":"20190304145222","is_ascension_mode":true,"campfire_choices":[{"data":"Streamline","floor":7.0,"key":"SMITH"},{"data":"Dualcast","floor":10.0,"key":"SMITH"},{"data":"Zap","floor":12.0,"key":"SMITH"},{"data":"Defragment","floor":15.0,"key":"SMITH"},{"data":"Discovery","floor":25.0,"key":"SMITH"},{"data":"Fission","floor":27.0,"key":"SMITH"},{"data":"Hologram","floor":32.0,"key":"SMITH"},{"data":"Fission","floor":41.0,"key":"SMITH"},{"floor":49.0,"key":"RECALL"},{"data":"Chill","floor":53,"key":"SMITH"}],"neow_cost":"NONE","seed_source_timestamp":13666702855833,"circlet_count":0,"master_deck":["AscendersBane","Zap+1","Dualcast+1","Streamline+1","Glacier","Fission+1","Defragment+1","Fission+1","Loop","Compile Driver","Conserve Battery","Darkness","Auto Shields","Self Repair","Reboot","Panacea","Discovery+1","Hologram+1","Echo Form","Chill+1","Glacier","Creative AI","Madness","Madness","Recycle"],"special_seed":0,"relics":["Cracked Core","NeowsBlessing","Bird Faced Urn","Nunchaku","Happy Flower","Bloody Idol","Pandora\u0027s Box","Membership Card","The Courier","Philosopher\u0027s Stone","OrangePellets","Blood Vial","Lantern","Gremlin Horn","Cables","Incense Burner","Bag of Preparation","Ancient Tea Set","Centennial Puzzle","Vajra","Question Card","Bottled Lightning","Juzu Bracelet","DataDisk","Bottled Tornado","Strange Spoon","Gambling Chip","Bottled Flame"],"potions_floor_usage":[51,56],"damage_taken":[{"damage":0.0,"enemies":"Small Slimes","floor":1.0,"turns":1.0},{"damage":0.0,"enemies":"Jaw Worm","floor":3.0,"turns":1.0},{"damage":0.0,"enemies":"Lagavulin","floor":6.0,"turns":1.0},{"damage":0.0,"enemies":"2 Louse","floor":8.0,"turns":2.0},{"damage":6.0,"enemies":"Gremlin Nob","floor":11.0,"turns":3.0},{"damage":4.0,"enemies":"Large Slime","floor":13.0,"turns":5.0},{"damage":14.0,"enemies":"The Guardian","floor":16.0,"turns":12.0},{"damage":21.0,"enemies":"Shell Parasite","floor":18.0,"turns":5.0},{"damage":22.0,"enemies":"Colosseum Slavers","floor":19.0,"turns":5.0},{"damage":17.0,"enemies":"Chosen","floor":23.0,"turns":4.0},{"damage":25.0,"enemies":"Snake Plant","floor":28.0,"turns":20.0},{"damage":33.0,"enemies":"Chosen and Byrds","floor":29.0,"turns":7.0},{"damage":2.0,"enemies":"Centurion and Healer","floor":30.0,"turns":9.0},{"damage":0.0,"enemies":"3 Cultists","floor":31.0,"turns":5.0},{"damage":11.0,"enemies":"Champ","floor":33.0,"turns":12.0},{"damage":5.0,"enemies":"Orb Walker","floor":35.0,"turns":4.0},{"damage":39.0,"enemies":"3 Shapes","floor":36.0,"turns":9.0},{"damage":26.0,"enemies":"Spire Growth","floor":39.0,"turns":4.0},{"damage":14.0,"enemies":"Reptomancer","floor":40.0,"turns":8.0},{"damage":3.0,"enemies":"Nemesis","floor":42.0,"turns":11.0},{"damage":44.0,"enemies":"3 Darklings","floor":44.0,"turns":15.0},{"damage":13.0,"enemies":"Giant Head","floor":46.0,"turns":12.0},{"damage":24.0,"enemies":"4 Shapes","floor":48.0,"turns":3.0},{"damage":33.0,"enemies":"Time Eater","floor":50.0,"turns":10.0},{"damage":59,"enemies":"Awakened One","floor":51,"turns":27},{"damage":2,"enemies":"Shield and Spear","floor":55,"turns":6},{"damage":57,"enemies":"The Heart","floor":56,"turns":12}],"seed_played":"2497823398792188569","potions_obtained":[{"floor":1.0,"key":"AttackPotion"},{"floor":3.0,"key":"AttackPotion"},{"floor":11.0,"key":"SteroidPotion"},{"floor":23.0,"key":"Energy Potion"},{"floor":28.0,"key":"FocusPotion"},{"floor":40.0,"key":"Swift Potion"},{"floor":55,"key":"Explosive Potion"}],"is_trial":false,"path_per_floor":["M","$","M","?","?","E","R","M","T","R","E","R","M","?","R","B",null,"M","?","?","$","$","M","?","R","T","R","M","M","M","M","R","B",null,"M","M","?","$","M","E","R","E","T","M","?","E","?","M","R","B","B",null,"R","$","E","B",null],"character_chosen":"DEFECT","items_purchased":["Glacier","Membership Card","Panacea","Discovery","OrangePellets","Blood Vial","Lantern","Gremlin Horn","Cables","Incense Burner","Bag of Preparation","Ancient Tea Set","Centennial Puzzle","Vajra","Question Card","Chill","Bottled Lightning","Strange Spoon","Gambling Chip","PowerPotion"],"campfire_rested":0,"item_purchase_floors":[2,21,21,22,38,38,38,38,38,38,38,38,38,38,38,38,38,54,54,54],"current_hp_per_floor":[64,64,64,64,57,57,57,57,57,57,51,51,47,47,47,35,57,49,40,40,40,40,43,43,43,43,43,64,45,64,64,64,64,64,64,64,64,64,52,64,64,64,64,64,64,64,52,56,56,63,64,64,64,64,64,54],"gold":38,"neow_bonus":"THREE_ENEMY_KILL","is_prod":false,"is_daily":false,"chose_seed":false,"campfire_upgraded":9,"win_rate":0,"timestamp":1551682342,"path_taken":["M","$","M","?","?","E","R","M","T","R","E","R","M","?","R","BOSS","M","?","?","?","$","M","?","R","T","R","M","M","?","M","R","BOSS","M","?","?","$","M","E","R","E","T","M","?","E","?","M","R","BOSS","BOSS","R","$","E","BOSS"],"build_version":"2019-01-23","purchased_purges":3,"victory":true,"max_hp_per_floor":[71,71,71,71,71,71,71,71,71,71,71,71,71,64,64,64,64,64,64,64,64,64,64,64,64,64,64,64,64,64,64,64,64,64,64,64,64,64,64,64,64,64,64,64,64,64,64,64,64,64,64,64,64,64,64,64],"card_choices":[{"not_picked":["Skim","Hologram"],"picked":"Streamline","floor":1.0},{"not_picked":["Stack","Go for the Eyes","Sweeping Beam"],"picked":"SKIP","floor":3.0},{"not_picked":["Gash","Hologram","Conserve Battery"],"picked":"SKIP","floor":6.0},{"not_picked":["Stack","Redo","Leap"],"picked":"SKIP","floor":8.0},{"not_picked":["Beam Cell","Heatsinks"],"picked":"Fission","floor":11.0},{"not_picked":["Redo","Sweeping Beam"],"picked":"Defragment","floor":13.0},{"not_picked":["Seek","Multi-Cast"],"picked":"Fission","floor":16.0},{"not_picked":["Leap","Barrage+1","Melter"],"picked":"SKIP","floor":18.0},{"not_picked":["Melter","Reprogram+1","Beam Cell"],"picked":"SKIP","floor":23.0},{"not_picked":["Chaos","Hello World+1","Cold Snap"],"picked":"SKIP","floor":28.0},{"not_picked":["Chaos","Hello World+1","Cold Snap"],"picked":"SKIP","floor":28.0},{"not_picked":["FTL+1","Sweeping Beam"],"picked":"Hologram","floor":29.0},{"not_picked":["Blizzard","Turbo","Melter"],"picked":"SKIP","floor":30.0},{"not_picked":["Blizzard","Turbo","Melter"],"picked":"SKIP","floor":30.0},{"not_picked":["Compile Driver","Conserve Battery","Sunder"],"picked":"SKIP","floor":31.0},{"not_picked":["Core Surge","Seek"],"picked":"Echo Form","floor":33.0},{"not_picked":["Gash","Rebound","Leap"],"picked":"SKIP","floor":35.0},{"not_picked":["Leap","Scrape","Sunder"],"picked":"SKIP","floor":36.0},{"not_picked":["Force Field+1","Leap+1","Compile Driver","Ball Lightning"],"picked":"SKIP","floor":39.0},{"not_picked":["Force Field+1","Leap+1","Compile Driver","Ball Lightning"],"picked":"SKIP","floor":39.0},{"not_picked":["Rebound","Gash","FTL+1"],"picked":"Glacier","floor":40.0},{"not_picked":["Core Surge","Sweeping Beam","Steam","Hello World"],"picked":"SKIP","floor":42.0},{"not_picked":["Stack+1","Redo","Doom and Gloom+1","Leap"],"picked":"SKIP","floor":44.0},{"not_picked":["Skim","Rebound","Stack"],"picked":"Creative AI","floor":46.0},{"not_picked":["Cold Snap","Sweeping Beam","Rebound","Fusion"],"picked":"SKIP","floor":48.0},{"not_picked":["Heatsinks+1","Consume","Stack"],"picked":"Recycle","floor":55}],"player_experience":3305040,"relics_obtained":[{"floor":6.0,"key":"Bird Faced Urn"},{"floor":9.0,"key":"Nunchaku"},{"floor":11.0,"key":"Happy Flower"},{"floor":26.0,"key":"The Courier"},{"floor":40.0,"key":"Juzu Bracelet"},{"floor":42.0,"key":"DataDisk"},{"floor":46.0,"key":"Bottled Tornado"},{"floor":55,"key":"Bottled Flame"}],"event_choices":[{"damage_healed":0.0,"max_hp_gain":0.0,"max_hp_loss":0.0,"gold_gain":150.0,"event_name":"Liars Game","player_choice":"AGREE","floor":4.0,"gold_loss":0.0,"damage_taken":0.0,"cards_obtained":["Doubt"]},{"cards_removed":["Doubt"],"damage_healed":0.0,"max_hp_gain":0.0,"max_hp_loss":0.0,"gold_gain":0.0,"event_name":"Golden Wing","player_choice":"Card Removal","floor":5.0,"gold_loss":0.0,"damage_taken":7.0},{"damage_healed":0.0,"max_hp_gain":0.0,"max_hp_loss":7.0,"gold_gain":0.0,"event_name":"Golden Idol","player_choice":"Lose Max HP","floor":14.0,"gold_loss":0.0,"damage_taken":0.0,"relics_obtained":["Golden Idol"]},{"damage_healed":0.0,"max_hp_gain":0.0,"max_hp_loss":0.0,"gold_gain":0.0,"event_name":"Colosseum","player_choice":"Fight","floor":19.0,"gold_loss":0.0,"damage_taken":0.0},{"damage_healed":0.0,"max_hp_gain":0.0,"max_hp_loss":0.0,"gold_gain":0.0,"event_name":"Colosseum","player_choice":"Fled From Nobs","floor":19.0,"gold_loss":0.0,"damage_taken":0.0},{"damage_healed":0.0,"max_hp_gain":0.0,"max_hp_loss":0.0,"gold_gain":0.0,"event_name":"Forgotten Altar","player_choice":"Gave Idol","floor":20.0,"relics_lost":["Golden Idol"],"gold_loss":0.0,"damage_taken":0.0,"relics_obtained":["Bloody Idol"]},{"damage_healed":0.0,"max_hp_gain":0.0,"max_hp_loss":0.0,"gold_gain":999.0,"event_name":"MindBloom","player_choice":"Gold","floor":37.0,"gold_loss":0.0,"damage_taken":0.0,"cards_obtained":["Normality","Normality"]},{"damage_healed":0.0,"max_hp_gain":0.0,"max_hp_loss":0.0,"gold_gain":0.0,"event_name":"Tomb of Lord Red Mask","player_choice":"Ignored","floor":45.0,"gold_loss":0.0,"damage_taken":0.0},{"damage_healed":0.0,"max_hp_gain":0.0,"max_hp_loss":0.0,"gold_gain":0.0,"event_name":"Winding Halls","player_choice":"Embrace Madness","floor":47.0,"gold_loss":0.0,"damage_taken":12.0,"cards_obtained":["Madness","Madness"]}],"is_beta":false,"boss_relics":[{"not_picked":["Inserter","Snecko Eye"],"picked":"Pandora\u0027s Box"},{"not_picked":["Velvet Choker","Lizard Tail"],"picked":"Philosopher\u0027s Stone"}],"items_purged_floors":[21,38,54],"is_endless":false,"potions_floor_spawned":[1,3,11,23,28,31,33,36,40,44,55],"ascension_level":20}