{"gold_per_floor":[115,40,54,73,84,119,130,130,185,220,234,262,278,293,293,392,392,406,406,96,115,134,134,165,179,251,251,251,251,263,288,288,389,389,401,424,135,153,172,172,188,222,246,246,258,270,76,87,87,87],"floor_reached":51,"playtime":3090,"items_purged":["Injury","Strike_R","Parasite"],"score":780,"play_id":"1821958d-a7db-42bf-bfb9-970f711a35f7","local_time":"20190807025014","is_ascension_mode":true,"campfire_choices":[{"data":"Bash","floor":8,"key":"SMITH"},{"data":"Demon Form","floor":15,"key":"SMITH"},{"data":"1","floor":23,"key":"LIFT"},{"data":"2","floor":27,"key":"LIFT"},{"floor":32,"key":"REST"},{"data":"Corruption","floor":40,"key":"SMITH"},{"floor":44,"key":"REST"},{"floor":49,"key":"REST"}],"neow_cost":"CURSE","seed_source_timestamp":2418284903865979,"circlet_count":0,"master_deck":["Strike_R","Strike_R","Strike_R","Strike_R","Defend_R","Defend_R","Defend_R","Defend_R","Bash+1","Clothesline","Anger","Rampage","Shrug It Off","Sword Boomerang","Demon Form+1","Shrug It Off","Shockwave","Armaments","Heavy Blade","Limit Break","True Grit","Thunderclap","Headbutt","Feel No Pain+1","Sword Boomerang","Decay","Cleave","Headbutt","Barricade","Intimidate+1","Corruption+1","Body Slam","Sentinel+1","Ghostly Armor+1","Havoc","Clothesline+1","Seeing Red","Dark Embrace"],"relics":["Burning Blood","Gambling Chip","PreservedInsect","Tiny Chest","Blood Vial","Art of War","Mark of Pain","Girya","Matryoshka","Vajra","Self Forming Clay","Orichalcum","Potion Belt","Anchor","White Beast Statue","Lantern","Red Skull","Molten Egg 2","Happy Flower"],"potions_floor_usage":[10,16,24,24,25,31,39,42,45,50,50,50,50,50],"damage_taken":[{"damage":2,"enemies":"Small Slimes","floor":1,"turns":4},{"damage":2,"enemies":"2 Louse","floor":3,"turns":2},{"damage":4,"enemies":"Jaw Worm","floor":4,"turns":4},{"damage":5,"enemies":"Red Slaver","floor":5,"turns":3},{"damage":16,"enemies":"Lagavulin","floor":6,"turns":5},{"damage":8,"enemies":"Blue Slaver","floor":7,"turns":4},{"damage":19,"enemies":"3 Sentries","floor":10,"turns":4},{"damage":5,"enemies":"2 Fungi Beasts","floor":11,"turns":3},{"damage":8,"enemies":"Lagavulin","floor":12,"turns":5},{"damage":11,"enemies":"Exordium Thugs","floor":13,"turns":4},{"damage":0,"enemies":"Looter","floor":14,"turns":4},{"damage":29,"enemies":"The Guardian","floor":16,"turns":7},{"damage":9,"enemies":"Shell Parasite","floor":18,"turns":6},{"damage":26,"enemies":"2 Thieves","floor":21,"turns":5},{"damage":41,"enemies":"3 Cultists","floor":22,"turns":7},{"damage":14,"enemies":"Slavers","floor":24,"turns":5},{"damage":3,"enemies":"Snake Plant","floor":25,"turns":4},{"damage":8,"enemies":"Centurion and Healer","floor":30,"turns":6},{"damage":12,"enemies":"Gremlin Leader","floor":31,"turns":5},{"damage":23,"enemies":"Automaton","floor":33,"turns":6},{"damage":6,"enemies":"Orb Walker","floor":35,"turns":3},{"damage":15,"enemies":"3 Darklings","floor":38,"turns":5},{"damage":19,"enemies":"Jaw Worm Horde","floor":39,"turns":5},{"damage":8,"enemies":"4 Shapes","floor":41,"turns":5},{"damage":46,"enemies":"Reptomancer","floor":42,"turns":6},{"damage":0,"enemies":"Writhing Mass","floor":45,"turns":4},{"damage":8,"enemies":"Spire Growth","floor":46,"turns":5},{"damage":17,"enemies":"3 Darklings","floor":48,"turns":6},{"damage":65,"enemies":"Awakened One","floor":50,"turns":8}],"seed_played":"-5536965380346526032","potions_obtained":[{"floor":3,"key":"PowerPotion"},{"floor":4,"key":"Explosive Potion"},{"floor":5,"key":"EssenceOfSteel"},{"floor":14,"key":"SpeedPotion"},{"floor":16,"key":"FairyPotion"},{"floor":21,"key":"Weak Potion"},{"floor":22,"key":"Swift Potion"},{"floor":30,"key":"EssenceOfSteel"},{"floor":33,"key":"PowerPotion"},{"floor":35,"key":"Block Potion"},{"floor":38,"key":"GamblersBrew"},{"floor":39,"key":"SkillPotion"},{"floor":41,"key":"EssenceOfSteel"},{"floor":42,"key":"AttackPotion"},{"floor":45,"key":"SteroidPotion"},{"floor":46,"key":"SkillPotion"}],"is_trial":false,"path_per_floor":["M","$","M","M","M","E","M","R","T","E","M","E","M","M","R","B",null,"M","?","$","M","M","R","E","M","T","R","?","T","M","E","R","B",null,"M","T","$","M","M","R","M","E","T","R","M","M","$","M","R","B",null],"character_chosen":"IRONCLAD","items_purchased":["Girya","Corruption","Red Skull","Seeing Red"],"campfire_rested":3,"item_purchase_floors":[20,37,37,47],"current_hp_per_floor":[80,80,80,80,80,70,68,68,68,55,58,58,55,63,63,42,80,77,77,77,59,26,26,20,25,25,25,25,25,25,21,45,30,80,80,80,80,71,60,60,60,22,22,46,54,54,54,45,68,11],"gold":87,"neow_bonus":"ONE_RARE_RELIC","is_prod":false,"is_daily":false,"chose_seed":false,"campfire_upgraded":3,"win_rate":0,"timestamp":1565135414,"path_taken":["M","$","M","M","M","E","M","R","T","E","M","E","M","M","R","BOSS","M","?","$","M","M","R","E","M","T","R","?","?","M","E","R","BOSS","M","?","$","M","M","R","M","E","T","R","M","M","$","M","R","BOSS"],"build_version":"2019-07-17","purchased_purges":3,"victory":true,"max_hp_per_floor":[80,80,80,80,80,80,80,80,80,80,80,80,80,80,80,80,80,80,80,80,80,80,80,80,80,80,80,80,80,80,80,80,80,80,80,80,80,80,80,80,80,80,80,80,80,80,77,77,77,77],"card_choices":[{"not_picked":["Carnage","Twin Strike"],"picked":"Clothesline","floor":1},{"not_picked":["Clothesline","Flex"],"picked":"Anger","floor":3},{"not_picked":["Body Slam","Anger"],"picked":"Rampage","floor":4},{"not_picked":["Wild Strike","Entrench"],"picked":"Shrug It Off","floor":5},{"not_picked":["Bloodletting","Sever Soul","Rampage"],"picked":"SKIP","floor":6},{"not_picked":["Body Slam","Exhume"],"picked":"Sword Boomerang","floor":7},{"not_picked":["Limit Break","Sever Soul"],"picked":"Demon Form","floor":10},{"not_picked":["Clash","Ghostly Armor"],"picked":"Shrug It Off","floor":11},{"not_picked":["Anger","Warcry"],"picked":"Shockwave","floor":12},{"not_picked":["Thunderclap","Ghostly Armor"],"picked":"Armaments","floor":13},{"not_picked":["Battle Trance","Intimidate"],"picked":"Heavy Blade","floor":14},{"not_picked":["Double Tap","Demon Form"],"picked":"Limit Break","floor":16},{"not_picked":["Thunderclap+1","Evolve"],"picked":"True Grit","floor":18},{"not_picked":["Body Slam","Wild Strike"],"picked":"Thunderclap","floor":21},{"not_picked":["Perfected Strike+1","Fire Breathing+1"],"picked":"Headbutt","floor":22},{"not_picked":["Carnage","True Grit"],"picked":"Feel No Pain+1","floor":24},{"not_picked":["Flex","Twin Strike"],"picked":"Sword Boomerang","floor":25},{"not_picked":["Entrench","Body Slam"],"picked":"Cleave","floor":30},{"not_picked":["Twin Strike","Dark Embrace"],"picked":"Headbutt","floor":31},{"not_picked":["Brutality","Immolate"],"picked":"Barricade","floor":33},{"not_picked":["Warcry","Wild Strike"],"picked":"Intimidate+1","floor":35},{"not_picked":["Anger","Perfected Strike+1"],"picked":"Body Slam","floor":38},{"not_picked":["Corruption+1","Clash+1"],"picked":"Sentinel+1","floor":39},{"not_picked":["Whirlwind","Pommel Strike+1"],"picked":"Ghostly Armor+1","floor":41},{"not_picked":["Pommel Strike+1","Thunderclap"],"picked":"Havoc","floor":42},{"not_picked":["Evolve","Clothesline+1","Flex+1"],"picked":"SKIP","floor":45},{"not_picked":["Pommel Strike+1","Perfected Strike+1"],"picked":"Clothesline+1","floor":46},{"not_picked":["Havoc","Headbutt+1"],"picked":"Dark Embrace","floor":48}],"player_experience":132718,"relics_obtained":[{"floor":6,"key":"PreservedInsect"},{"floor":9,"key":"Tiny Chest"},{"floor":10,"key":"Blood Vial"},{"floor":12,"key":"Art of War"},{"floor":24,"key":"Matryoshka"},{"floor":26,"key":"Vajra"},{"floor":26,"key":"Self Forming Clay"},{"floor":29,"key":"Orichalcum"},{"floor":29,"key":"Potion Belt"},{"floor":31,"key":"Anchor"},{"floor":36,"key":"Lantern"},{"floor":42,"key":"Molten Egg 2"},{"floor":43,"key":"Happy Flower"}],"event_choices":[{"damage_healed":0,"gold_gain":0,"player_choice":"Ignored","damage_taken":0,"max_hp_gain":0,"max_hp_loss":0,"event_name":"Ghosts","floor":19,"gold_loss":0},{"damage_healed":0,"gold_gain":0,"player_choice":"Smashed Altar","damage_taken":0,"max_hp_gain":0,"max_hp_loss":0,"event_name":"Forgotten Altar","floor":28,"gold_loss":0,"cards_obtained":["Decay"]}],"is_beta":false,"boss_relics":[{"not_picked":["Philosopher\u0027s Stone","Coffee Dripper"],"picked":"Mark of Pain"},{"not_picked":["Black Blood","Runic Dome"],"picked":"White Beast Statue"}],"items_purged_floors":[2,37,47],"is_endless":false,"potions_floor_spawned":[3,4,5,14,16,21,22,30,33,35,38,39,41,42,45,46,48],"ascension_level":1}