{"gold_per_floor":[117,117,132,144,219,219,251,251,277,277,294,8,19,19,19,97,97,107,7,7,19,19,19,46,46,46,65,75,0,20,31,31,104,104,117,127,2,14,114,141,141,156,156,166,166,200,200,115,115,115,115,115,115,17,17],"floor_reached":55,"playtime":3390,"items_purged":["Strike_G","Strike_G","Strike_G"],"score":1894,"play_id":"1f3fac68-721b-4912-a099-1e1a5cb6b23d","local_time":"20190101170833","is_ascension_mode":true,"campfire_choices":[{"floor":6.0,"key":"RECALL"},{"floor":8.0,"key":"REST"},{"floor":15.0,"key":"REST"},{"floor":23.0,"key":"REST"},{"floor":25.0,"key":"REST"},{"floor":32.0,"key":"REST"},{"floor":41.0,"key":"REST"},{"floor":47.0,"key":"REST"},{"floor":49.0,"key":"REST"},{"floor":53,"key":"REST"}],"neow_cost":"NONE","seed_source_timestamp":15807332577878,"circlet_count":0,"master_deck":["AscendersBane","Defend_G","Defend_G","Defend_G","Defend_G","Defend_G","Strike_G","Survivor","Neutralize","Noxious Fumes","Escape Plan","Expertise","Deadly Poison","Catalyst","Venomology","Backflip","Bouncing Flask","Noxious Fumes","After Image","Crippling Poison","Adrenaline","Catalyst","Well Laid Plans","Footwork"],"special_seed":0,"relics":["Fusion Hammer","Bag of Marbles","FossilizedHelix","Strawberry","Cursed Key","Enchiridion","Orichalcum","Meat on the Bone","Snecko Eye","Tough Bandages","Potion Belt","Lantern"],"potions_floor_usage":[51,51,51,51,51,55,55,55,55,55,55],"damage_taken":[{"damage":2.0,"enemies":"2 Louse","floor":1.0,"turns":2.0},{"damage":0.0,"enemies":"Cultist","floor":3.0,"turns":4.0},{"damage":0.0,"enemies":"Small Slimes","floor":4.0,"turns":3.0},{"damage":30.0,"enemies":"3 Sentries","floor":7.0,"turns":11.0},{"damage":0.0,"enemies":"Exordium Wildlife","floor":11.0,"turns":4.0},{"damage":0.0,"enemies":"Red Slaver","floor":13.0,"turns":4.0},{"damage":1.0,"enemies":"The Guardian","floor":16.0,"turns":10.0},{"damage":0.0,"enemies":"3 Byrds","floor":18.0,"turns":5.0},{"damage":0.0,"enemies":"Shell Parasite","floor":21.0,"turns":8.0},{"damage":48.0,"enemies":"Book of Stabbing","floor":24.0,"turns":6.0},{"damage":11.0,"enemies":"Shelled Parasite and Fungi","floor":27.0,"turns":4.0},{"damage":0.0,"enemies":"Centurion and Healer","floor":28.0,"turns":7.0},{"damage":0.0,"enemies":"Cultist and Chosen","floor":30.0,"turns":5.0},{"damage":24.0,"enemies":"3 Cultists","floor":31.0,"turns":6.0},{"damage":35.0,"enemies":"Champ","floor":33.0,"turns":9.0},{"damage":26.0,"enemies":"3 Darklings","floor":35.0,"turns":6.0},{"damage":10.0,"enemies":"3 Shapes","floor":36.0,"turns":5.0},{"damage":0.0,"enemies":"Writhing Mass","floor":38.0,"turns":5.0},{"damage":0.0,"enemies":"Mind Bloom Boss Battle","floor":39.0,"turns":8.0},{"damage":29.0,"enemies":"Nemesis","floor":40.0,"turns":9.0},{"damage":16.0,"enemies":"Sphere and 2 Shapes","floor":42.0,"turns":6.0},{"damage":1.0,"enemies":"Maw","floor":44.0,"turns":7.0},{"damage":0.0,"enemies":"Giant Head","floor":46.0,"turns":7.0},{"damage":44.0,"enemies":"Donu and Deca","floor":50.0,"turns":11.0},{"damage":42,"enemies":"Time Eater","floor":51,"turns":7},{"damage":88,"enemies":"Shield and Spear","floor":55,"turns":6}],"seed_played":"-2959661981294812409","potions_obtained":[{"floor":1.0,"key":"Weak Potion"},{"floor":3.0,"key":"SteroidPotion"},{"floor":13.0,"key":"Fire Potion"},{"floor":24.0,"key":"SteroidPotion"},{"floor":40.0,"key":"LiquidBronze"}],"is_trial":false,"path_per_floor":["M","?","M","M","?","R","E","R","T","?","M","$","M","?","R","B",null,"M","$","?","M","?","R","E","R","T","M","M","?","M","M","R","B",null,"M","M","$","M","?","E","R","M","T","M","?","E","R","$","R","B","B",null,"R","$","E"],"character_chosen":"THE_SILENT","items_purchased":["Catalyst","Strawberry","Well Laid Plans","Footwork","Block Potion"],"campfire_rested":9,"item_purchase_floors":[12,12,48,54,54],"current_hp_per_floor":[57,66,66,66,55,55,25,44,44,33,33,40,40,33,54,53,68,68,68,47,47,26,49,1,24,24,25,37,37,49,37,60,37,68,42,44,44,44,44,27,50,46,46,45,45,45,68,68,78,46,16,63,78,78,0],"gold":17,"neow_bonus":"BOSS_RELIC","is_prod":false,"is_daily":false,"chose_seed":false,"campfire_upgraded":0,"win_rate":0,"timestamp":1546333713,"path_taken":["M","?","?","M","?","R","E","R","T","?","M","?","?","?","R","BOSS","M","$","?","M","?","R","E","R","T","M","M","?","M","M","R","BOSS","M","M","$","M","?","E","R","M","T","M","?","E","R","$","R","BOSS","BOSS","R","$","E"],"build_version":"2018-12-20","purchased_purges":3,"victory":false,"max_hp_per_floor":[66,66,66,66,66,66,66,66,66,66,66,73,73,73,73,73,73,73,73,78,78,78,78,78,78,78,78,78,78,78,78,78,78,78,78,78,78,78,78,78,78,78,78,78,78,78,78,78,78,78,78,78,78,78,78],"card_choices":[{"not_picked":["Choke","Concentrate"],"picked":"Noxious Fumes","floor":1.0},{"not_picked":["Cloak And Dagger","Dagger Throw"],"picked":"Escape Plan","floor":3.0},{"not_picked":["Bane","PiercingWail","Quick Slash"],"picked":"SKIP","floor":4.0},{"not_picked":["Prepared","Slice"],"picked":"Expertise","floor":7.0},{"not_picked":["Riddle With Holes","Poisoned Stab"],"picked":"Deadly Poison","floor":11.0},{"not_picked":["Riddle With Holes","Flechettes","Outmaneuver"],"picked":"SKIP","floor":13.0},{"not_picked":["Tools of the Trade","Glass Knife"],"picked":"Venomology","floor":16.0},{"not_picked":["Deflect","Backstab+1","Outmaneuver"],"picked":"SKIP","floor":18.0},{"not_picked":["Cloak And Dagger+1","Deflect"],"picked":"Backflip","floor":21.0},{"not_picked":["Slice+1","Escape Plan"],"picked":"Bouncing Flask","floor":24.0},{"not_picked":["Cloak And Dagger+1","Dagger Spray","Dagger Throw"],"picked":"SKIP","floor":27.0},{"not_picked":["Prepared+1","Heel Hook","Sucker Punch+1"],"picked":"SKIP","floor":28.0},{"not_picked":["Sucker Punch+1","Tools of the Trade"],"picked":"Noxious Fumes","floor":30.0},{"not_picked":["Endless Agony","All Out Attack","Dagger Throw"],"picked":"SKIP","floor":31.0},{"not_picked":["Wraith Form v2","Unload"],"picked":"After Image","floor":33.0},{"not_picked":["Dagger Spray","Deadly Poison+1"],"picked":"Crippling Poison","floor":35.0},{"not_picked":["Flying Knee","Dodge and Roll","Finisher"],"picked":"SKIP","floor":36.0},{"not_picked":["Prepared","Deflect","Quick Slash+1"],"picked":"SKIP","floor":38.0},{"not_picked":["Tools of the Trade","Dodge and Roll"],"picked":"Adrenaline","floor":40.0},{"not_picked":["Dagger Spray","Choke+1","Bane"],"picked":"SKIP","floor":42.0},{"not_picked":["Quick Slash+1","Acrobatics","Slice"],"picked":"SKIP","floor":44.0},{"not_picked":["Flechettes","Reflex+1","Dagger Spray"],"picked":"SKIP","floor":46.0}],"player_experience":1643977,"relics_obtained":[{"floor":7.0,"key":"Bag of Marbles"},{"floor":22.0,"key":"Enchiridion"},{"floor":24.0,"key":"Orichalcum"},{"floor":26.0,"key":"Meat on the Bone"},{"floor":39.0,"key":"Tough Bandages"},{"floor":40.0,"key":"Potion Belt"},{"floor":46.0,"key":"Lantern"}],"event_choices":[{"damage_healed":9.0,"max_hp_gain":0.0,"max_hp_loss":0.0,"gold_gain":0.0,"event_name":"Wheel of Change","player_choice":"Full Heal","floor":2.0,"gold_loss":0.0,"damage_taken":0.0},{"damage_healed":0.0,"max_hp_gain":0.0,"max_hp_loss":0.0,"gold_gain":75.0,"event_name":"World of Goop","player_choice":"Gather Gold","floor":5.0,"gold_loss":0.0,"damage_taken":11.0},{"damage_healed":0.0,"max_hp_gain":0.0,"max_hp_loss":0.0,"gold_gain":0.0,"event_name":"Scrap Ooze","player_choice":"Success","floor":10.0,"gold_loss":0.0,"damage_taken":11.0,"relics_obtained":["FossilizedHelix"]},{"cards_removed":["Strike_G"],"damage_healed":0.0,"max_hp_gain":0.0,"max_hp_loss":0.0,"gold_gain":0.0,"event_name":"Golden Wing","player_choice":"Card Removal","floor":14.0,"gold_loss":0.0,"damage_taken":7.0},{"damage_healed":0.0,"max_hp_gain":5.0,"max_hp_loss":0.0,"gold_gain":0.0,"event_name":"Forgotten Altar","player_choice":"Shed Blood","floor":20.0,"gold_loss":0.0,"damage_taken":26.0},{"damage_healed":0.0,"max_hp_gain":0.0,"max_hp_loss":0.0,"gold_gain":0.0,"event_name":"Cursed Tome","player_choice":"Obtained Book","floor":22.0,"gold_loss":0.0,"damage_taken":21.0},{"cards_removed":["Shame"],"damage_healed":0.0,"max_hp_gain":0.0,"max_hp_loss":0.0,"gold_gain":0.0,"event_name":"Beggar","player_choice":"Gave Gold","floor":29.0,"gold_loss":75.0,"damage_taken":0.0},{"damage_healed":0.0,"max_hp_gain":0.0,"max_hp_loss":0.0,"gold_gain":0.0,"event_name":"MindBloom","player_choice":"Fight","floor":39.0,"gold_loss":0.0,"damage_taken":0.0},{"damage_healed":0.0,"max_hp_gain":0.0,"max_hp_loss":0.0,"gold_gain":0.0,"event_name":"Duplicator","player_choice":"Copied","floor":45.0,"gold_loss":0.0,"damage_taken":0.0,"cards_obtained":["Catalyst"]}],"is_beta":false,"boss_relics":[{"not_picked":["Empty Cage","Tiny House"],"picked":"Cursed Key"},{"not_picked":["Black Star","Orrery"],"picked":"Snecko Eye"}],"items_purged_floors":[12,19,37],"is_endless":false,"potions_floor_spawned":[1,3,13,21,24,28,39,40,44],"killed_by":"Shield and Spear","ascension_level":20}