{"gold_per_floor":[117,134,61,61,37,72,82,82,82,82,82,106,106,106,106,227,227,243,243,243,233,158,158,158,158],"floor_reached":25,"playtime":466,"items_purged":[],"score":380,"play_id":"a87b89df-44df-46a3-bfc1-758200bd887f","local_time":"20181026151704","is_ascension_mode":true,"campfire_choices":[{"data":"Zap","floor":11,"key":"SMITH"},{"data":"Defragment","floor":13,"key":"SMITH"},{"data":"Hologram","floor":15,"key":"SMITH"},{"data":"Dualcast","floor":24,"key":"SMITH"}],"neow_cost":"NONE","seed_source_timestamp":86027306039883,"circlet_count":0,"master_deck":["Strike_B","Defend_B","Defend_B","Defend_B","Defend_B","Zap+1","Dualcast+1","AscendersBane","Self Repair","Conserve Battery","Defragment+1","Hologram+1","Ball Lightning","Creative AI+1","Reinforced Body","Ghostly","Ghostly","Ghostly","Ghostly","Ghostly"],"special_seed":0,"relics":["Cracked Core","NeowsBlessing","Ice Cream","Golden Idol","Bottled Tornado","Philosopher\u0027s Stone"],"potions_floor_usage":[],"damage_taken":[{"damage":0.0,"enemies":"Small Slimes","floor":1.0,"turns":1.0},{"damage":0.0,"enemies":"Cultist","floor":2.0,"turns":1.0},{"damage":0,"enemies":"3 Sentries","floor":6,"turns":1},{"damage":3,"enemies":"2 Louse","floor":7,"turns":3},{"damage":4,"enemies":"Blue Slaver","floor":12,"turns":3},{"damage":41,"enemies":"The Guardian","floor":16,"turns":11},{"damage":27,"enemies":"Chosen","floor":18,"turns":5},{"damage":21,"enemies":"2 Thieves","floor":21,"turns":4},{"damage":25,"enemies":"Snecko","floor":25,"turns":6}],"seed_played":"-1838506171783270407","potions_obtained":[{"floor":2.0,"key":"Poison Potion"},{"floor":7,"key":"SpeedPotion"}],"is_trial":false,"path_per_floor":["M","M","$","?","$","E","M","?","T","?","R","M","R","?","R","B",null,"M","?","?","M","?","?","R"],"character_chosen":"DEFECT","items_purchased":["Defragment","Hologram"],"campfire_rested":0,"item_purchase_floors":[3,5],"current_hp_per_floor":[68,75,75,75,75,75,75,57,57,57,57,60,60,60,60,26,63,43,43,37,23,23,23,23,0],"gold":158,"neow_bonus":"THREE_ENEMY_KILL","is_prod":false,"is_daily":false,"chose_seed":false,"campfire_upgraded":4,"win_rate":0,"timestamp":1540538224,"path_taken":["M","M","$","?","$","E","M","?","T","?","R","M","R","?","R","BOSS","M","?","?","M","?","?","R","M"],"build_version":"2018-10-25","purchased_purges":0,"victory":false,"max_hp_per_floor":[75,75,75,75,75,75,75,75,75,75,75,75,75,75,75,75,75,75,75,37,37,37,37,37,37],"card_choices":[{"not_picked":["Beam Cell","Recycle"],"picked":"Self Repair","floor":1.0},{"not_picked":["Lockon","Heatsinks"],"picked":"Conserve Battery","floor":2.0},{"not_picked":["Redo","Stack","Hologram"],"picked":"SKIP","floor":6},{"not_picked":["Force Field","Streamline"],"picked":"Ball Lightning","floor":7},{"not_picked":["Conserve Battery","Ball Lightning","Leap"],"picked":"SKIP","floor":12},{"not_picked":["Hyperbeam","Machine Learning"],"picked":"Creative AI","floor":16},{"not_picked":["Rebound","Steam Power"],"picked":"Reinforced Body","floor":18},{"not_picked":["Conserve Battery","Turbo","Doom and Gloom"],"picked":"SKIP","floor":21}],"player_experience":403690,"relics_obtained":[{"floor":6,"key":"Ice Cream"},{"floor":9,"key":"Bottled Tornado"}],"event_choices":[{"cards_removed":["Strike_B"],"damage_healed":0,"gold_gain":0,"player_choice":"Forget","damage_taken":0,"max_hp_gain":0,"max_hp_loss":0,"event_name":"Living Wall","floor":4,"gold_loss":0},{"damage_healed":0,"gold_gain":0,"player_choice":"Take Damage","damage_taken":18,"relics_obtained":["Golden Idol"],"max_hp_gain":0,"max_hp_loss":0,"event_name":"Golden Idol","floor":8,"gold_loss":0},{"cards_removed":["Strike_B"],"damage_healed":0,"gold_gain":0,"player_choice":"Offered Basic","damage_taken":0,"max_hp_gain":0,"max_hp_loss":0,"event_name":"Bonfire Elementals","floor":10,"gold_loss":0},{"damage_healed":0,"gold_gain":0,"player_choice":"Ignored","damage_taken":0,"max_hp_gain":0,"max_hp_loss":0,"event_name":"Liars Game","floor":14,"gold_loss":0},{"damage_healed":0,"gold_gain":0,"player_choice":"Ignored","damage_taken":0,"max_hp_gain":0,"max_hp_loss":0,"event_name":"Vampires","floor":19,"gold_loss":0},{"damage_healed":0,"gold_gain":0,"player_choice":"Became a Ghost","damage_taken":0,"max_hp_gain":0,"max_hp_loss":38,"event_name":"Ghosts","floor":20,"gold_loss":0,"cards_obtained":["Ghostly","Ghostly","Ghostly","Ghostly","Ghostly"]},{"cards_removed":["Strike_B"],"damage_healed":0,"gold_gain":0,"player_choice":"Gave Gold","damage_taken":0,"max_hp_gain":0,"max_hp_loss":0,"event_name":"Beggar","floor":22,"gold_loss":75},{"damage_healed":0,"gold_gain":0,"player_choice":"Upgraded","damage_taken":0,"max_hp_gain":0,"max_hp_loss":0,"event_name":"Upgrade Shrine","floor":23,"gold_loss":0,"cards_upgraded":["Creative AI"]}],"is_beta":false,"boss_relics":[{"not_picked":["Inserter","Runic Pyramid"],"picked":"Philosopher\u0027s Stone"}],"items_purged_floors":[],"is_endless":false,"potions_floor_spawned":[2,7,16],"killed_by":"Snecko","ascension_level":12}