{"gold_per_floor":[359,377,26,39,57,76,76,106,106,13,13,41,41,41,41,118,118,130,140,32,44,58,91,91,91,91,118,118,134,59,74,74,152,152,165,265,16,29,39,74,74,74,126,155,155,505,539,553,553,553,553,553,553,81,107,107],"floor_reached":57,"playtime":2949,"items_purged":["Strike_G","Strike_G","Strike_G","Strike_G","Strike_G","Defend_G"],"score":3480,"play_id":"91067fd2-63d0-4239-93f6-5398779c2cd3","local_time":"20190227122038","is_ascension_mode":true,"campfire_choices":[{"data":"Predator","floor":7.0,"key":"SMITH"},{"data":"Well Laid Plans","floor":11.0,"key":"SMITH"},{"data":"Grand Finale","floor":13.0,"key":"SMITH"},{"data":"Calculated Gamble","floor":15.0,"key":"SMITH"},{"data":"Purity","floor":24.0,"key":"SMITH"},{"data":"Neutralize","floor":32.0,"key":"SMITH"},{"floor":41.0,"key":"RECALL"},{"data":"Backflip","floor":45.0,"key":"SMITH"},{"data":"Backflip","floor":49.0,"key":"SMITH"},{"data":"Survivor","floor":53,"key":"SMITH"}],"neow_cost":"PERCENT_DAMAGE","seed_source_timestamp":0,"circlet_count":0,"master_deck":["AscendersBane","Defend_G","Defend_G","Defend_G","Defend_G","Survivor+1","Neutralize+1","Backflip+1","Dash","Grand Finale+1","Predator+1","Backflip+1","Well Laid Plans+1","Calculated Gamble+1","Purity+1","Acrobatics+1","PiercingWail+1","Terror+1","Master of Strategy"],"special_seed":0,"relics":["Ring of the Snake","Membership Card","Ornamental Fan","Pear","Orichalcum","CultistMask","White Beast Statue","Pocketwatch","Du-Vu Doll","Runic Dome","Prayer Wheel","Incense Burner","Anchor","Omamori","Art of War","Old Coin","Darkstone Periapt","ClockworkSouvenir","Paper Crane","Snake Skull"],"potions_floor_usage":[51,55,56,56],"damage_taken":[{"damage":7.0,"enemies":"Cultist","floor":1.0,"turns":6.0},{"damage":0.0,"enemies":"2 Louse","floor":2.0,"turns":3.0},{"damage":0.0,"enemies":"Small Slimes","floor":4.0,"turns":7.0},{"damage":7.0,"enemies":"3 Louse","floor":5.0,"turns":5.0},{"damage":0.0,"enemies":"Exordium Thugs","floor":6.0,"turns":3.0},{"damage":14.0,"enemies":"Lagavulin","floor":8.0,"turns":7.0},{"damage":0.0,"enemies":"Gremlin Nob","floor":12.0,"turns":3.0},{"damage":3.0,"enemies":"Hexaghost","floor":16.0,"turns":7.0},{"damage":0.0,"enemies":"3 Byrds","floor":18.0,"turns":2.0},{"damage":0.0,"enemies":"Shell Parasite","floor":19.0,"turns":4.0},{"damage":0.0,"enemies":"Sentry and Sphere","floor":21.0,"turns":3.0},{"damage":0.0,"enemies":"Shelled Parasite and Fungi","floor":22.0,"turns":4.0},{"damage":0.0,"enemies":"Slavers","floor":23.0,"turns":2.0},{"damage":0.0,"enemies":"Book of Stabbing","floor":27.0,"turns":3.0},{"damage":0.0,"enemies":"Centurion and Healer","floor":29.0,"turns":4.0},{"damage":0.0,"enemies":"Sentry and Sphere","floor":31.0,"turns":3.0},{"damage":0.0,"enemies":"Collector","floor":33.0,"turns":3.0},{"damage":7.0,"enemies":"3 Shapes","floor":35.0,"turns":3.0},{"damage":0.0,"enemies":"Mind Bloom Boss Battle","floor":36.0,"turns":3.0},{"damage":0.0,"enemies":"3 Darklings","floor":38.0,"turns":2.0},{"damage":0.0,"enemies":"Maw","floor":39.0,"turns":4.0},{"damage":0.0,"enemies":"Giant Head","floor":40.0,"turns":4.0},{"damage":0.0,"enemies":"Reptomancer","floor":44.0,"turns":3.0},{"damage":0.0,"enemies":"2 Orb Walkers","floor":46.0,"turns":4.0},{"damage":0.0,"enemies":"Nemesis","floor":47.0,"turns":5.0},{"damage":0.0,"enemies":"Transient","floor":48.0,"turns":6.0},{"damage":0,"enemies":"Time Eater","floor":50,"turns":4},{"damage":0,"enemies":"Awakened One","floor":51,"turns":8},{"damage":0,"enemies":"Shield and Spear","floor":55,"turns":4},{"damage":55,"enemies":"The Heart","floor":56,"turns":7}],"seed_played":"428140066670236006","potions_obtained":[{"floor":2.0,"key":"GhostInAJar"},{"floor":18.0,"key":"PowerPotion"},{"floor":19.0,"key":"FearPotion"},{"floor":21.0,"key":"Energy Potion"},{"floor":22.0,"key":"GamblersBrew"},{"floor":23.0,"key":"LiquidBronze"},{"floor":27.0,"key":"SteroidPotion"},{"floor":29.0,"key":"FearPotion"},{"floor":35.0,"key":"LiquidBronze"},{"floor":36.0,"key":"GhostInAJar"},{"floor":40.0,"key":"SkillPotion"},{"floor":44.0,"key":"Dexterity Potion"},{"floor":47.0,"key":"Strength Potion"},{"floor":48.0,"key":"GamblersBrew"},{"floor":55,"key":"Block Potion"}],"is_trial":false,"path_per_floor":["M","M","$","M","M","M","R","E","T","$","R","E","R","?","R","B",null,"M","M","$","M","M","E","R","?","T","E","?","M","$","M","R","B",null,"M","?","$","M","M","E","R","$","T","E","R","?","E","M","R","B","B",null,"R","$","E","B",null],"character_chosen":"THE_SILENT","items_purchased":["Membership Card","Grand Finale","GamblersBrew","Well Laid Plans","Purity","Incense Burner","ClockworkSouvenir","Paper Crane","Master of Strategy","AttackPotion"],"campfire_rested":0,"item_purchase_floors":[3,3,3,10,20,37,54,54,54,54],"current_hp_per_floor":[37,37,37,37,30,30,30,16,26,26,26,26,26,26,26,23,63,63,63,63,63,63,63,63,63,63,63,63,63,63,63,63,63,73,66,66,66,66,66,66,66,66,66,66,66,66,66,66,66,66,66,74,74,74,74,19],"gold":107,"neow_bonus":"TWO_FIFTY_GOLD","is_prod":false,"is_daily":false,"chose_seed":false,"campfire_upgraded":9,"win_rate":0,"timestamp":1551241238,"path_taken":["M","?","$","M","M","M","R","E","T","$","R","E","R","?","R","BOSS","M","?","$","M","M","E","R","?","T","E","?","M","$","M","R","BOSS","M","?","$","M","M","E","R","$","T","E","R","?","E","?","R","BOSS","BOSS","R","$","E","BOSS"],"build_version":"2019-01-23","purchased_purges":6,"victory":true,"max_hp_per_floor":[66,66,66,66,66,66,66,66,76,76,76,76,76,76,76,76,76,76,76,76,76,76,76,76,76,76,76,76,76,76,76,76,76,76,76,76,76,76,76,76,76,76,76,76,76,76,76,76,76,76,76,76,76,76,76,76],"card_choices":[{"not_picked":["Deflect","Outmaneuver"],"picked":"Backflip","floor":1.0},{"not_picked":["Cloak And Dagger","Underhanded Strike"],"picked":"Dash","floor":2.0},{"not_picked":["Prepared","Poisoned Stab"],"picked":"Predator","floor":4.0},{"not_picked":["Outmaneuver","Dagger Throw"],"picked":"Backflip","floor":5.0},{"not_picked":["Dodge and Roll","Dagger Spray","Dagger Throw"],"picked":"SKIP","floor":6.0},{"not_picked":["Deflect","PiercingWail","Noxious Fumes"],"picked":"SKIP","floor":8.0},{"not_picked":["Masterful Stab","Leg Sweep"],"picked":"Calculated Gamble","floor":12.0},{"not_picked":["Dagger Spray","Cloak And Dagger","Dodge and Roll+1"],"picked":"SKIP","floor":18.0},{"not_picked":["Deadly Poison","Outmaneuver+1","Crippling Poison"],"picked":"SKIP","floor":19.0},{"not_picked":["Deadly Poison","Leg Sweep","Riddle With Holes"],"picked":"SKIP","floor":21.0},{"not_picked":["Blade Dance","All Out Attack","Bane"],"picked":"SKIP","floor":22.0},{"not_picked":["Blade Dance","All Out Attack","Bane"],"picked":"SKIP","floor":22.0},{"not_picked":["Endless Agony+1","Dodge and Roll","Backstab"],"picked":"SKIP","floor":23.0},{"not_picked":["Calculated Gamble","Noxious Fumes","Slice"],"picked":"SKIP","floor":27.0},{"not_picked":["Noxious Fumes","Quick Slash","Flechettes"],"picked":"SKIP","floor":29.0},{"not_picked":["Cloak And Dagger","Prepared","Backflip"],"picked":"SKIP","floor":31.0},{"not_picked":["Flechettes","Deadly Poison","Slice+1"],"picked":"SKIP","floor":35.0},{"not_picked":["Underhanded Strike","Terror","Cloak And Dagger"],"picked":"SKIP","floor":38.0},{"not_picked":["Crippling Poison","Cloak And Dagger","Quick Slash"],"picked":"SKIP","floor":38.0},{"not_picked":["Prepared","Backflip","Doppelganger"],"picked":"SKIP","floor":39.0},{"not_picked":["Terror+1","PiercingWail+1","Catalyst"],"picked":"SKIP","floor":39.0},{"not_picked":["Quick Slash","Crippling Poison","Dagger Throw+1"],"picked":"SKIP","floor":40.0},{"not_picked":["Underhanded Strike+1","Quick Slash","Sucker Punch+1"],"picked":"SKIP","floor":44.0},{"not_picked":["Riddle With Holes","Dash+1"],"picked":"Acrobatics+1","floor":46.0},{"not_picked":["Cloak And Dagger+1","Bane","Riddle With Holes"],"picked":"SKIP","floor":47.0},{"not_picked":["Dagger Spray+1","Quick Slash"],"picked":"PiercingWail+1","floor":48.0},{"not_picked":["Dodge and Roll+1","Blur"],"picked":"Terror+1","floor":48.0},{"not_picked":["Underhanded Strike+1","Setup","Die Die Die"],"picked":"SKIP","floor":55}],"player_experience":3186848,"relics_obtained":[{"floor":8.0,"key":"Ornamental Fan"},{"floor":9.0,"key":"Pear"},{"floor":12.0,"key":"Orichalcum"},{"floor":23.0,"key":"Pocketwatch"},{"floor":27.0,"key":"Du-Vu Doll"},{"floor":36.0,"key":"Prayer Wheel"},{"floor":40.0,"key":"Anchor"},{"floor":43.0,"key":"Omamori"},{"floor":44.0,"key":"Art of War"},{"floor":46.0,"key":"Old Coin"},{"floor":47.0,"key":"Darkstone Periapt"},{"floor":55,"key":"Snake Skull"}],"event_choices":[{"damage_healed":0.0,"max_hp_gain":0.0,"max_hp_loss":0.0,"gold_gain":0.0,"event_name":"FaceTrader","player_choice":"Trade","floor":14.0,"gold_loss":0.0,"damage_taken":0.0,"relics_obtained":["CultistMask"]},{"damage_healed":0.0,"max_hp_gain":0.0,"max_hp_loss":0.0,"gold_gain":0.0,"event_name":"Vampires","player_choice":"Ignored","floor":25.0,"gold_loss":0.0,"damage_taken":0.0},{"damage_healed":0.0,"max_hp_gain":0.0,"max_hp_loss":0.0,"gold_gain":0.0,"event_name":"Cursed Tome","player_choice":"Ignored","floor":28.0,"gold_loss":0.0,"damage_taken":0.0},{"damage_healed":0.0,"max_hp_gain":0.0,"max_hp_loss":0.0,"gold_gain":0.0,"event_name":"MindBloom","player_choice":"Fight","floor":36.0,"gold_loss":0.0,"damage_taken":0.0},{"damage_healed":0.0,"max_hp_gain":0.0,"max_hp_loss":0.0,"gold_gain":0.0,"event_name":"Mysterious Sphere","player_choice":"Fight","floor":46.0,"gold_loss":0.0,"damage_taken":0.0}],"is_beta":false,"boss_relics":[{"not_picked":["Busted Crown","Ring of the Serpent"],"picked":"White Beast Statue"},{"not_picked":["Philosopher\u0027s Stone","Astrolabe"],"picked":"Runic Dome"}],"items_purged_floors":[3,10,20,30,37,54],"is_endless":false,"potions_floor_spawned":[2,5,6,8,18,19,21,22,23,27,29,31,33,35,36,38,39,40,44,46,47,48,55],"ascension_level":20}