{"gold_per_floor":[116,129,129,129,129,154,154,179,227,227],"floor_reached":10,"playtime":284,"items_purged":[],"score":111,"play_id":"e92be7ee-5bc6-436f-adaa-c60042a2855a","local_time":"20180921230216","is_ascension_mode":true,"campfire_choices":[{"data":"Body Slam","floor":7.0,"key":"SMITH"}],"neow_cost":"TEN_PERCENT_HP_LOSS","seed_source_timestamp":37961682601144,"circlet_count":0,"master_deck":["Strike_R","Strike_R","Strike_R","Strike_R","Defend_R+1","Defend_R","Defend_R","Defend_R","Bash","AscendersBane","Second Wind+1","Body Slam+1","Limit Break","Inflame"],"special_seed":0,"relics":["Burning Blood","FossilizedHelix","FaceOfCleric","Vajra","Bottled Lightning","War Paint"],"potions_floor_usage":[],"damage_taken":[{"damage":2.0,"enemies":"2 Louse","floor":1.0,"turns":4.0},{"damage":0.0,"enemies":"Cultist","floor":2.0,"turns":4.0},{"damage":40.0,"enemies":"Lagavulin","floor":6.0,"turns":9.0},{"damage":35.0,"enemies":"3 Sentries","floor":8.0,"turns":9.0},{"damage":10,"enemies":"Gremlin Nob","floor":10,"turns":3}],"seed_played":"4248865647550386980","potions_obtained":[{"floor":1.0,"key":"FearPotion"},{"floor":2.0,"key":"Weak Potion"}],"is_trial":false,"path_per_floor":["M","M","?","?","?","E","R","E","T"],"character_chosen":"IRONCLAD","items_purchased":[],"campfire_rested":0,"item_purchase_floors":[],"current_hp_per_floor":[72,72,72,65,70,37,37,9,9,0],"gold":227,"neow_bonus":"ONE_RARE_RELIC","is_prod":false,"is_daily":false,"chose_seed":false,"campfire_upgraded":1,"win_rate":0,"timestamp":1537542136,"path_taken":["M","M","?","?","?","E","R","E","T","E"],"build_version":"2018-09-20","purchased_purges":0,"victory":false,"max_hp_per_floor":[72,72,72,72,77,78,78,79,79,79],"card_choices":[{"not_picked":["Twin Strike","Body Slam"],"picked":"Second Wind","floor":1.0},{"not_picked":["Fire Breathing","Havoc"],"picked":"Body Slam","floor":2.0},{"not_picked":["Heavy Blade","Pommel Strike"],"picked":"Limit Break","floor":6.0},{"not_picked":["Flame Barrier","Hemokinesis"],"picked":"Inflame","floor":8}],"player_experience":77137,"relics_obtained":[{"floor":6.0,"key":"Vajra"},{"floor":8,"key":"Bottled Lightning"},{"floor":9,"key":"War Paint"}],"event_choices":[{"event_name":"FaceTrader","player_choice":"Trade","floor":3.0,"damage_taken":0.0},{"event_name":"Golden Wing","player_choice":"Card Removal","floor":4.0,"damage_taken":0.0},{"event_name":"Big Fish","player_choice":"Donut","floor":5.0,"damage_taken":0.0}],"is_beta":false,"boss_relics":[],"items_purged_floors":[],"is_endless":false,"potions_floor_spawned":[1,2],"killed_by":"Gremlin Nob","ascension_level":10}