{"gold_per_floor":[119,133,58,58,58,89,89,117,117,117,83,106,126,201,201,272,272,284,284,734,751,267,297,57,73,73,73,73],"floor_reached":28,"playtime":834,"items_purged":["Strike_G","Strike_G","Strike_G"],"score":467,"play_id":"71214b00-9c5b-460a-8087-843df4410c57","local_time":"20190215235239","is_ascension_mode":true,"campfire_choices":[{"data":"Footwork","floor":7,"key":"SMITH"},{"data":"Deadly Poison","floor":10,"key":"SMITH"},{"data":"Neutralize","floor":15,"key":"SMITH"},{"data":"Calculated Gamble","floor":27,"key":"SMITH"}],"neow_cost":"NONE","seed_source_timestamp":275825341178665,"circlet_count":0,"master_deck":["AscendersBane","Defend_G","Defend_G","Defend_G","Defend_G","Defend_G","Survivor","Neutralize+1","Deadly Poison+1","Sucker Punch","Footwork+1","Masterful Stab","Footwork+1","Malaise","Catalyst","Calculated Gamble+1","Footwork+1","Tactician","Well Laid Plans+1","Backflip","Doubt"],"relics":["Ring of the Snake","NeowsBlessing","Ornamental Fan","Frozen Egg 2","Oddly Smooth Stone","Odd Mushroom","Cursed Key","Medical Kit","Regal Pillow"],"potions_floor_usage":[28,28],"damage_taken":[{"damage":0,"enemies":"2 Louse","floor":1,"turns":1},{"damage":0,"enemies":"Small Slimes","floor":2,"turns":1},{"damage":0,"enemies":"Gremlin Nob","floor":6,"turns":1},{"damage":11,"enemies":"Lagavulin","floor":8,"turns":11},{"damage":4,"enemies":"The Mushroom Lair","floor":12,"turns":7},{"damage":0,"enemies":"Jaw Worm","floor":13,"turns":3},{"damage":15,"enemies":"The Guardian","floor":16,"turns":10},{"damage":0,"enemies":"Shell Parasite","floor":18,"turns":7},{"damage":0,"enemies":"Spheric Guardian","floor":21,"turns":5},{"damage":4,"enemies":"Book of Stabbing","floor":23,"turns":8},{"damage":0,"enemies":"Cultist and Chosen","floor":25,"turns":9},{"damage":13,"enemies":"Slavers","floor":28,"turns":2}],"seed_played":"-750953536436531304","potions_obtained":[{"floor":1,"key":"EssenceOfSteel"},{"floor":13,"key":"Weak Potion"},{"floor":16,"key":"AttackPotion"}],"is_trial":false,"path_per_floor":["M","M","$","?","?","E","R","E","T","R","$","?","M","?","R","B",null,"M","?","?","M","$","E","$","M","T","R","E"],"character_chosen":"THE_SILENT","items_purchased":["Footwork+1","Medical Kit","Footwork+1","Tactician","Swift Potion","Well Laid Plans+1","Backflip"],"campfire_rested":0,"item_purchase_floors":[11,22,22,22,22,24,24],"current_hp_per_floor":[59,59,59,52,52,52,52,41,41,41,41,37,37,26,26,11,52,52,52,16,16,16,12,12,12,12,12,0],"gold":73,"neow_bonus":"THREE_ENEMY_KILL","is_prod":false,"is_daily":false,"chose_seed":false,"campfire_upgraded":4,"win_rate":0,"timestamp":1550245959,"path_taken":["M","M","$","?","?","E","R","E","T","R","$","?","M","?","R","BOSS","M","?","?","?","$","E","$","M","T","R","E"],"build_version":"2019-01-23","purchased_purges":3,"victory":false,"max_hp_per_floor":[66,66,66,66,66,66,66,66,66,66,66,66,66,66,66,66,66,66,66,66,66,66,66,66,66,66,66,66],"card_choices":[{"not_picked":["Flechettes","Finisher","Acrobatics"],"picked":"SKIP","floor":1},{"not_picked":["Dodge and Roll","Setup"],"picked":"Deadly Poison","floor":2},{"not_picked":["Finisher","Blade Dance"],"picked":"Footwork","floor":6},{"not_picked":["Eviscerate","Backflip"],"picked":"Masterful Stab","floor":8},{"not_picked":["Prepared","Flechettes","Choke"],"picked":"SKIP","floor":13},{"not_picked":["Tools of the Trade+1","Die Die Die"],"picked":"Malaise","floor":16},{"not_picked":["Deadly Poison","Accuracy+1"],"picked":"Catalyst","floor":18},{"not_picked":["Sucker Punch","Dagger Spray"],"picked":"Calculated Gamble","floor":21},{"not_picked":["Blade Dance","Dagger Spray","Deadly Poison"],"picked":"SKIP","floor":23},{"not_picked":["Dagger Spray","Flying Knee","Slice"],"picked":"SKIP","floor":25}],"player_experience":771676,"relics_obtained":[{"floor":6,"key":"Ornamental Fan"},{"floor":8,"key":"Frozen Egg 2"},{"floor":9,"key":"Oddly Smooth Stone"},{"floor":12,"key":"Odd Mushroom"},{"floor":23,"key":"Regal Pillow"}],"event_choices":[{"cards_removed":["Strike_G"],"damage_healed":0,"gold_gain":0,"player_choice":"Card Removal","damage_taken":7,"max_hp_gain":0,"max_hp_loss":0,"event_name":"Golden Wing","floor":4,"gold_loss":0},{"damage_healed":0,"gold_gain":0,"cards_transformed":["Strike_G"],"player_choice":"Change","damage_taken":0,"max_hp_gain":0,"max_hp_loss":0,"event_name":"Living Wall","floor":5,"gold_loss":0,"cards_obtained":["Sucker Punch"]},{"damage_healed":0,"gold_gain":0,"player_choice":"Fought Mushrooms","damage_taken":0,"max_hp_gain":0,"max_hp_loss":0,"event_name":"Mushrooms","floor":12,"gold_loss":0},{"damage_healed":0,"gold_gain":75,"player_choice":"Gather Gold","damage_taken":11,"max_hp_gain":0,"max_hp_loss":0,"event_name":"World of Goop","floor":14,"gold_loss":0},{"damage_healed":0,"gold_gain":0,"player_choice":"Ignored","damage_taken":0,"max_hp_gain":0,"max_hp_loss":0,"event_name":"Ghosts","floor":19,"gold_loss":0},{"damage_healed":0,"gold_gain":450,"player_choice":"GOLD GOLD GOLD GOLD GOLD ","damage_taken":36,"max_hp_gain":0,"max_hp_loss":0,"event_name":"Knowing Skull","floor":20,"potions_obtained":[],"gold_loss":0,"cards_obtained":[]}],"is_beta":false,"boss_relics":[{"not_picked":["Orrery","WristBlade"],"picked":"Cursed Key"}],"items_purged_floors":[3,22,24],"is_endless":false,"potions_floor_spawned":[1,13,16],"killed_by":"Slavers","ascension_level":15}