{"gold_per_floor":[108,108,108,33,33,33,54,75,75,99,108,108,58,74,74,74],"floor_reached":16,"playtime":337,"items_purged":["Strike_R"],"score":351,"play_id":"e7046233-0c2c-402f-9121-be432ace0ae4","local_time":"20190131001035","is_ascension_mode":true,"campfire_choices":[{"data":"Flex","floor":6,"key":"SMITH"},{"data":"Bash","floor":12,"key":"SMITH"},{"data":"Inflame","floor":15,"key":"SMITH"}],"neow_cost":"NONE","seed_source_timestamp":45128619380735,"circlet_count":0,"master_deck":["AscendersBane","Strike_R","Strike_R","Defend_R","Defend_R","Defend_R","Defend_R","Bash+1","Flex+1","Reaper","Inflame+1"],"special_seed":0,"relics":["Burning Blood","AscMod:CursedFlame","AscMod:MegaStarOfAscension","AscMod:CursedBank","NeowsBlessing","Matryoshka","Sundial","Happy Flower","Smiling Mask","Calipers","Lantern"],"potions_floor_usage":[],"damage_taken":[{"damage":0.0,"enemies":"Jaw Worm","floor":1.0,"turns":1.0},{"damage":0,"enemies":"3 Sentries","floor":7,"turns":2},{"damage":0,"enemies":"Lagavulin","floor":10,"turns":1},{"damage":0,"enemies":"Small Slimes","floor":11,"turns":2},{"damage":2,"enemies":"2 Louse","floor":14,"turns":3},{"damage":92,"enemies":"Hexaghost","floor":16,"turns":9}],"seed_played":"-6051159435027359688","potions_obtained":[{"floor":7,"key":"SmokeBomb"}],"is_trial":false,"path_per_floor":["M","?","?","?","$","R","E","T","T","E","M","R","$","M","R","B"],"character_chosen":"IRONCLAD","items_purchased":[],"campfire_rested":0,"item_purchase_floors":[],"current_hp_per_floor":[73,73,73,73,73,73,75,75,75,75,75,75,75,75,75,0],"gold":74,"neow_bonus":"THREE_ENEMY_KILL","is_prod":false,"is_daily":false,"chose_seed":false,"campfire_upgraded":3,"win_rate":0,"timestamp":1548864635,"path_taken":["M","?","?","?","?","R","E","?","T","E","?","R","$","M","R","BOSS"],"build_version":"2019-01-23","purchased_purges":1,"victory":false,"max_hp_per_floor":[75,75,75,75,75,75,75,75,75,75,75,75,75,75,75,75],"card_choices":[{"not_picked":["Body Slam","Headbutt"],"picked":"Flex","floor":1.0},{"not_picked":["Heavy Blade","Clash","Dual Wield"],"picked":"SKIP","floor":7},{"not_picked":["Clothesline","Body Slam","Cleave"],"picked":"SKIP","floor":10},{"not_picked":["Warcry","Intimidate"],"picked":"Reaper","floor":11},{"not_picked":["Pommel Strike","Wild Strike"],"picked":"Inflame","floor":14}],"player_experience":2420518,"relics_obtained":[{"floor":7,"key":"Matryoshka"},{"floor":8,"key":"Sundial"},{"floor":8,"key":"Happy Flower"},{"floor":9,"key":"Smiling Mask"},{"floor":9,"key":"Calipers"},{"floor":10,"key":"Lantern"}],"event_choices":[{"cards_removed":["Strike_R"],"damage_healed":0,"gold_gain":0,"player_choice":"Forget","damage_taken":0,"max_hp_gain":0,"max_hp_loss":0,"event_name":"Living Wall","floor":2,"gold_loss":0},{"damage_healed":0,"gold_gain":0,"player_choice":"Ignored","damage_taken":0,"max_hp_gain":0,"max_hp_loss":0,"event_name":"Liars Game","floor":3,"gold_loss":0},{"cards_removed":["Strike_R"],"damage_healed":0,"gold_gain":0,"player_choice":"Card Removal","damage_taken":0,"max_hp_gain":0,"max_hp_loss":0,"event_name":"The Cleric","floor":4,"gold_loss":75}],"is_beta":false,"boss_relics":[],"items_purged_floors":[13],"is_endless":false,"potions_floor_spawned":[7],"killed_by":"Hexaghost","ascension_level":25}