{"gold_per_floor":[116,36,48,65,20,20,54,54,123,123,140,15,28,45,45,149,149,165,90,9,27,27],"floor_reached":22,"playtime":629,"items_purged":["Strike_G"],"score":271,"play_id":"aff7dd67-002c-4229-9ba9-42a537ef83cf","local_time":"20190305195117","is_ascension_mode":true,"campfire_choices":[{"data":"Calculated Gamble","floor":6.0,"key":"SMITH"},{"data":"Blade Dance","floor":10.0,"key":"SMITH"},{"data":"Accuracy","floor":15.0,"key":"SMITH"}],"neow_cost":"NONE","seed_source_timestamp":287772125964089,"circlet_count":0,"master_deck":["Defend_G","Defend_G","Defend_G","Defend_G","Defend_G","Survivor","Neutralize","Accuracy+1","Infinite Blades","Endless Agony","Calculated Gamble+1","Blade Dance+1","Envenom+1","Envenom+1","Night Terror+1","Cloak And Dagger+1","Flying Knee+1","Acrobatics","Backflip","Crippling Poison","Catalyst+1"],"special_seed":0,"relics":["Philosopher\u0027s Stone","Blood Vial","Frozen Egg 2","Astrolabe"],"potions_floor_usage":[],"damage_taken":[{"damage":4.0,"enemies":"2 Louse","floor":1.0,"turns":4.0},{"damage":1.0,"enemies":"Small Slimes","floor":3.0,"turns":4.0},{"damage":0.0,"enemies":"Jaw Worm","floor":4.0,"turns":4.0},{"damage":23.0,"enemies":"Lagavulin","floor":7.0,"turns":6.0},{"damage":18.0,"enemies":"Lots of Slimes","floor":11.0,"turns":4.0},{"damage":0.0,"enemies":"3 Louse","floor":13.0,"turns":4.0},{"damage":12.0,"enemies":"Gremlin Gang","floor":14.0,"turns":5.0},{"damage":0.0,"enemies":"Slime Boss","floor":16.0,"turns":6.0},{"damage":33.0,"enemies":"2 Thieves","floor":18.0,"turns":5.0},{"damage":25.0,"enemies":"Spheric Guardian","floor":21.0,"turns":5.0},{"damage":16,"enemies":"Shelled Parasite and Fungi","floor":22,"turns":2}],"seed_played":"8419683992158687807","potions_obtained":[{"floor":3.0,"key":"Strength Potion"},{"floor":4.0,"key":"Block Potion"},{"floor":11.0,"key":"SpeedPotion"},{"floor":21.0,"key":"LiquidBronze"}],"is_trial":false,"path_per_floor":["M","$","M","M","$","R","E","?","T","R","M","$","M","M","R","B",null,"M","?","$","M","M"],"character_chosen":"THE_SILENT","items_purchased":["Infinite Blades","Blade Dance","Fire Potion","Backflip","Crippling Poison"],"campfire_rested":0,"item_purchase_floors":[2,5,12,20,20],"current_hp_per_floor":[66,66,65,65,65,65,42,42,42,42,26,26,28,18,18,20,70,37,37,37,14,0],"gold":27,"neow_bonus":"BOSS_RELIC","is_prod":false,"is_daily":false,"chose_seed":false,"campfire_upgraded":3,"win_rate":0,"timestamp":1551786677,"path_taken":["M","$","M","M","$","R","E","?","T","R","M","$","M","M","R","BOSS","M","?","$","M","M"],"build_version":"2019-01-23","purchased_purges":1,"victory":false,"max_hp_per_floor":[70,70,70,70,70,70,70,70,70,70,70,70,70,70,70,70,70,70,70,70,70,70],"card_choices":[{"not_picked":["Outmaneuver","Slice"],"picked":"Accuracy","floor":1.0},{"not_picked":["Poisoned Stab","Quick Slash"],"picked":"Endless Agony","floor":3.0},{"not_picked":["Riddle With Holes","Flying Knee"],"picked":"Calculated Gamble","floor":4.0},{"not_picked":["Backflip","Setup"],"picked":"Envenom","floor":7.0},{"not_picked":["Flying Knee","Dagger Throw","Choke"],"picked":"SKIP","floor":11.0},{"not_picked":["Outmaneuver","Underhanded Strike","Dodge and Roll"],"picked":"SKIP","floor":13.0},{"not_picked":["Sucker Punch","Quick Slash","Deflect"],"picked":"SKIP","floor":14.0},{"not_picked":["Sucker Punch","Quick Slash","Deflect"],"picked":"SKIP","floor":14.0},{"not_picked":["Glass Knife","Bullet Time"],"picked":"Envenom+1","floor":16.0},{"not_picked":["Riddle With Holes","Noxious Fumes+1"],"picked":"Acrobatics","floor":18.0},{"not_picked":["Backflip+1","Flying Knee"],"picked":"Catalyst+1","floor":21.0}],"player_experience":23097,"relics_obtained":[{"floor":7.0,"key":"Blood Vial"},{"floor":9.0,"key":"Frozen Egg 2"}],"event_choices":[{"damage_healed":0.0,"max_hp_gain":0.0,"max_hp_loss":0.0,"gold_gain":0.0,"event_name":"Living Wall","player_choice":"Grow","floor":8.0,"gold_loss":0.0,"damage_taken":0.0,"cards_upgraded":["Envenom"]},{"cards_removed":["Strike_G"],"damage_healed":0.0,"max_hp_gain":0.0,"max_hp_loss":0.0,"gold_gain":0.0,"event_name":"Beggar","player_choice":"Gave Gold","floor":19.0,"gold_loss":75.0,"damage_taken":0.0}],"is_beta":false,"boss_relics":[{"not_picked":["Ectoplasm","Runic Dome"],"picked":"Astrolabe"}],"items_purged_floors":[12],"is_endless":false,"potions_floor_spawned":[3,4,11,21],"killed_by":"Shelled Parasite and Fungi","ascension_level":3}