{"gold_per_floor":[109,122,136,150,75,75,94,128,151,151,170,187,187,187,187,291,291,302,213,233,233,233,233,251,269,269,269,287,287,304,254,254,351,351,362,362,362,378,378,408,408,358,385,385,485,495,495,595,595,595],"floor_reached":51,"playtime":1590,"items_purged":["Strike_G","Pain","Defend_G","Strike_G"],"score":727,"play_id":"e5587a20-5d95-407c-b94a-fa78d0ab4fa1","local_time":"20181030111821","is_ascension_mode":false,"campfire_choices":[{"data":"Neutralize","floor":6.0,"key":"SMITH"},{"data":"Wraith Form v2","floor":10.0,"key":"SMITH"},{"data":"Footwork","floor":15.0,"key":"SMITH"},{"data":"Catalyst","floor":23,"key":"SMITH"},{"data":"Noxious Fumes","floor":27,"key":"SMITH"},{"data":"Noxious Fumes","floor":29,"key":"SMITH"},{"data":"Malaise","floor":32,"key":"SMITH"},{"data":"Adrenaline","floor":41,"key":"SMITH"},{"data":"Backflip","floor":44,"key":"SMITH"},{"data":"Deadly Poison","floor":47,"key":"SMITH"},{"data":"Poisoned Stab","floor":49,"key":"SMITH"}],"neow_cost":"PERCENT_DAMAGE","seed_source_timestamp":3552503693776,"circlet_count":0,"master_deck":["Defend_G","Survivor","Neutralize+1","Poisoned Stab+1","Backflip+1","Wraith Form v2+1","Footwork+1","Malaise+1","Leg Sweep+1","Backflip+1","Storm of Steel+1","Noxious Fumes+1","Catalyst+1","Deadly Poison+1","Noxious Fumes+1","Adrenaline+1"],"special_seed":0,"relics":["Ring of the Snake","Smiling Mask","Strawberry","WarpedTongs","Astrolabe","Incense Burner","Sozu","Centennial Puzzle","Juzu Bracelet","Torii"],"potions_floor_usage":[16,16,16,50],"damage_taken":[{"damage":0.0,"enemies":"2 Louse","floor":1.0,"turns":3.0},{"damage":0.0,"enemies":"Small Slimes","floor":2.0,"turns":4.0},{"damage":0.0,"enemies":"Cultist","floor":3.0,"turns":3.0},{"damage":0.0,"enemies":"Blue Slaver","floor":4.0,"turns":4.0},{"damage":0.0,"enemies":"Red Slaver","floor":7.0,"turns":4.0},{"damage":17.0,"enemies":"3 Sentries","floor":8.0,"turns":15.0},{"damage":2.0,"enemies":"Looter","floor":11.0,"turns":4.0},{"damage":1.0,"enemies":"Exordium Thugs","floor":12.0,"turns":6.0},{"damage":19,"enemies":"Hexaghost","floor":16,"turns":13},{"damage":6,"enemies":"Chosen","floor":18,"turns":8},{"damage":2,"enemies":"3 Byrds","floor":20,"turns":5},{"damage":0,"enemies":"Snecko","floor":24,"turns":4},{"damage":9,"enemies":"Chosen and Byrds","floor":25,"turns":8},{"damage":1,"enemies":"Snake Plant","floor":28,"turns":5},{"damage":0,"enemies":"Centurion and Healer","floor":30,"turns":6},{"damage":35,"enemies":"Collector","floor":33,"turns":7},{"damage":0,"enemies":"Orb Walker","floor":35,"turns":4},{"damage":0,"enemies":"3 Shapes","floor":38,"turns":4},{"damage":0,"enemies":"Nemesis","floor":40,"turns":7},{"damage":0,"enemies":"Mind Bloom Boss Battle","floor":45,"turns":8},{"damage":0,"enemies":"Writhing Mass","floor":46,"turns":4},{"damage":1,"enemies":"Time Eater","floor":50,"turns":7}],"seed_played":"-2272609511554649098","potions_obtained":[{"floor":3.0,"key":"Strength Potion"},{"floor":4.0,"key":"Block Potion"},{"floor":12.0,"key":"SteroidPotion"},{"floor":24,"key":"Energy Potion"},{"floor":25,"key":"Weak Potion"},{"floor":28,"key":"Fire Potion"}],"is_trial":false,"path_per_floor":["M","M","M","M","$","R","M","E","T","R","M","M","?","?","R","B",null,"M","$","M","?","?","R","M","M","T","R","M","R","M","$","R","B",null,"M","?","?","M","?","E","R","$","T","R","?","M","R","?","R","B"],"character_chosen":"THE_SILENT","items_purchased":["Catalyst"],"campfire_rested":0,"item_purchase_floors":[19],"current_hp_per_floor":[49,49,49,49,49,49,49,32,39,39,37,36,29,29,29,10,77,71,71,69,62,62,62,62,53,53,53,52,52,52,52,52,17,77,77,77,77,77,77,77,77,77,77,77,77,77,77,77,77,76],"gold":595,"neow_bonus":"REMOVE_TWO","is_prod":false,"is_daily":false,"chose_seed":false,"campfire_upgraded":11,"win_rate":0,"timestamp":1540869501,"path_taken":["M","M","M","M","$","R","M","E","T","R","M","M","?","?","R","BOSS","M","$","M","?","?","R","M","M","T","R","M","R","?","?","R","BOSS","M","?","?","M","?","E","R","$","T","R","?","M","R","?","R","BOSS"],"build_version":"2018-10-25v2","purchased_purges":4,"victory":true,"max_hp_per_floor":[70,70,70,70,70,70,70,70,77,77,77,77,77,77,77,77,77,77,77,77,77,77,77,77,77,77,77,77,77,77,77,77,77,77,77,77,77,77,77,77,77,77,77,77,77,77,77,77,77,77],"card_choices":[{"not_picked":["Expertise","Flying Knee"],"picked":"Poisoned Stab","floor":1.0},{"not_picked":["Dagger Spray","Sucker Punch","Blade Dance"],"picked":"SKIP","floor":2.0},{"not_picked":["Outmaneuver","Terror","Prepared"],"picked":"SKIP","floor":3.0},{"not_picked":["Poisoned Stab","Backstab"],"picked":"Backflip","floor":4.0},{"not_picked":["Dodge and Roll","Sucker Punch","Slice"],"picked":"SKIP","floor":7.0},{"not_picked":["Backstab","Prepared"],"picked":"Wraith Form v2","floor":8.0},{"not_picked":["Outmaneuver","Bane","Deflect"],"picked":"SKIP","floor":11.0},{"not_picked":["Dagger Spray","Endless Agony"],"picked":"Footwork","floor":12.0},{"not_picked":["Burst","Doppelganger"],"picked":"Malaise","floor":16},{"not_picked":["Quick Slash","Masterful Stab"],"picked":"Noxious Fumes","floor":18},{"not_picked":["Outmaneuver","Bane","Deflect+1"],"picked":"SKIP","floor":20},{"not_picked":["Dash+1","Skewer+1","Blade Dance"],"picked":"SKIP","floor":24},{"not_picked":["Escape Plan","Backstab"],"picked":"Noxious Fumes","floor":25},{"not_picked":["Poisoned Stab","Deadly Poison","Predator+1"],"picked":"SKIP","floor":28},{"not_picked":["Deflect","Underhanded Strike","Riddle With Holes"],"picked":"SKIP","floor":30},{"not_picked":["After Image","Envenom"],"picked":"Adrenaline","floor":33},{"not_picked":["Slice","Cloak And Dagger+1","Blade Dance"],"picked":"SKIP","floor":35},{"not_picked":["Flying Knee+1","Quick Slash","Expertise"],"picked":"SKIP","floor":38},{"not_picked":["Riddle With Holes+1","Doppelganger","Cloak And Dagger+1"],"picked":"SKIP","floor":40},{"not_picked":["All Out Attack","Dagger Throw+1","Caltrops+1"],"picked":"SKIP","floor":46}],"player_experience":737653,"relics_obtained":[{"floor":8.0,"key":"Smiling Mask"},{"floor":9.0,"key":"Strawberry"},{"floor":26,"key":"Incense Burner"},{"floor":40,"key":"Centennial Puzzle"},{"floor":43,"key":"Juzu Bracelet"},{"floor":45,"key":"Torii"}],"event_choices":[{"cards_removed":["Defend_G"],"damage_healed":0.0,"max_hp_gain":0.0,"max_hp_loss":0.0,"gold_gain":0.0,"event_name":"Golden Wing","player_choice":"Card Removal","floor":13.0,"gold_loss":0.0,"damage_taken":7.0},{"damage_healed":0.0,"max_hp_gain":0.0,"max_hp_loss":0.0,"gold_gain":0.0,"event_name":"Accursed Blacksmith","player_choice":"Rummage","floor":14.0,"gold_loss":0.0,"damage_taken":0.0,"relics_obtained":["WarpedTongs"],"cards_obtained":["Pain"]},{"damage_healed":0,"gold_gain":0,"player_choice":"Damaged","damage_taken":7,"max_hp_gain":0,"max_hp_loss":0,"event_name":"Wheel of Change","floor":21,"gold_loss":0},{"damage_healed":0,"gold_gain":0,"player_choice":"Read","damage_taken":0,"max_hp_gain":0,"max_hp_loss":0,"event_name":"The Library","floor":22,"gold_loss":0,"cards_obtained":["Deadly Poison"]},{"damage_healed":0,"gold_gain":0,"player_choice":"0 cards matched","damage_taken":0,"max_hp_gain":0,"max_hp_loss":0,"event_name":"Match and Keep!","floor":36,"gold_loss":0,"cards_obtained":[]},{"damage_healed":0,"gold_gain":0,"player_choice":"Ignored","damage_taken":0,"max_hp_gain":0,"max_hp_loss":0,"event_name":"Tomb of Lord Red Mask","floor":37,"gold_loss":0},{"damage_healed":0,"gold_gain":0,"player_choice":"Ignored","damage_taken":0,"max_hp_gain":0,"max_hp_loss":0,"event_name":"Mysterious Sphere","floor":39,"gold_loss":0},{"damage_healed":0,"gold_gain":0,"player_choice":"Fight","damage_taken":0,"max_hp_gain":0,"max_hp_loss":0,"event_name":"MindBloom","floor":45,"gold_loss":0},{"damage_healed":0,"gold_gain":100,"player_choice":"Pray","damage_taken":0,"max_hp_gain":0,"max_hp_loss":0,"event_name":"Golden Shrine","floor":48,"gold_loss":0}],"is_beta":false,"boss_relics":[{"not_picked":["Busted Crown","White Beast Statue"],"picked":"Astrolabe"},{"not_picked":["Ring of the Serpent","Black Star"],"picked":"Sozu"}],"items_purged_floors":[5,19,31,42],"is_endless":false,"potions_floor_spawned":[3,4,12,24,25,28,38,45],"ascension_level":0}