{"gold_per_floor":[110,110,126,51,75,75,100,116,165,193,205,217,256,38,38,111,111,125,125,40,57,57,82,82,82,129,142,55,55,74,101,101,175,175,187,37,56,56,56,56,90,102,102,102,102,117,137,148,148,148,148,148,148,23,52,52],"floor_reached":57,"playtime":7045,"items_purged":["Pain","Doubt","Clumsy"],"score":2781,"play_id":"12344063-6cf5-41be-8985-9c7d21934a1c","local_time":"20190308204057","is_ascension_mode":true,"campfire_choices":[{"data":"Deadly Poison","floor":6.0,"key":"SMITH"},{"data":"Bouncing Flask","floor":12.0,"key":"SMITH"},{"data":"Neutralize","floor":15.0,"key":"SMITH"},{"data":"Acrobatics","floor":25.0,"key":"SMITH"},{"data":"Well Laid Plans","floor":29.0,"key":"SMITH"},{"data":"Footwork","floor":32.0,"key":"SMITH"},{"data":"Tactician","floor":40.0,"key":"SMITH"},{"floor":44.0,"key":"RECALL"},{"data":"Acrobatics","floor":49.0,"key":"SMITH"},{"data":"Night Terror","floor":53.0,"key":"SMITH"}],"neow_cost":"NONE","seed_source_timestamp":26801033800234,"circlet_count":0,"master_deck":["AscendersBane","Defend_G","Defend_G","Defend_G","Defend_G","Defend_G","Strike_G","Strike_G","Strike_G","Strike_G","Strike_G","Survivor","Neutralize+1","Deadly Poison+1","Backstab","Bouncing Flask+1","Tactician+1","Backflip","After Image","Dodge and Roll+1","Ghostly","Ghostly","Ghostly","Acrobatics+1","Well Laid Plans+1","Night Terror+1","Footwork+1","Venomology","Acrobatics+1","Ghostly","Backflip+1","Tactician+1","Backflip+1"],"special_seed":0,"relics":["Ring of the Snake","NeowsBlessing","WarpedTongs","Bronze Scales","Sundial","MawBank","Regal Pillow","Medical Kit","Cursed Key","Letter Opener","Bag of Marbles","Molten Egg 2","Lizard Tail","Bottled Tornado","The Specimen","Ninja Scroll"],"potions_floor_usage":[56,56],"damage_taken":[{"damage":0.0,"enemies":"2 Louse","floor":1.0,"turns":1.0},{"damage":0.0,"enemies":"Cultist","floor":3.0,"turns":1.0},{"damage":0.0,"enemies":"Lagavulin","floor":7.0,"turns":1.0},{"damage":0.0,"enemies":"Jaw Worm","floor":8.0,"turns":2.0},{"damage":6.0,"enemies":"Exordium Thugs","floor":10.0,"turns":4.0},{"damage":10.0,"enemies":"3 Sentries","floor":13.0,"turns":2.0},{"damage":41.0,"enemies":"Slime Boss","floor":16.0,"turns":7.0},{"damage":0.0,"enemies":"3 Byrds","floor":18.0,"turns":3.0},{"damage":0.0,"enemies":"2 Thieves","floor":21.0,"turns":4.0},{"damage":14.0,"enemies":"Book of Stabbing","floor":23.0,"turns":6.0},{"damage":0.0,"enemies":"3 Cultists","floor":27.0,"turns":6.0},{"damage":0.0,"enemies":"Chosen and Byrds","floor":30.0,"turns":5.0},{"damage":0.0,"enemies":"Gremlin Leader","floor":31.0,"turns":11.0},{"damage":17.0,"enemies":"Collector","floor":33.0,"turns":13.0},{"damage":0.0,"enemies":"Orb Walker","floor":35.0,"turns":4.0},{"damage":0.0,"enemies":"3 Shapes","floor":37.0,"turns":5.0},{"damage":0.0,"enemies":"Reptomancer","floor":41.0,"turns":7.0},{"damage":0.0,"enemies":"Maw","floor":42.0,"turns":9.0},{"damage":0.0,"enemies":"4 Shapes","floor":46.0,"turns":5.0},{"damage":0.0,"enemies":"3 Darklings","floor":47.0,"turns":7.0},{"damage":0.0,"enemies":"Writhing Mass","floor":48.0,"turns":7.0},{"damage":21.0,"enemies":"Time Eater","floor":50.0,"turns":16.0},{"damage":24.0,"enemies":"Donu and Deca","floor":51.0,"turns":16.0},{"damage":0.0,"enemies":"Shield and Spear","floor":55.0,"turns":10.0},{"damage":25,"enemies":"The Heart","floor":56,"turns":17}],"seed_played":"-996822978832826896","potions_obtained":[{"floor":1.0,"key":"Dexterity Potion"},{"floor":8.0,"key":"SkillPotion"},{"floor":10.0,"key":"SkillPotion"},{"floor":21.0,"key":"GhostInAJar"},{"floor":30.0,"key":"PowerPotion"},{"floor":33.0,"key":"Weak Potion"},{"floor":46.0,"key":"Energy Potion"},{"floor":47.0,"key":"PowerPotion"}],"is_trial":false,"path_per_floor":["M","?","M","$","T","R","E","M","T","M","?","R","E","$","R","B",null,"M","?","?","M","$","E","$","R","T","M","$","R","M","E","R","B",null,"M","$","M","?","?","R","E","M","T","R","?","M","M","M","R","B","B",null,"R","$","E","B",null],"character_chosen":"THE_SILENT","items_purchased":["Medical Kit","Well Laid Plans","Acrobatics"],"campfire_rested":0,"item_purchase_floors":[14,28,36],"current_hp_per_floor":[59,59,59,59,59,59,59,59,59,53,53,53,43,43,43,2,50,50,33,33,33,33,19,19,19,19,19,19,19,19,19,19,2,25,25,25,25,25,25,25,25,25,25,25,25,25,25,25,25,4,16,29,29,29,29,4],"gold":52,"neow_bonus":"THREE_ENEMY_KILL","is_prod":false,"is_daily":false,"chose_seed":false,"campfire_upgraded":9,"win_rate":0,"timestamp":1552048857,"path_taken":["M","?","M","$","?","R","E","?","T","M","?","R","E","?","R","BOSS","M","?","?","M","$","E","?","R","T","?","$","R","M","E","R","BOSS","M","$","M","?","?","R","E","?","T","R","?","M","M","?","R","BOSS","BOSS","R","$","E","BOSS"],"build_version":"2019-01-23","purchased_purges":3,"victory":true,"max_hp_per_floor":[66,66,66,66,66,66,66,66,66,66,66,66,66,66,66,66,66,66,33,33,33,33,33,33,33,33,33,33,33,33,33,33,33,33,33,33,33,33,33,33,33,33,33,33,33,33,33,33,33,33,33,33,33,33,33,33],"card_choices":[{"not_picked":["Accuracy","Blur"],"picked":"Deadly Poison","floor":1.0},{"not_picked":["Slice","Deflect"],"picked":"Backstab","floor":3.0},{"not_picked":["Distraction","Leg Sweep"],"picked":"Bouncing Flask","floor":7.0},{"not_picked":["Blade Dance","Slice","Underhanded Strike"],"picked":"SKIP","floor":8.0},{"not_picked":["Dagger Throw","Crippling Poison"],"picked":"Tactician","floor":10.0},{"not_picked":["Escape Plan","Endless Agony"],"picked":"Backflip","floor":13.0},{"not_picked":["Tools of the Trade","Night Terror"],"picked":"After Image","floor":16.0},{"not_picked":["Cloak And Dagger","Prepared"],"picked":"Dodge and Roll+1","floor":18.0},{"not_picked":["Backflip","Deadly Poison"],"picked":"Acrobatics","floor":21.0},{"not_picked":["Flechettes","Deadly Poison","Distraction"],"picked":"SKIP","floor":23.0},{"not_picked":["Outmaneuver","Terror","Predator+1"],"picked":"SKIP","floor":27.0},{"not_picked":["All Out Attack","Dagger Throw"],"picked":"Night Terror","floor":30.0},{"not_picked":["Distraction","Poisoned Stab"],"picked":"Footwork","floor":31.0},{"not_picked":["Storm of Steel","Envenom"],"picked":"Venomology","floor":33.0},{"not_picked":["Dagger Throw+1","Choke+1","Infinite Blades+1"],"picked":"SKIP","floor":35.0},{"not_picked":["Deadly Poison+1","Noxious Fumes","Dagger Throw+1"],"picked":"SKIP","floor":37.0},{"not_picked":["Deflect+1","Underhanded Strike+1"],"picked":"Backflip+1","floor":41.0},{"not_picked":["Deadly Poison","Poisoned Stab+1","Storm of Steel"],"picked":"SKIP","floor":42.0},{"not_picked":["Backstab+1","Well Laid Plans","Underhanded Strike+1"],"picked":"SKIP","floor":46.0},{"not_picked":["Backstab+1","Well Laid Plans","Underhanded Strike+1"],"picked":"SKIP","floor":46.0},{"not_picked":["Cloak And Dagger","Quick Slash+1"],"picked":"Tactician+1","floor":47.0},{"not_picked":["Masterful Stab+1","Blur"],"picked":"Backflip+1","floor":48.0},{"not_picked":["Corpse Explosion","All Out Attack+1","Reflex"],"picked":"SKIP","floor":55.0}],"player_experience":3410248,"relics_obtained":[{"floor":5.0,"key":"Bronze Scales"},{"floor":7.0,"key":"Sundial"},{"floor":9.0,"key":"MawBank"},{"floor":13.0,"key":"Regal Pillow"},{"floor":23.0,"key":"Bag of Marbles"},{"floor":31.0,"key":"Molten Egg 2"},{"floor":41.0,"key":"Bottled Tornado"},{"floor":43.0,"key":"The Specimen"},{"floor":55.0,"key":"Ninja Scroll"}],"event_choices":[{"damage_healed":0.0,"max_hp_gain":0.0,"max_hp_loss":0.0,"gold_gain":0.0,"event_name":"Accursed Blacksmith","player_choice":"Rummage","floor":2.0,"gold_loss":0.0,"damage_taken":0.0,"relics_obtained":["WarpedTongs"],"cards_obtained":["Pain"]},{"damage_healed":0.0,"max_hp_gain":0.0,"max_hp_loss":0.0,"gold_gain":0.0,"event_name":"Match and Keep!","player_choice":"0 cards matched","floor":11.0,"gold_loss":0.0,"damage_taken":0.0,"cards_obtained":[]},{"damage_healed":0.0,"max_hp_gain":0.0,"max_hp_loss":33.0,"gold_gain":0.0,"event_name":"Ghosts","player_choice":"Became a Ghost","floor":19.0,"gold_loss":0.0,"damage_taken":0.0,"cards_obtained":["Ghostly","Ghostly","Ghostly"]},{"damage_healed":0.0,"max_hp_gain":0.0,"max_hp_loss":0.0,"gold_gain":0.0,"event_name":"Addict","player_choice":"Obtained Relic","floor":20.0,"gold_loss":85.0,"damage_taken":0.0,"relics_obtained":["Letter Opener"]},{"damage_healed":0.0,"max_hp_gain":0.0,"max_hp_loss":0.0,"gold_gain":0.0,"event_name":"SensoryStone","player_choice":"Memory 1","floor":38.0,"gold_loss":0.0,"damage_taken":0.0},{"damage_healed":0.0,"max_hp_gain":0.0,"max_hp_loss":0.0,"gold_gain":0.0,"event_name":"Duplicator","player_choice":"Copied","floor":39.0,"gold_loss":0.0,"damage_taken":0.0,"cards_obtained":["Ghostly"]},{"damage_healed":0.0,"max_hp_gain":0.0,"max_hp_loss":0.0,"gold_gain":0.0,"cards_transformed":["Injury"],"event_name":"Transmorgrifier","player_choice":"Transformed","floor":45.0,"gold_loss":0.0,"damage_taken":0.0,"cards_obtained":["Clumsy"]}],"is_beta":false,"boss_relics":[{"not_picked":["WristBlade","Tiny House"],"picked":"Cursed Key"},{"not_picked":["Orrery","Ring of the Serpent"],"picked":"Lizard Tail"}],"items_purged_floors":[4,36,54],"is_endless":false,"potions_floor_spawned":[1,8,10,21,30,33,42,46,47,48],"ascension_level":20}