{"gold_per_floor":[115,115,130,55,66,100,100,110,110,10,20,20,20,20,20,93,93,103,123,135,135,50,50,382,392,441,476,488,516,528,68,68,146,146,156,205,55,55,69,94,114,114,141,171,85,95,124,143,143,143,143,143,143,56,84,84],"floor_reached":56,"playtime":2633,"items_purged":["Decay","Strike_G","Defend_G","Backstab"],"score":2675,"play_id":"254a39fc-05ec-4697-9df9-56826ec7971d","local_time":"20190730145817","is_ascension_mode":true,"campfire_choices":[{"data":"Flechettes","floor":7.0,"key":"SMITH"},{"data":"Calculated Gamble","floor":12.0,"key":"SMITH"},{"data":"Noxious Fumes","floor":15.0,"key":"SMITH"},{"data":"Adrenaline","floor":23.0,"key":"SMITH"},{"data":"Concentrate","floor":28.0,"key":"SMITH"},{"data":"Tactician","floor":32.0,"key":"SMITH"},{"data":"Defend_G","floor":42.0,"key":"PURGE"},{"floor":49.0,"key":"RECALL"},{"data":"Burst","floor":53.0,"key":"SMITH"}],"neow_cost":"CURSE","seed_source_timestamp":147898037186673,"circlet_count":0,"master_deck":["AscendersBane","Defend_G","Defend_G","Survivor","Neutralize+1","Calculated Gamble+1","Endless Agony+1","Noxious Fumes+1","Heel Hook","Grand Finale","Adrenaline+1","Acrobatics+1","Concentrate+1","Tactician+1","Escape Plan","Reflex+1","Prepared+1","AscendersBane","Calculated Gamble","After Image","Burst+1"],"special_seed":0,"relics":["Ring of the Snake","Whetstone","Bag of Marbles","Question Card","Art of War","Old Coin","Anchor","MawBank","Tiny Chest","Empty Cage","Peace Pipe","Dream Catcher","Torii","Bag of Preparation","Ornamental Fan"],"potions_floor_usage":[56],"damage_taken":[{"damage":5.0,"enemies":"2 Louse","floor":1.0,"turns":4.0},{"damage":0.0,"enemies":"Cultist","floor":3.0,"turns":3.0},{"damage":0.0,"enemies":"Small Slimes","floor":5.0,"turns":3.0},{"damage":31.0,"enemies":"Lagavulin","floor":6.0,"turns":9.0},{"damage":0.0,"enemies":"3 Louse","floor":8.0,"turns":4.0},{"damage":0.0,"enemies":"Blue Slaver","floor":11.0,"turns":1.0},{"damage":0.0,"enemies":"Slime Boss","floor":16.0,"turns":2.0},{"damage":14.0,"enemies":"Spheric Guardian","floor":18.0,"turns":5.0},{"damage":0.0,"enemies":"3 Byrds","floor":19.0,"turns":1.0},{"damage":0.0,"enemies":"Centurion and Healer","floor":20.0,"turns":1.0},{"damage":22.0,"enemies":"Slavers","floor":24.0,"turns":2.0},{"damage":0.0,"enemies":"Sentry and Sphere","floor":25.0,"turns":1.0},{"damage":0.0,"enemies":"Gremlin Leader","floor":27.0,"turns":5.0},{"damage":0.0,"enemies":"Snake Plant","floor":29.0,"turns":2.0},{"damage":0.0,"enemies":"Automaton","floor":33.0,"turns":7.0},{"damage":3.0,"enemies":"3 Darklings","floor":35.0,"turns":3.0},{"damage":0.0,"enemies":"2 Orb Walkers","floor":36.0,"turns":2.0},{"damage":0.0,"enemies":"Orb Walker","floor":39.0,"turns":1.0},{"damage":0.0,"enemies":"Nemesis","floor":40.0,"turns":1.0},{"damage":0.0,"enemies":"Maw","floor":41.0,"turns":3.0},{"damage":0.0,"enemies":"Reptomancer","floor":44.0,"turns":3.0},{"damage":0.0,"enemies":"Transient","floor":46.0,"turns":6.0},{"damage":0.0,"enemies":"Giant Head","floor":47.0,"turns":2.0},{"damage":0.0,"enemies":"Writhing Mass","floor":48.0,"turns":2.0},{"damage":14.0,"enemies":"Donu and Deca","floor":50.0,"turns":5.0},{"damage":0.0,"enemies":"Awakened One","floor":51.0,"turns":4.0},{"damage":0.0,"enemies":"Shield and Spear","floor":55.0,"turns":1.0},{"damage":62,"enemies":"The Heart","floor":56,"turns":5}],"seed_played":"4921024968565076689","potions_obtained":[{"floor":1.0,"key":"Explosive Potion"},{"floor":3.0,"key":"Swift Potion"},{"floor":6.0,"key":"PowerPotion"},{"floor":16.0,"key":"Fruit Juice"},{"floor":24.0,"key":"Energy Potion"},{"floor":25.0,"key":"PowerPotion"},{"floor":27.0,"key":"SkillPotion"},{"floor":33.0,"key":"Swift Potion"},{"floor":39.0,"key":"AttackPotion"}],"is_trial":false,"path_per_floor":["M","?","M","$","M","E","R","M","T","$","M","R","?","?","R","B",null,"M","M","M","?","?","R","E","M","T","E","R","M","?","$","R","B",null,"M","?","$","?","M","E","M","R","T","E","$","M","E","M","R","B","B",null,"R","$","E","B"],"character_chosen":"THE_SILENT","items_purchased":["Tactician","GhostInAJar","Tiny Chest","Escape Plan","Burst","GamblersBrew"],"campfire_rested":0,"item_purchase_floors":[31,31,31,31,45,54],"current_hp_per_floor":[54,54,54,54,54,23,23,23,23,23,23,23,18,18,18,23,59,45,45,45,59,59,59,37,37,37,37,37,37,37,37,37,37,63,60,60,60,60,60,60,60,60,60,60,60,60,60,60,60,46,46,65,65,65,65,3],"gold":84,"neow_bonus":"TRANSFORM_TWO_CARDS","is_prod":false,"is_daily":false,"chose_seed":false,"campfire_upgraded":7,"win_rate":0,"timestamp":1564466297,"path_taken":["M","?","M","$","?","E","R","M","T","$","M","R","?","?","R","BOSS","M","M","M","?","?","R","E","M","T","E","R","M","?","$","R","BOSS","M","?","$","?","M","E","?","R","T","E","$","M","E","M","R","BOSS","BOSS","R","$","E","BOSS"],"build_version":"2019-07-17","purchased_purges":4,"victory":false,"max_hp_per_floor":[66,66,66,66,66,66,66,66,66,66,66,66,66,66,66,71,71,71,71,71,71,71,71,71,71,71,71,71,71,71,71,71,71,71,71,71,71,71,71,71,71,71,71,71,71,71,71,71,71,71,71,71,71,71,71,71],"card_choices":[{"not_picked":["Backstab","Skewer","Slice"],"picked":"SKIP","floor":1.0},{"not_picked":["Skewer","Slice"],"picked":"Backstab","floor":1.0},{"not_picked":["Concentrate","Blur"],"picked":"Noxious Fumes","floor":3.0},{"not_picked":["Deflect","Outmaneuver"],"picked":"Heel Hook","floor":5.0},{"not_picked":["Accuracy","Flying Knee"],"picked":"Flechettes","floor":6.0},{"not_picked":["Sucker Punch","Dagger Spray","Infinite Blades"],"picked":"SKIP","floor":8.0},{"not_picked":["Acrobatics","PiercingWail"],"picked":"Grand Finale","floor":11.0},{"not_picked":["Glass Knife","Unload","Wraith Form v2"],"picked":"Adrenaline","floor":16.0},{"not_picked":["Underhanded Strike","Finisher","Deflect","Blade Dance"],"picked":"SKIP","floor":18.0},{"not_picked":["Blade Dance","Dodge and Roll+1","Prepared"],"picked":"Acrobatics+1","floor":19.0},{"not_picked":["Heel Hook","Finisher","Calculated Gamble","Backflip"],"picked":"SKIP","floor":20.0},{"not_picked":["Underhanded Strike","Bullet Time","Finisher","Expertise"],"picked":"SKIP","floor":24.0},{"not_picked":["Crippling Poison","Underhanded Strike","Slice"],"picked":"Concentrate","floor":25.0},{"not_picked":["Bouncing Flask","Doppelganger","Deflect+1","Poisoned Stab"],"picked":"SKIP","floor":27.0},{"not_picked":["PiercingWail+1","Prepared","Slice","Deadly Poison"],"picked":"SKIP","floor":29.0},{"not_picked":["Bane","Deadly Poison","Setup"],"picked":"Reflex+1","floor":35.0},{"not_picked":["Bane","Underhanded Strike","Deflect"],"picked":"Prepared+1","floor":36.0},{"not_picked":["Poisoned Stab","Calculated Gamble","Underhanded Strike","Riddle With Holes"],"picked":"SKIP","floor":39.0},{"not_picked":["Poisoned Stab","Underhanded Strike","Riddle With Holes"],"picked":"Calculated Gamble","floor":39.0},{"not_picked":["Cloak And Dagger","Escape Plan","Backflip+1"],"picked":"After Image","floor":40.0},{"not_picked":["Backflip","Deflect","Infinite Blades","Poisoned Stab+1"],"picked":"SKIP","floor":41.0},{"not_picked":["All Out Attack","Dodge and Roll","Cloak And Dagger","Distraction"],"picked":"SKIP","floor":44.0},{"not_picked":["Reflex","Outmaneuver+1","Cloak And Dagger","Underhanded Strike"],"picked":"SKIP","floor":46.0},{"not_picked":["Cloak And Dagger","Quick Slash","Slice","PiercingWail"],"picked":"SKIP","floor":47.0},{"not_picked":["Flying Knee","Deflect","Dash","PiercingWail"],"picked":"SKIP","floor":48.0},{"not_picked":["Concentrate","Venomology","Distraction","Accuracy"],"picked":"SKIP","floor":55.0}],"player_experience":685413,"relics_obtained":[{"floor":6.0,"key":"Whetstone"},{"floor":9.0,"key":"Bag of Marbles"},{"floor":24.0,"key":"Old Coin"},{"floor":26.0,"key":"Anchor"},{"floor":27.0,"key":"MawBank"},{"floor":36.0,"key":"Peace Pipe"},{"floor":40.0,"key":"Dream Catcher"},{"floor":44.0,"key":"Torii"},{"floor":47.0,"key":"Bag of Preparation"},{"floor":55.0,"key":"Ornamental Fan"}],"event_choices":[{"damage_healed":0.0,"max_hp_gain":0.0,"max_hp_loss":0.0,"gold_gain":0.0,"event_name":"Upgrade Shrine","player_choice":"Upgraded","floor":2.0,"gold_loss":0.0,"damage_taken":0.0,"cards_upgraded":["Neutralize"]},{"damage_healed":0.0,"max_hp_gain":0.0,"max_hp_loss":0.0,"gold_gain":0.0,"event_name":"Scrap Ooze","player_choice":"Success","floor":13.0,"gold_loss":0.0,"damage_taken":5.0,"relics_obtained":["Question Card"]},{"cards_removed":["Strike_G"],"damage_healed":0.0,"max_hp_gain":0.0,"max_hp_loss":0.0,"gold_gain":0.0,"event_name":"Living Wall","player_choice":"Forget","floor":14.0,"gold_loss":0.0,"damage_taken":0.0},{"damage_healed":14.0,"max_hp_gain":0.0,"max_hp_loss":0.0,"gold_gain":0.0,"event_name":"The Library","player_choice":"Heal","floor":21.0,"gold_loss":0.0,"damage_taken":0.0},{"damage_healed":0.0,"max_hp_gain":0.0,"max_hp_loss":0.0,"gold_gain":0.0,"event_name":"Addict","player_choice":"Obtained Relic","floor":22.0,"gold_loss":85.0,"damage_taken":0.0,"relics_obtained":["Art of War"]},{"cards_removed":["Strike_G"],"damage_healed":0.0,"max_hp_gain":0.0,"max_hp_loss":0.0,"gold_gain":0.0,"event_name":"Back to Basics","player_choice":"Elegance","floor":30.0,"gold_loss":0.0,"damage_taken":0.0},{"damage_healed":0.0,"max_hp_gain":0.0,"max_hp_loss":0.0,"gold_gain":0.0,"event_name":"Mysterious Sphere","player_choice":"Fight","floor":36.0,"gold_loss":0.0,"damage_taken":0.0},{"damage_healed":0.0,"max_hp_gain":0.0,"max_hp_loss":0.0,"gold_gain":0.0,"event_name":"Duplicator","player_choice":"Copied","floor":38.0,"gold_loss":0.0,"damage_taken":0.0,"cards_obtained":["AscendersBane"]}],"is_beta":false,"boss_relics":[{"not_picked":["Cursed Key","Velvet Choker","Orrery"]},{"not_picked":["Sozu","White Beast Statue"],"picked":"Empty Cage"}],"items_purged_floors":[4,10,31,37],"is_endless":false,"potions_floor_spawned":[1,3,6,16,24,25,27,33,39,41,44,48,55],"killed_by":"The Heart","ascension_level":20}