{"gold_per_floor":[114,114,31,51,64,64,104,123,148,160,172,198,41,6,6,97,97,121,121,121,46,62,62,80,80,160,176,197,14,39,58,58,152,215,235,254,279,279,279,279,335,335,387,421,421,459,117,117,117,117,117,117,117,5,43,43],"floor_reached":57,"playtime":1907,"items_purged":["Strike_G","Strike_G","Strike_G"],"score":2670,"play_id":"a7df0aef-c229-469e-b7c0-17798f35532a","local_time":"20190210235535","is_ascension_mode":true,"campfire_choices":[{"data":"Bouncing Flask","floor":6.0,"key":"SMITH"},{"data":"Catalyst","floor":10.0,"key":"SMITH"},{"data":"Noxious Fumes","floor":15.0,"key":"SMITH"},{"data":"Catalyst","floor":23.0,"key":"SMITH"},{"data":"Burst","floor":25.0,"key":"SMITH"},{"data":"Acrobatics","floor":32.0,"key":"SMITH"},{"data":"Reflex","floor":40.0,"key":"SMITH"},{"data":"Tactician","floor":42.0,"key":"SMITH"},{"floor":49.0,"key":"RECALL"},{"floor":53.0,"key":"DIG"}],"neow_cost":"NONE","seed_source_timestamp":52866933027891,"circlet_count":0,"master_deck":["AscendersBane","Defend_G","Defend_G","Defend_G","Defend_G","Defend_G","Strike_G","Survivor","Neutralize","Caltrops","Noxious Fumes+1","Bouncing Flask+1","Catalyst+1","Acrobatics+1","Burst+1","Catalyst+1","Corpse Explosion","Tactician+1","Reflex+1","Acrobatics+1","After Image+1","Well Laid Plans+1","Well Laid Plans+1","Calculated Gamble+1","Footwork+1","After Image+1","After Image+1"],"special_seed":0,"relics":["Coffee Dripper","Golden Idol","Potion Belt","MawBank","Oddly Smooth Stone","Runic Dome","Bag of Preparation","Frozen Egg 2","Tiny House","Shovel","Art of War","Juzu Bracelet","DollysMirror","Bottled Flame","Strawberry"],"potions_floor_usage":[56,56],"damage_taken":[{"damage":2.0,"enemies":"Small Slimes","floor":1.0,"turns":4.0},{"damage":4.0,"enemies":"Jaw Worm","floor":4.0,"turns":4.0},{"damage":6.0,"enemies":"2 Louse","floor":5.0,"turns":3.0},{"damage":12.0,"enemies":"Lagavulin","floor":7.0,"turns":5.0},{"damage":9.0,"enemies":"Red Slaver","floor":8.0,"turns":4.0},{"damage":1.0,"enemies":"Looter","floor":12.0,"turns":3.0},{"damage":20.0,"enemies":"Slime Boss","floor":16.0,"turns":5.0},{"damage":0.0,"enemies":"Chosen","floor":18.0,"turns":3.0},{"damage":0.0,"enemies":"Spheric Guardian","floor":22.0,"turns":3.0},{"damage":5.0,"enemies":"Cultist and Chosen","floor":24.0,"turns":4.0},{"damage":21.0,"enemies":"Centurion and Healer","floor":27.0,"turns":5.0},{"damage":12.0,"enemies":"Sentry and Sphere","floor":28.0,"turns":4.0},{"damage":6.0,"enemies":"3 Cultists","floor":30.0,"turns":3.0},{"damage":5.0,"enemies":"Shelled Parasite and Fungi","floor":31.0,"turns":4.0},{"damage":12.0,"enemies":"Collector","floor":33.0,"turns":3.0},{"damage":0.0,"enemies":"3 Darklings","floor":35.0,"turns":2.0},{"damage":0.0,"enemies":"3 Shapes","floor":36.0,"turns":1.0},{"damage":0.0,"enemies":"Spire Growth","floor":37.0,"turns":3.0},{"damage":0.0,"enemies":"2 Orb Walkers","floor":41.0,"turns":2.0},{"damage":0.0,"enemies":"Giant Head","floor":44.0,"turns":3.0},{"damage":1.0,"enemies":"Nemesis","floor":46.0,"turns":5.0},{"damage":14.0,"enemies":"Time Eater","floor":50.0,"turns":5.0},{"damage":24.0,"enemies":"Donu and Deca","floor":51.0,"turns":6.0},{"damage":29.0,"enemies":"Shield and Spear","floor":55.0,"turns":5.0},{"damage":12,"enemies":"The Heart","floor":56,"turns":7}],"seed_played":"1909565225043536352","potions_obtained":[{"floor":1.0,"key":"Strength Potion"},{"floor":4.0,"key":"SneckoOil"},{"floor":8.0,"key":"Poison Potion"},{"floor":16.0,"key":"Explosive Potion"},{"floor":24.0,"key":"EssenceOfSteel"},{"floor":30.0,"key":"Weak Potion"},{"floor":33.0,"key":"GhostInAJar"},{"floor":34.0,"key":"GhostInAJar"},{"floor":35.0,"key":"Block Potion"},{"floor":45.0,"key":"SteroidPotion"},{"floor":45.0,"key":"Poison Potion"}],"is_trial":false,"path_per_floor":["M","?","$","M","M","R","E","M","T","R","?","M","$","?","R","B",null,"M","?","?","$","M","R","M","R","T","M","M","$","M","M","R","B",null,"M","M","M","?","?","R","?","R","T","E","?","E","$","?","R","B","B",null,"R","$","E","B",null],"character_chosen":"THE_SILENT","items_purchased":["Noxious Fumes","Oddly Smooth Stone","Regen Potion","DollysMirror","SkillPotion","Block Potion"],"campfire_rested":0,"item_purchase_floors":[3,13,29,47,54,54],"current_hp_per_floor":[57,57,57,53,47,47,35,26,26,26,26,25,25,40,40,20,50,50,50,50,50,50,50,45,45,45,24,12,12,18,13,13,1,50,50,50,50,50,50,50,50,50,50,50,50,49,49,49,49,35,11,49,49,49,27,15],"gold":43,"neow_bonus":"BOSS_RELIC","is_prod":false,"is_daily":false,"chose_seed":false,"campfire_upgraded":8,"win_rate":0,"timestamp":1549814135,"path_taken":["M","?","$","M","M","R","E","M","T","R","?","M","$","?","R","BOSS","M","?","?","$","M","R","M","R","T","M","?","?","M","M","R","BOSS","M","M","M","?","?","R","?","R","T","E","?","E","$","?","R","BOSS","BOSS","R","$","E","BOSS"],"build_version":"2019-01-23","purchased_purges":3,"victory":true,"max_hp_per_floor":[66,60,60,60,60,60,60,60,60,60,60,60,60,60,60,60,60,60,60,60,60,60,60,60,60,60,60,60,60,60,60,60,60,65,65,65,65,65,62,62,62,62,62,62,62,62,62,62,62,62,62,62,62,62,69,69],"card_choices":[{"not_picked":["Dodge and Roll","Deadly Poison"],"picked":"Caltrops","floor":1.0},{"not_picked":["Dodge and Roll","Heel Hook","Choke"],"picked":"SKIP","floor":4.0},{"not_picked":["Dagger Spray","Tactician"],"picked":"Bouncing Flask","floor":5.0},{"not_picked":["Terror","Die Die Die"],"picked":"Catalyst","floor":7.0},{"not_picked":["Dodge and Roll","Dagger Spray"],"picked":"Acrobatics","floor":8.0},{"not_picked":["Expertise","Skewer","Dagger Throw"],"picked":"SKIP","floor":12.0},{"not_picked":["Doppelganger","Phantasmal Killer"],"picked":"Burst","floor":16.0},{"not_picked":["Poisoned Stab","Blade Dance","PiercingWail"],"picked":"SKIP","floor":18.0},{"not_picked":["Caltrops","Backflip"],"picked":"Catalyst","floor":22.0},{"not_picked":["PiercingWail","Blur","Endless Agony"],"picked":"SKIP","floor":24.0},{"not_picked":["Outmaneuver","Dash"],"picked":"Corpse Explosion","floor":27.0},{"not_picked":["Dodge and Roll","Outmaneuver"],"picked":"Tactician","floor":28.0},{"not_picked":["Quick Slash","Poisoned Stab"],"picked":"Reflex","floor":30.0},{"not_picked":["PiercingWail","Masterful Stab"],"picked":"Acrobatics","floor":31.0},{"not_picked":["Corpse Explosion","Storm of Steel"],"picked":"After Image+1","floor":33.0},{"not_picked":["Prepared+1","Distraction"],"picked":"Well Laid Plans+1","floor":35.0},{"not_picked":["Deadly Poison","Quick Slash+1"],"picked":"Well Laid Plans+1","floor":36.0},{"not_picked":["Reflex+1","Acrobatics"],"picked":"Calculated Gamble+1","floor":37.0},{"not_picked":["Underhanded Strike+1","Backflip","Sucker Punch"],"picked":"SKIP","floor":44.0},{"not_picked":["Backflip+1","Sucker Punch+1"],"picked":"Footwork+1","floor":46.0},{"not_picked":["Flying Knee","Deadly Poison+1","Dagger Throw+1"],"picked":"SKIP","floor":55.0},{"not_picked":["Flying Knee","Deadly Poison+1","Dagger Throw+1"],"picked":"SKIP","floor":55.0}],"player_experience":2596815,"relics_obtained":[{"floor":7.0,"key":"Potion Belt"},{"floor":9.0,"key":"MawBank"},{"floor":26.0,"key":"Frozen Egg 2"},{"floor":41.0,"key":"Shovel"},{"floor":44.0,"key":"Art of War"},{"floor":46.0,"key":"Juzu Bracelet"},{"floor":53.0,"key":"Bottled Flame"},{"floor":55.0,"key":"Strawberry"}],"event_choices":[{"damage_healed":0.0,"max_hp_gain":0.0,"max_hp_loss":6.0,"gold_gain":0.0,"event_name":"Golden Idol","player_choice":"Lose Max HP","floor":2.0,"gold_loss":0.0,"damage_taken":0.0,"relics_obtained":["Golden Idol"]},{"cards_removed":["Strike_G"],"damage_healed":0.0,"max_hp_gain":0.0,"max_hp_loss":0.0,"gold_gain":0.0,"event_name":"Living Wall","player_choice":"Forget","floor":11.0,"gold_loss":0.0,"damage_taken":0.0},{"damage_healed":15.0,"max_hp_gain":0.0,"max_hp_loss":0.0,"gold_gain":0.0,"event_name":"The Cleric","player_choice":"Healed","floor":14.0,"gold_loss":35.0,"damage_taken":0.0},{"damage_healed":0.0,"max_hp_gain":0.0,"max_hp_loss":0.0,"gold_gain":0.0,"event_name":"Vampires","player_choice":"Ignored","floor":19.0,"gold_loss":0.0,"damage_taken":0.0},{"damage_healed":0.0,"max_hp_gain":0.0,"max_hp_loss":0.0,"gold_gain":0.0,"event_name":"WeMeetAgain","player_choice":"Gave Potion","floor":20.0,"gold_loss":0.0,"damage_taken":0.0,"relics_obtained":["Bag of Preparation"]},{"damage_healed":0.0,"max_hp_gain":0.0,"max_hp_loss":0.0,"gold_gain":0.0,"event_name":"Tomb of Lord Red Mask","player_choice":"Ignored","floor":38.0,"gold_loss":0.0,"damage_taken":0.0},{"damage_healed":0.0,"max_hp_gain":0.0,"max_hp_loss":3.0,"gold_gain":0.0,"event_name":"Winding Halls","player_choice":"Max HP","floor":39.0,"gold_loss":0.0,"damage_taken":0.0},{"damage_healed":0.0,"max_hp_gain":0.0,"max_hp_loss":0.0,"gold_gain":0.0,"event_name":"Mysterious Sphere","player_choice":"Fight","floor":41.0,"gold_loss":0.0,"damage_taken":0.0},{"damage_healed":0.0,"max_hp_gain":0.0,"max_hp_loss":0.0,"gold_gain":0.0,"event_name":"Lab","player_choice":"Got Potions","floor":45.0,"gold_loss":0.0,"damage_taken":0.0},{"damage_healed":0.0,"max_hp_gain":0.0,"max_hp_loss":0.0,"gold_gain":0.0,"event_name":"Duplicator","player_choice":"Copied","floor":48.0,"gold_loss":0.0,"damage_taken":0.0,"cards_obtained":["After Image"]}],"is_beta":false,"boss_relics":[{"not_picked":["Astrolabe","Pandora\u0027s Box"],"picked":"Runic Dome"},{"not_picked":["Empty Cage","White Beast Statue"],"picked":"Tiny House"}],"items_purged_floors":[21,29,47],"is_endless":false,"potions_floor_spawned":[1,4,8,16,24,30,33,35],"ascension_level":20}