{"gold_per_floor":[115,130,130,150,162,162,179,179,255,255,267,278,294,294],"floor_reached":14,"playtime":244,"items_purged":[],"score":172,"play_id":"893aab29-69c7-4558-8d20-2b0295d0672e","local_time":"20190223215351","is_ascension_mode":true,"campfire_choices":[{"data":"Doom and Gloom","floor":6,"key":"SMITH"},{"data":"Recycle","floor":8,"key":"SMITH"},{"data":"Blizzard","floor":10,"key":"SMITH"}],"neow_cost":"NONE","seed_source_timestamp":525688812431919,"circlet_count":0,"master_deck":["AscendersBane","Strike_B","Strike_B","Strike_B","Defend_B","Defend_B","Defend_B","Defend_B","Zap","Dualcast","Cold Snap","FTL","Recycle+1","Doom and Gloom+1","Blizzard+1","Beam Cell","Turbo"],"relics":["Cracked Core","NeowsBlessing","Singing Bowl"],"potions_floor_usage":[],"damage_taken":[{"damage":0,"enemies":"Jaw Worm","floor":1,"turns":1},{"damage":0,"enemies":"Cultist","floor":2,"turns":1},{"damage":0,"enemies":"Small Slimes","floor":4,"turns":1},{"damage":4,"enemies":"2 Fungi Beasts","floor":5,"turns":3},{"damage":26,"enemies":"Exordium Thugs","floor":7,"turns":4},{"damage":4,"enemies":"Looter","floor":11,"turns":3},{"damage":13,"enemies":"Blue Slaver","floor":12,"turns":2},{"damage":4,"enemies":"Red Slaver","floor":13,"turns":3},{"damage":18,"enemies":"Lagavulin","floor":14,"turns":4}],"seed_played":"-4722409450260508755","potions_obtained":[{"floor":4,"key":"Poison Potion"},{"floor":7,"key":"Strength Potion"}],"is_trial":false,"path_per_floor":["M","M","?","M","M","R","M","R","T","R","M","M","M","E"],"character_chosen":"DEFECT","items_purchased":[],"campfire_rested":0,"item_purchase_floors":[],"current_hp_per_floor":[64,64,64,64,60,60,34,34,34,34,30,19,15,0],"gold":294,"neow_bonus":"THREE_ENEMY_KILL","is_prod":false,"is_daily":false,"chose_seed":false,"campfire_upgraded":3,"win_rate":0,"timestamp":1550930031,"path_taken":["M","M","?","M","M","R","M","R","T","R","M","?","M","E"],"build_version":"2019-01-23","purchased_purges":0,"victory":false,"max_hp_per_floor":[71,71,71,71,71,71,71,71,71,71,71,73,73,73],"card_choices":[{"not_picked":["Barrage","Fusion"],"picked":"Cold Snap","floor":1},{"not_picked":["Auto Shields","Beam Cell"],"picked":"FTL","floor":2},{"not_picked":["Gash","Aggregate"],"picked":"Recycle","floor":4},{"not_picked":["Stack","Auto Shields"],"picked":"Doom and Gloom","floor":5},{"not_picked":["Beam Cell","BootSequence"],"picked":"Blizzard","floor":7},{"not_picked":["Scrape","Streamline"],"picked":"Beam Cell","floor":11},{"not_picked":["Streamline","Genetic Algorithm","Hello World"],"picked":"Singing Bowl","floor":12},{"not_picked":["Hello World","Beam Cell"],"picked":"Turbo","floor":13}],"player_experience":948995,"relics_obtained":[{"floor":9,"key":"Singing Bowl"}],"event_choices":[{"cards_removed":["Strike_B"],"damage_healed":0,"gold_gain":0,"player_choice":"Purged","damage_taken":0,"max_hp_gain":0,"max_hp_loss":0,"event_name":"Purifier","floor":3,"gold_loss":0}],"is_beta":false,"boss_relics":[],"items_purged_floors":[],"is_endless":false,"potions_floor_spawned":[4,7,11,12],"killed_by":"Lagavulin","ascension_level":20}