{"gold_per_floor":[364,334,49,65,84,84,96,96,121,46,59,59,77,94,94,94],"floor_reached":16,"playtime":713,"items_purged":["Strike_R"],"score":188,"play_id":"00806575-7042-4cb0-9eac-068d9ad09094","local_time":"20190311011958","is_ascension_mode":true,"campfire_choices":[{"data":"Bash","floor":6,"key":"SMITH"},{"data":"Burning Pact","floor":8,"key":"SMITH"},{"data":"Second Wind","floor":15,"key":"SMITH"}],"neow_cost":"CURSE","seed_source_timestamp":52476460823077,"circlet_count":0,"master_deck":["AscendersBane","Strike_R","Strike_R","Strike_R","Strike_R","Defend_R","Defend_R","Defend_R","Defend_R","Bash+1","Doubt","Burning Pact+1","Second Wind+1","Shrug It Off","Double Tap","Shrug It Off"],"relics":["Burning Blood","Sundial"],"potions_floor_usage":[4,16,16],"damage_taken":[{"damage":9,"enemies":"2 Louse","floor":1,"turns":3},{"damage":13,"enemies":"Cultist","floor":4,"turns":5},{"damage":14,"enemies":"Jaw Worm","floor":5,"turns":6},{"damage":25,"enemies":"Red Slaver","floor":7,"turns":5},{"damage":11,"enemies":"Blue Slaver","floor":11,"turns":3},{"damage":0,"enemies":"2 Fungi Beasts","floor":13,"turns":4},{"damage":4,"enemies":"Looter","floor":14,"turns":4},{"damage":0,"enemies":"Slime Boss","floor":16,"turns":2}],"seed_played":"-6619308565860264353","potions_obtained":[{"floor":2,"key":"Weak Potion"},{"floor":2,"key":"AttackPotion"},{"floor":7,"key":"SkillPotion"},{"floor":14,"key":"EntropicBrew"}],"is_trial":false,"path_per_floor":["M","?","$","M","M","R","M","R","T","$","M","$","M","M","R","B"],"character_chosen":"IRONCLAD","items_purchased":["Sundial"],"campfire_rested":0,"item_purchase_floors":[3],"current_hp_per_floor":[65,65,65,58,50,50,31,31,31,31,26,26,32,34,34,34],"gold":94,"neow_bonus":"TWO_FIFTY_GOLD","is_prod":false,"is_daily":false,"chose_seed":false,"campfire_upgraded":3,"win_rate":0,"timestamp":1552238398,"path_taken":["M","?","$","M","M","R","M","R","T","?","M","?","M","M","R","BOSS"],"build_version":"2019-01-23","purchased_purges":1,"victory":false,"max_hp_per_floor":[75,75,75,75,75,75,75,75,75,75,75,75,75,75,75,75],"card_choices":[{"not_picked":["Havoc","Body Slam"],"picked":"Burning Pact","floor":1},{"not_picked":["Reckless Charge","Infernal Blade","Heavy Blade"],"picked":"SKIP","floor":4},{"not_picked":["Cleave","Dropkick"],"picked":"Second Wind","floor":5},{"not_picked":["Body Slam","True Grit"],"picked":"Shrug It Off","floor":7},{"not_picked":["Headbutt","Armaments"],"picked":"Double Tap","floor":11},{"not_picked":["Havoc","Iron Wave","Cleave"],"picked":"SKIP","floor":13},{"not_picked":["Searing Blow","Perfected Strike"],"picked":"Shrug It Off","floor":14}],"player_experience":3467093,"relics_obtained":[],"event_choices":[{"damage_healed":0,"gold_gain":0,"player_choice":"Bought 2 Potions","damage_taken":0,"max_hp_gain":0,"max_hp_loss":0,"event_name":"The Woman in Blue","floor":2,"gold_loss":0}],"is_beta":false,"boss_relics":[],"items_purged_floors":[10],"is_endless":false,"potions_floor_spawned":[7,13,14],"killed_by":"Slime Boss","ascension_level":20}