{"gold_per_floor":[118,133,58,58,75,75,75,75,98,133,145,183,195,234,246,258],"floor_reached":16,"playtime":233,"items_purged":["Strike_G"],"score":232,"play_id":"a5521188-83e5-4a8b-a4da-348523e55f2d","local_time":"20190420143750","is_ascension_mode":true,"campfire_choices":[{"data":"Bouncing Flask","floor":8.0,"key":"SMITH"},{"data":"Neutralize","floor":13,"key":"SMITH"},{"data":"Tactician","floor":15,"key":"SMITH"}],"neow_cost":"NONE","seed_source_timestamp":9238534250277,"circlet_count":0,"master_deck":["AscendersBane","Defend_G","Defend_G","Defend_G","Defend_G","Defend_G","Strike_G","Strike_G","Strike_G","Survivor","Neutralize+1","Bouncing Flask+1","Tactician+1"],"special_seed":0,"relics":["Ring of the Snake","NeowsBlessing","GremlinMask","PreservedInsect","MawBank","Strawberry","Centennial Puzzle"],"potions_floor_usage":[12],"damage_taken":[{"damage":0.0,"enemies":"Small Slimes","floor":1.0,"turns":1.0},{"damage":0.0,"enemies":"Cultist","floor":2.0,"turns":1.0},{"damage":0.0,"enemies":"2 Louse","floor":5.0,"turns":1.0},{"damage":17.0,"enemies":"Lagavulin","floor":10.0,"turns":6.0},{"damage":11,"enemies":"Gremlin Nob","floor":12,"turns":3},{"damage":12,"enemies":"Lagavulin","floor":14,"turns":5},{"damage":0,"enemies":"Slime Boss","floor":16,"turns":2}],"seed_played":"4088227777498313611","potions_obtained":[{"floor":1.0,"key":"Energy Potion"},{"floor":5.0,"key":"Poison Potion"},{"floor":14,"key":"Energy Potion"}],"is_trial":false,"path_per_floor":["M","M","$","?","M","?","?","R","T","E","?","E","R","E","R","B"],"character_chosen":"THE_SILENT","items_purchased":[],"campfire_rested":0,"item_purchase_floors":[],"current_hp_per_floor":[59,59,59,59,59,64,57,57,57,40,36,32,32,20,20,20],"gold":258,"neow_bonus":"THREE_ENEMY_KILL","is_prod":false,"is_daily":false,"chose_seed":false,"campfire_upgraded":3,"win_rate":0,"timestamp":1555742270,"path_taken":["M","M","$","?","?","?","?","R","T","E","?","E","R","E","R","BOSS"],"build_version":"2019-01-23","purchased_purges":1,"victory":false,"max_hp_per_floor":[66,66,66,66,66,71,71,71,71,71,71,78,78,78,78,78],"card_choices":[{"not_picked":["Masterful Stab","Dagger Spray"],"picked":"Bouncing Flask","floor":1.0},{"not_picked":["Dodge and Roll","Acrobatics","Backstab"],"picked":"SKIP","floor":2.0},{"not_picked":["PiercingWail","Predator"],"picked":"Tactician","floor":5.0},{"not_picked":["Quick Slash","PiercingWail","Bane"],"picked":"SKIP","floor":10.0},{"not_picked":["Underhanded Strike","Accuracy","Choke"],"picked":"SKIP","floor":12},{"not_picked":["Choke","Endless Agony","Bane"],"picked":"SKIP","floor":14}],"player_experience":4419827,"relics_obtained":[{"floor":9.0,"key":"PreservedInsect"},{"floor":10.0,"key":"MawBank"},{"floor":12,"key":"Strawberry"},{"floor":14,"key":"Centennial Puzzle"}],"event_choices":[{"damage_healed":0.0,"max_hp_gain":0.0,"max_hp_loss":0.0,"gold_gain":0.0,"event_name":"FaceTrader","player_choice":"Trade","floor":4.0,"gold_loss":0.0,"damage_taken":0.0,"relics_obtained":["GremlinMask"]},{"damage_healed":0.0,"max_hp_gain":5.0,"max_hp_loss":0.0,"gold_gain":0.0,"event_name":"Big Fish","player_choice":"Donut","floor":6.0,"gold_loss":0.0,"damage_taken":0.0},{"cards_removed":["Strike_G"],"damage_healed":0.0,"max_hp_gain":0.0,"max_hp_loss":0.0,"gold_gain":0.0,"event_name":"Golden Wing","player_choice":"Card Removal","floor":7.0,"gold_loss":0.0,"damage_taken":7.0},{"damage_healed":0,"gold_gain":0,"player_choice":"Bought 0 Potions","damage_taken":0,"max_hp_gain":0,"max_hp_loss":0,"event_name":"The Woman in Blue","floor":11,"gold_loss":0}],"is_beta":false,"boss_relics":[],"items_purged_floors":[3],"is_endless":false,"potions_floor_spawned":[1,5,14],"killed_by":"Slime Boss","ascension_level":20}