{"gold_per_floor":[111,111,111,69,86,86,115,115,115,115,134,159,179,254,254,327,327,347,18,18,29,44,44,44,60,60,77,95,95,95,20,20,96,96,110,128,143,157,157,157,173,202,227,227,247,247,247,259,259,259,259],"floor_reached":51,"playtime":4118,"items_purged":["Shame"],"score":1328,"play_id":"9bf44bd0-5af8-447f-b679-2120b9e50fcb","local_time":"20190110180941","is_ascension_mode":true,"campfire_choices":[{"data":"Zap","floor":6.0,"key":"SMITH"},{"data":"Glacier","floor":8.0,"key":"SMITH"},{"floor":10.0,"key":"RECALL"},{"data":"Darkness","floor":15.0,"key":"SMITH"},{"data":"Hologram","floor":23.0,"key":"SMITH"},{"data":"Multi-Cast","floor":29.0,"key":"SMITH"},{"data":"Coolheaded","floor":32.0,"key":"SMITH"},{"data":"Fission","floor":40.0,"key":"SMITH"},{"data":"Redo","floor":44.0,"key":"SMITH"},{"floor":49,"key":"REST"}],"neow_cost":"NONE","seed_source_timestamp":18668184516633,"circlet_count":0,"master_deck":["AscendersBane","Defend_B","Defend_B","Defend_B+1","Defend_B","Zap+1","Dualcast+1","Self Repair","Glacier+1","Ball Lightning","Coolheaded+1","Core Surge+1","Darkness+1","Multi-Cast+1","Defragment+1","Hologram+1","Go for the Eyes+1","Redo+1","Capacitor+1","Lockon+1","Core Surge+1","Fission+1","Defragment+1","Reboot","Echo Form+1"],"special_seed":0,"relics":["Cracked Core","NeowsBlessing","War Paint","Frozen Egg 2","Molten Egg 2","Runic Pyramid","Mummified Hand","Potion Belt","Pear","Empty Cage","Pen Nib","Bag of Preparation"],"potions_floor_usage":[45,48,48,51],"damage_taken":[{"damage":0.0,"enemies":"Jaw Worm","floor":1.0,"turns":1.0},{"damage":0.0,"enemies":"Small Slimes","floor":5.0,"turns":1.0},{"damage":0.0,"enemies":"Lagavulin","floor":7.0,"turns":2.0},{"damage":0.0,"enemies":"2 Louse","floor":11.0,"turns":2.0},{"damage":38.0,"enemies":"3 Sentries","floor":12.0,"turns":9.0},{"damage":4.0,"enemies":"Looter","floor":13.0,"turns":3.0},{"damage":6.0,"enemies":"The Guardian","floor":16.0,"turns":11.0},{"damage":0.0,"enemies":"Chosen","floor":18.0,"turns":5.0},{"damage":13.0,"enemies":"3 Byrds","floor":21.0,"turns":6.0},{"damage":0.0,"enemies":"Snake Plant","floor":22.0,"turns":4.0},{"damage":5.0,"enemies":"Centurion and Healer","floor":25.0,"turns":7.0},{"damage":49.0,"enemies":"3 Cultists","floor":27.0,"turns":8.0},{"damage":11.0,"enemies":"Chosen and Byrds","floor":28.0,"turns":8.0},{"damage":25.0,"enemies":"Collector","floor":33.0,"turns":8.0},{"damage":0.0,"enemies":"3 Shapes","floor":35.0,"turns":6.0},{"damage":19.0,"enemies":"Orb Walker","floor":36.0,"turns":4.0},{"damage":0.0,"enemies":"Spire Growth","floor":37.0,"turns":6.0},{"damage":27.0,"enemies":"Transient","floor":38.0,"turns":6.0},{"damage":17.0,"enemies":"Writhing Mass","floor":41.0,"turns":8.0},{"damage":25.0,"enemies":"Nemesis","floor":42.0,"turns":9.0},{"damage":52,"enemies":"Jaw Worm Horde","floor":45,"turns":5},{"damage":0,"enemies":"4 Shapes","floor":48,"turns":4},{"damage":28,"enemies":"Time Eater","floor":50,"turns":6},{"damage":41,"enemies":"Awakened One","floor":51,"turns":5}],"seed_played":"-1061139976766629120","potions_obtained":[{"floor":1.0,"key":"Swift Potion"},{"floor":5.0,"key":"Dexterity Potion"},{"floor":18.0,"key":"Weak Potion"},{"floor":33.0,"key":"Explosive Potion"},{"floor":35.0,"key":"SteroidPotion"},{"floor":37.0,"key":"Explosive Potion"},{"floor":45,"key":"Energy Potion"},{"floor":48,"key":"Strength Potion"}],"is_trial":false,"path_per_floor":["M","?","?","$","M","R","E","R","T","R","M","E","M","?","R","B",null,"M","$","?","M","M","R","?","M","T","M","M","R","?","$","R","B",null,"M","M","M","M","?","R","M","E","T","R","M","?","?","M","R","B","B"],"character_chosen":"DEFECT","items_purchased":["Self Repair","Defragment+1","Mummified Hand"],"campfire_rested":1,"item_purchase_floors":[4,19,19],"current_hp_per_floor":[64,57,52,52,59,59,71,71,71,71,71,47,57,46,46,54,67,71,71,71,71,71,71,71,71,81,46,49,49,49,49,49,38,70,81,76,81,68,68,68,65,54,54,54,16,16,16,23,46,32,0],"gold":259,"neow_bonus":"THREE_ENEMY_KILL","is_prod":false,"is_daily":false,"chose_seed":false,"campfire_upgraded":8,"win_rate":0,"timestamp":1547114981,"path_taken":["M","?","?","$","M","R","E","R","T","R","M","E","M","?","R","BOSS","M","$","?","M","M","R","?","M","T","M","M","R","?","$","R","BOSS","M","M","M","M","?","R","M","E","T","R","M","?","?","M","R","BOSS","BOSS"],"build_version":"2019-01-03v4","purchased_purges":1,"victory":false,"max_hp_per_floor":[71,71,71,71,71,71,71,71,71,71,71,71,71,71,71,71,71,71,71,71,71,71,71,71,71,81,81,81,81,81,81,81,81,81,81,81,81,81,77,77,77,77,77,77,77,77,77,77,77,77,77],"card_choices":[{"not_picked":["Compile Driver","Conserve Battery"],"picked":"Self Repair","floor":1.0},{"not_picked":["Heatsinks","BootSequence"],"picked":"Glacier","floor":5.0},{"not_picked":["BootSequence","Stack"],"picked":"Ball Lightning","floor":7.0},{"not_picked":["Lockon","Streamline"],"picked":"Coolheaded","floor":11.0},{"not_picked":["Ball Lightning","Go for the Eyes"],"picked":"Core Surge","floor":12.0},{"not_picked":["Force Field","Beam Cell+1"],"picked":"Darkness","floor":13.0},{"not_picked":["Meteor Strike+1","Thunder Strike+1"],"picked":"Multi-Cast","floor":16.0},{"not_picked":["Sweeping Beam+1","Rebound+1","Compile Driver+1"],"picked":"SKIP","floor":18.0},{"not_picked":["Gash+1","Compile Driver+1"],"picked":"Go for the Eyes+1","floor":21.0},{"not_picked":["Reprogram","Go for the Eyes+1"],"picked":"Redo","floor":22.0},{"not_picked":["Steam","Coolheaded"],"picked":"Capacitor+1","floor":25.0},{"not_picked":["Compile Driver+1","Beam Cell+1"],"picked":"Lockon+1","floor":27.0},{"not_picked":["Redo","Rebound+1","Static Discharge+1"],"picked":"SKIP","floor":28.0},{"not_picked":["Electrodynamics+1","Seek"],"picked":"Fission","floor":33.0},{"not_picked":["Sweeping Beam+1","Scrape+1","Rebound+1"],"picked":"SKIP","floor":35.0},{"not_picked":["Turbo+1","Aggregate","FTL+1"],"picked":"SKIP","floor":36.0},{"not_picked":["Ball Lightning+1","Stack"],"picked":"Defragment+1","floor":37.0},{"not_picked":["Doom and Gloom+1","Redo"],"picked":"Reboot","floor":38.0},{"not_picked":["Go for the Eyes+1","Barrage+1","Sweeping Beam+1"],"picked":"SKIP","floor":41.0},{"not_picked":["Cold Snap+1","Consume"],"picked":"Echo Form+1","floor":42.0},{"not_picked":["Gash+1","Compile Driver+1","Beam Cell+1"],"picked":"SKIP","floor":45},{"not_picked":["Hello World+1","Stack+1","Leap"],"picked":"SKIP","floor":48}],"player_experience":1914205,"relics_obtained":[{"floor":7.0,"key":"Frozen Egg 2"},{"floor":12.0,"key":"Molten Egg 2"},{"floor":26.0,"key":"Pear"},{"floor":42.0,"key":"Pen Nib"},{"floor":43.0,"key":"Bag of Preparation"}],"event_choices":[{"cards_removed":["Strike_B"],"damage_healed":0.0,"max_hp_gain":0.0,"max_hp_loss":0.0,"gold_gain":0.0,"event_name":"Golden Wing","player_choice":"Card Removal","floor":2.0,"gold_loss":0.0,"damage_taken":7.0},{"damage_healed":0.0,"max_hp_gain":0.0,"max_hp_loss":0.0,"gold_gain":0.0,"event_name":"Scrap Ooze","player_choice":"Success","floor":3.0,"gold_loss":0.0,"damage_taken":5.0,"relics_obtained":["War Paint"]},{"damage_healed":0.0,"max_hp_gain":0.0,"max_hp_loss":0.0,"gold_gain":75.0,"event_name":"World of Goop","player_choice":"Gather Gold","floor":14.0,"gold_loss":0.0,"damage_taken":11.0},{"damage_healed":0.0,"max_hp_gain":0.0,"max_hp_loss":0.0,"gold_gain":0.0,"event_name":"The Library","player_choice":"Read","floor":20.0,"gold_loss":0.0,"damage_taken":0.0,"cards_obtained":["Hologram"]},{"damage_healed":0.0,"max_hp_gain":0.0,"max_hp_loss":0.0,"gold_gain":0.0,"event_name":"Addict","player_choice":"Stole Relic","floor":24.0,"gold_loss":0.0,"damage_taken":0.0,"relics_obtained":["Potion Belt"],"cards_obtained":["Shame"]},{"damage_healed":0.0,"max_hp_gain":0.0,"max_hp_loss":0.0,"gold_gain":0.0,"cards_transformed":["Strike_B"],"event_name":"Transmorgrifier","player_choice":"Transformed","floor":30.0,"gold_loss":0.0,"damage_taken":0.0,"cards_obtained":["Core Surge"]},{"damage_healed":0.0,"max_hp_gain":0.0,"max_hp_loss":4.0,"gold_gain":0.0,"event_name":"Winding Halls","player_choice":"Max HP","floor":39.0,"gold_loss":0.0,"damage_taken":0.0},{"cards_removed":["Self Repair"],"damage_healed":0,"gold_gain":0,"player_choice":"Removed Power","damage_taken":0,"max_hp_gain":0,"max_hp_loss":0,"event_name":"Falling","floor":46,"gold_loss":0},{"damage_healed":0,"gold_gain":0,"player_choice":"Ignored","damage_taken":0,"max_hp_gain":0,"max_hp_loss":0,"event_name":"Tomb of Lord Red Mask","floor":47,"gold_loss":0}],"is_beta":false,"boss_relics":[{"not_picked":["White Beast Statue","Nuclear Battery"],"picked":"Runic Pyramid"},{"not_picked":["Fusion Hammer","Tiny House"],"picked":"Empty Cage"}],"items_purged_floors":[31],"is_endless":false,"potions_floor_spawned":[1,5,13,18,22,33,35,37,45,48],"killed_by":"Awakened One","ascension_level":20}