{"gold_per_floor":[115,127,137,137,153,153,179,179,233,267,113,113,128,143,143,143],"floor_reached":16,"playtime":499,"items_purged":["Strike_G"],"score":224,"play_id":"ffd963f5-f63e-4ba1-9c1a-5b4b1ccc035a","local_time":"20190215082529","is_ascension_mode":true,"campfire_choices":[{"data":"Neutralize","floor":6.0,"key":"SMITH"},{"data":"Corpse Explosion","floor":8,"key":"SMITH"},{"data":"Tactician","floor":12,"key":"SMITH"},{"data":"Backflip","floor":15,"key":"SMITH"}],"neow_cost":"TEN_PERCENT_HP_LOSS","seed_source_timestamp":1762312392192,"circlet_count":0,"master_deck":["AscendersBane","Defend_G","Defend_G","Defend_G","Defend_G","Strike_G","Strike_G","Strike_G","Survivor","Neutralize+1","Caltrops+1","Backflip+1","Tactician+1","Escape Plan","Corpse Explosion+1"],"special_seed":0,"relics":["Ring of the Snake","Dodecahedron","Bag of Marbles","Centennial Puzzle"],"potions_floor_usage":[7,10,13],"damage_taken":[{"damage":0.0,"enemies":"2 Louse","floor":1.0,"turns":4.0},{"damage":2.0,"enemies":"Cultist","floor":2.0,"turns":5.0},{"damage":0.0,"enemies":"Small Slimes","floor":3.0,"turns":4.0},{"damage":12.0,"enemies":"3 Louse","floor":5.0,"turns":4.0},{"damage":19,"enemies":"3 Sentries","floor":7,"turns":8},{"damage":6,"enemies":"Lagavulin","floor":10,"turns":6},{"damage":0,"enemies":"Lots of Slimes","floor":13,"turns":2},{"damage":10,"enemies":"Large Slime","floor":14,"turns":4},{"damage":27,"enemies":"The Guardian","floor":16,"turns":2}],"seed_played":"-7537563542239757258","potions_obtained":[{"floor":3.0,"key":"SteroidPotion"},{"floor":5.0,"key":"Explosive Potion"},{"floor":14,"key":"FearPotion"}],"is_trial":false,"path_per_floor":["M","M","M","?","M","R","E","R","T","E","$","R","M","M","R","B"],"character_chosen":"THE_SILENT","items_purchased":["Regen Potion"],"campfire_rested":0,"item_purchase_floors":[11],"current_hp_per_floor":[59,57,57,57,45,45,26,26,26,20,20,20,29,19,19,0],"gold":143,"neow_bonus":"REMOVE_TWO","is_prod":false,"is_daily":false,"chose_seed":false,"campfire_upgraded":4,"win_rate":0,"timestamp":1550190329,"path_taken":["M","M","M","?","M","R","E","R","T","E","$","R","?","?","R","BOSS"],"build_version":"2019-01-23","purchased_purges":1,"victory":false,"max_hp_per_floor":[60,60,60,60,60,60,60,60,60,60,60,60,60,60,60,60],"card_choices":[{"not_picked":["PiercingWail","Cloak And Dagger"],"picked":"Caltrops","floor":1.0},{"not_picked":["Deflect","Prepared"],"picked":"Backflip","floor":2.0},{"not_picked":["Flechettes","Quick Slash"],"picked":"Tactician","floor":3.0},{"not_picked":["Expertise","Bane"],"picked":"Escape Plan","floor":5.0},{"not_picked":["Cloak And Dagger","Noxious Fumes"],"picked":"Corpse Explosion","floor":7},{"not_picked":["Masterful Stab","Crippling Poison","Poisoned Stab"],"picked":"SKIP","floor":10},{"not_picked":["Underhanded Strike","Skewer","Dagger Throw"],"picked":"SKIP","floor":13},{"not_picked":["Dagger Spray","Finisher","Skewer"],"picked":"SKIP","floor":14}],"player_experience":2755708,"relics_obtained":[{"floor":7,"key":"Dodecahedron"},{"floor":9,"key":"Bag of Marbles"},{"floor":10,"key":"Centennial Puzzle"}],"event_choices":[{"damage_healed":0.0,"max_hp_gain":0.0,"max_hp_loss":0.0,"gold_gain":0.0,"event_name":"Upgrade Shrine","player_choice":"Upgraded","floor":4.0,"gold_loss":0.0,"damage_taken":0.0,"cards_upgraded":["Caltrops"]}],"is_beta":false,"boss_relics":[],"items_purged_floors":[11],"is_endless":false,"potions_floor_spawned":[3,5,14],"killed_by":"The Guardian","ascension_level":20}