{"gold_per_floor":[20,20,170,245,8,8,24,24,47,65,83,83,83,108,108,204,204,160,34,58,73,93,93,18,18,89,120,120,120,12,32,32,130,130,151,175,96,119,132,132],"floor_reached":40,"playtime":2387,"items_purged":["Doubt"],"score":796,"play_id":"274448cd-74ce-4457-82d4-8a72aeb8b896","local_time":"20190728160628","is_ascension_mode":true,"campfire_choices":[{"data":"Dagger Spray","floor":6,"key":"SMITH"},{"data":"Neutralize","floor":12,"key":"SMITH"},{"floor":15,"key":"REST"},{"data":"Panacea","floor":23,"key":"SMITH"},{"floor":25,"key":"REST"},{"data":"Well Laid Plans","floor":28,"key":"SMITH"},{"data":"Bouncing Flask","floor":32,"key":"SMITH"}],"neow_cost":"NO_GOLD","seed_source_timestamp":15675341148141,"circlet_count":0,"master_deck":["AscendersBane","Strike_G","Strike_G","Strike_G","Strike_G","Defend_G","Defend_G","Defend_G","Defend_G+1","Defend_G","Survivor+1","Neutralize+1","Infinite Blades","Dagger Spray+1","Panacea+1","Blade Dance","Backstab","Flying Knee","Cloak And Dagger","Malaise","PiercingWail","Well Laid Plans+1","Deadly Poison","Predator","Quick Slash","Bouncing Flask+1","Predator+1","Acrobatics","Backflip","Die Die Die","Acrobatics+1","Adrenaline","Sucker Punch+1"],"special_seed":0,"relics":["Ring of the Snake","Thread and Needle","Golden Idol","Paper Crane","PreservedInsect","Bronze Scales","HoveringKite","Shuriken","Vajra","Fusion Hammer"],"potions_floor_usage":[16,16,16,16,27,33,39],"damage_taken":[{"damage":0.0,"enemies":"Small Slimes","floor":1.0,"turns":4.0},{"damage":8,"enemies":"Jaw Worm","floor":7,"turns":4},{"damage":0,"enemies":"2 Louse","floor":10,"turns":1},{"damage":6,"enemies":"Large Slime","floor":11,"turns":5},{"damage":0,"enemies":"2 Fungi Beasts","floor":14,"turns":2},{"damage":11,"enemies":"Slime Boss","floor":16,"turns":7},{"damage":18,"enemies":"2 Thieves","floor":18,"turns":5},{"damage":0,"enemies":"Shell Parasite","floor":20,"turns":6},{"damage":5,"enemies":"Shelled Parasite and Fungi","floor":21,"turns":8},{"damage":1,"enemies":"Snake Plant","floor":22,"turns":5},{"damage":6,"enemies":"Book of Stabbing","floor":27,"turns":6},{"damage":5,"enemies":"3 Cultists","floor":31,"turns":3},{"damage":15,"enemies":"Automaton","floor":33,"turns":9},{"damage":3,"enemies":"3 Shapes","floor":35,"turns":6},{"damage":6,"enemies":"Orb Walker","floor":36,"turns":3},{"damage":23,"enemies":"Jaw Worm Horde","floor":38,"turns":3},{"damage":16,"enemies":"Writhing Mass","floor":39,"turns":7},{"damage":35,"enemies":"Nemesis","floor":40,"turns":2}],"seed_played":"-497095452502606836","potions_obtained":[{"floor":1,"key":"Ancient Potion"},{"floor":11,"key":"EntropicBrew"},{"floor":16,"key":"Energy Potion"},{"floor":18,"key":"SkillPotion"},{"floor":39,"key":"Fire Potion"}],"is_trial":false,"path_per_floor":["M","?","?","T","$","R","M","T","T","M","M","R","?","M","R","B",null,"M","$","M","M","M","R","?","R","T","E","R","?","$","M","R","B",null,"M","M","$","M","M","E"],"character_chosen":"THE_SILENT","items_purchased":["Dagger Spray","Panacea","Well Laid Plans","Deadly Poison","Acrobatics","PowerPotion","Adrenaline"],"campfire_rested":2,"item_purchase_floors":[5,5,19,19,30,30,37],"current_hp_per_floor":[59,36,36,36,36,36,28,28,28,28,22,22,2,2,21,10,52,34,34,34,29,28,28,28,47,47,41,41,41,41,36,36,21,55,52,46,46,23,7,0],"gold":132,"neow_bonus":"ONE_RARE_RELIC","is_prod":false,"is_daily":false,"chose_seed":false,"campfire_upgraded":5,"win_rate":0,"timestamp":1564322788,"path_taken":["M","?","?","?","$","R","M","?","T","M","M","R","?","M","R","BOSS","M","$","M","M","M","R","?","R","T","E","R","?","?","M","R","BOSS","M","?","$","M","?","E"],"build_version":"2019-07-17","purchased_purges":1,"victory":false,"max_hp_per_floor":[66,66,66,66,66,66,66,66,66,66,66,66,66,66,66,66,66,66,66,66,66,66,66,66,66,66,66,66,66,66,66,66,66,66,66,66,66,66,66,66],"card_choices":[{"not_picked":["Expertise","Poisoned Stab"],"picked":"Infinite Blades","floor":1},{"not_picked":["Deflect","Tools of the Trade"],"picked":"Blade Dance","floor":7},{"not_picked":["Leg Sweep","Masterful Stab"],"picked":"Backstab","floor":10},{"not_picked":["Underhanded Strike","Deflect"],"picked":"Flying Knee","floor":11},{"not_picked":["Blur","Dodge and Roll"],"picked":"Cloak And Dagger","floor":14},{"not_picked":["Grand Finale","Phantasmal Killer"],"picked":"Malaise","floor":16},{"not_picked":["Slice","Infinite Blades"],"picked":"PiercingWail","floor":18},{"not_picked":["Cloak And Dagger","Footwork"],"picked":"Predator","floor":20},{"not_picked":["Poisoned Stab","Cloak And Dagger"],"picked":"Quick Slash","floor":21},{"not_picked":["Concentrate","Infinite Blades"],"picked":"Bouncing Flask","floor":22},{"not_picked":["Skewer","All Out Attack"],"picked":"Predator+1","floor":27},{"not_picked":["Underhanded Strike","Infinite Blades"],"picked":"Backflip","floor":31},{"not_picked":["Venomology","A Thousand Cuts"],"picked":"Die Die Die","floor":33},{"not_picked":["Finisher+1","Deflect","Infinite Blades"],"picked":"SKIP","floor":35},{"not_picked":["Poisoned Stab","Outmaneuver"],"picked":"Acrobatics+1","floor":36},{"not_picked":["Sucker Punch+1","Flying Knee","PiercingWail"],"picked":"SKIP","floor":38},{"not_picked":["Flying Knee","PiercingWail"],"picked":"Sucker Punch+1","floor":38},{"not_picked":["PiercingWail","Slice+1","Prepared"],"picked":"SKIP","floor":39}],"player_experience":780822,"relics_obtained":[{"floor":4,"key":"Paper Crane"},{"floor":8,"key":"PreservedInsect"},{"floor":9,"key":"Bronze Scales"},{"floor":26,"key":"Shuriken"},{"floor":27,"key":"Vajra"}],"event_choices":[{"damage_healed":0,"gold_gain":0,"player_choice":"Take Damage","damage_taken":23,"relics_obtained":["Golden Idol"],"max_hp_gain":0,"max_hp_loss":0,"event_name":"Golden Idol","floor":2,"gold_loss":0},{"damage_healed":0,"gold_gain":150,"player_choice":"AGREE","damage_taken":0,"max_hp_gain":0,"max_hp_loss":0,"event_name":"Liars Game","floor":3,"gold_loss":0,"cards_obtained":["Doubt"]},{"damage_healed":0,"gold_gain":0,"player_choice":"Entered Light","damage_taken":20,"max_hp_gain":0,"max_hp_loss":0,"event_name":"Shining Light","floor":13,"gold_loss":0,"cards_upgraded":["Survivor","Defend_G"]},{"cards_removed":["Strike_G"],"damage_healed":0,"gold_gain":0,"player_choice":"Gave Gold","damage_taken":0,"max_hp_gain":0,"max_hp_loss":0,"event_name":"Beggar","floor":24,"gold_loss":75},{"damage_healed":0,"gold_gain":0,"player_choice":"Ignored","damage_taken":0,"max_hp_gain":0,"max_hp_loss":0,"event_name":"Vampires","floor":29,"gold_loss":0}],"is_beta":false,"boss_relics":[{"not_picked":["Tiny House","Orrery"],"picked":"HoveringKite"},{"not_picked":["Philosopher\u0027s Stone","Empty Cage"],"picked":"Fusion Hammer"}],"items_purged_floors":[5],"is_endless":false,"potions_floor_spawned":[1,11,16,18,20,39],"killed_by":"Nemesis","ascension_level":20}