{"gold_per_floor":[114,39,39,56,73,99,99,26,26,45,59,59,84,1,1,75,75,93,93,143,154,244,244,260,260],"floor_reached":25,"playtime":704,"items_purged":["Strike_G"],"score":422,"play_id":"41cda0f8-e333-4c9c-87ba-08d171922ae6","local_time":"20190224190136","is_ascension_mode":true,"campfire_choices":[{"data":"Noxious Fumes","floor":7.0,"key":"SMITH"},{"floor":15.0,"key":"REST"},{"data":"Deadly Poison","floor":23.0,"key":"SMITH"}],"neow_cost":"NONE","seed_source_timestamp":23899855779703,"circlet_count":0,"master_deck":["AscendersBane","Defend_G","Defend_G","Defend_G","Defend_G","Defend_G","Strike_G","Strike_G","Strike_G","Survivor","Neutralize","Noxious Fumes","Deadly Poison+1","Noxious Fumes+1","Tactician","After Image","Well Laid Plans","Night Terror+1","Prepared+1","Writhe","Acrobatics+1","Prepared+1"],"special_seed":0,"relics":["Ring of the Snake","NeowsBlessing","The Specimen","Blue Candle","Torii","Toxic Egg 2","Runic Pyramid","Bag of Marbles"],"potions_floor_usage":[24],"damage_taken":[{"damage":0.0,"enemies":"2 Louse","floor":1.0,"turns":1.0},{"damage":0.0,"enemies":"Cultist","floor":4.0,"turns":1.0},{"damage":0.0,"enemies":"Jaw Worm","floor":5.0,"turns":1.0},{"damage":28.0,"enemies":"3 Sentries","floor":6.0,"turns":7.0},{"damage":3.0,"enemies":"Gremlin Gang","floor":10.0,"turns":6.0},{"damage":17.0,"enemies":"Looter","floor":11.0,"turns":4.0},{"damage":1.0,"enemies":"Lagavulin","floor":13.0,"turns":6.0},{"damage":16.0,"enemies":"Slime Boss","floor":16.0,"turns":10.0},{"damage":3.0,"enemies":"Chosen","floor":18.0,"turns":6.0},{"damage":4.0,"enemies":"Spheric Guardian","floor":21.0,"turns":6.0},{"damage":26,"enemies":"Snecko","floor":24,"turns":5},{"damage":0,"enemies":"Gremlin Leader","floor":25,"turns":1}],"seed_played":"-2386476513398068155","potions_obtained":[{"floor":1.0,"key":"Weak Potion"},{"floor":11.0,"key":"AttackPotion"},{"floor":13.0,"key":"AttackPotion"},{"floor":21.0,"key":"AttackPotion"}],"is_trial":false,"path_per_floor":["M","$","?","M","M","E","R","?","T","M","M","?","E","$","R","B",null,"M","?","?","M","?","R","M","E"],"character_chosen":"THE_SILENT","items_purchased":["Well Laid Plans"],"campfire_rested":1,"item_purchase_floors":[14],"current_hp_per_floor":[59,59,59,59,59,31,31,31,31,28,11,11,10,10,29,13,53,50,50,50,46,34,34,8,8],"gold":260,"neow_bonus":"THREE_ENEMY_KILL","is_prod":false,"is_daily":false,"chose_seed":false,"campfire_upgraded":2,"win_rate":0,"timestamp":1551006096,"path_taken":["M","$","?","?","M","E","R","?","T","M","?","?","E","?","R","BOSS","M","?","?","?","?","R","M","E"],"build_version":"2019-01-23","purchased_purges":1,"victory":false,"max_hp_per_floor":[66,66,66,66,66,66,66,66,66,66,66,66,66,66,66,66,66,66,66,66,66,66,66,66,66],"card_choices":[{"not_picked":["Deflect","Sucker Punch"],"picked":"Noxious Fumes","floor":1.0},{"not_picked":["Bane","Deflect"],"picked":"Deadly Poison","floor":4.0},{"not_picked":["Cloak And Dagger","Deflect"],"picked":"Noxious Fumes","floor":5.0},{"not_picked":["Prepared","Riddle With Holes","Terror"],"picked":"SKIP","floor":6.0},{"not_picked":["Flechettes","Flying Knee"],"picked":"Tactician","floor":10.0},{"not_picked":["Prepared","Accuracy","Dash"],"picked":"SKIP","floor":11.0},{"not_picked":["Poisoned Stab","Dagger Spray"],"picked":"After Image","floor":13.0},{"not_picked":["Die Die Die","A Thousand Cuts"],"picked":"Night Terror+1","floor":16.0},{"not_picked":["PiercingWail+1","Dagger Throw"],"picked":"Prepared+1","floor":18.0},{"not_picked":["Prepared+1","Deadly Poison+1"],"picked":"Acrobatics+1","floor":21.0},{"not_picked":["Blade Dance+1","Poisoned Stab+1"],"picked":"Prepared+1","floor":24}],"player_experience":3102498,"relics_obtained":[{"floor":6.0,"key":"The Specimen"},{"floor":9.0,"key":"Torii"},{"floor":13.0,"key":"Toxic Egg 2"}],"event_choices":[{"cards_removed":["Strike_G"],"damage_healed":0.0,"max_hp_gain":0.0,"max_hp_loss":0.0,"gold_gain":0.0,"event_name":"Bonfire Elementals","player_choice":"Offered Basic","floor":3.0,"gold_loss":0.0,"damage_taken":0.0},{"damage_healed":0.0,"max_hp_gain":0.0,"max_hp_loss":0.0,"gold_gain":0.0,"event_name":"WeMeetAgain","player_choice":"Paid Gold","floor":8.0,"gold_loss":73.0,"damage_taken":0.0,"relics_obtained":["Blue Candle"]},{"damage_healed":0.0,"max_hp_gain":0.0,"max_hp_loss":0.0,"gold_gain":0.0,"event_name":"Scrap Ooze","player_choice":"Fled","floor":12.0,"gold_loss":0.0,"damage_taken":0.0},{"damage_healed":0.0,"max_hp_gain":0.0,"max_hp_loss":0.0,"gold_gain":0.0,"event_name":"The Mausoleum","player_choice":"Opened","floor":19.0,"gold_loss":0.0,"damage_taken":0.0,"relics_obtained":["Bag of Marbles"],"cards_obtained":["Writhe"]},{"damage_healed":0.0,"max_hp_gain":0.0,"max_hp_loss":0.0,"gold_gain":100.0,"event_name":"The Joust","player_choice":"Bet on Murderer","floor":20.0,"gold_loss":50.0,"damage_taken":0.0},{"damage_healed":0.0,"max_hp_gain":0.0,"max_hp_loss":0.0,"gold_gain":90.0,"event_name":"Knowing Skull","player_choice":"GOLD ","floor":22.0,"potions_obtained":[],"gold_loss":0.0,"damage_taken":12.0,"cards_obtained":[]}],"is_beta":false,"boss_relics":[{"not_picked":["Velvet Choker","Eternal Feather"],"picked":"Runic Pyramid"}],"items_purged_floors":[2],"is_endless":false,"potions_floor_spawned":[1,11,13,21],"killed_by":"Gremlin Leader","ascension_level":20}