{"gold_per_floor":[109,129,54,54,54,88,88,117,143,171,190,207,227,12,12,86,86,106,6,186,126],"floor_reached":21,"playtime":476,"items_purged":["Strike_R","Barricade"],"score":520,"play_id":"f46f9703-75f5-497f-ba07-8818f84780e6","local_time":"20190209143307","is_ascension_mode":true,"campfire_choices":[{"data":"Immolate","floor":7.0,"key":"SMITH"},{"data":"Body Slam","floor":15,"key":"SMITH"}],"neow_cost":"NONE","seed_source_timestamp":0,"circlet_count":0,"master_deck":["AscendersBane","Bash","Body Slam+1","Immolate+1","Feel No Pain","Shrug It Off","Burning Pact","Evolve","Exhume","Exhume","Brutality","True Grit","Barricade","Rage","Whirlwind"],"special_seed":0,"relics":["Burning Blood","NeowsBlessing","Bag of Preparation","Ginger","Ancient Tea Set","Vajra","Ice Cream","Pandora\u0027s Box"],"potions_floor_usage":[16],"damage_taken":[{"damage":0.0,"enemies":"Small Slimes","floor":1.0,"turns":1.0},{"damage":0.0,"enemies":"Jaw Worm","floor":2.0,"turns":1.0},{"damage":0.0,"enemies":"Lagavulin","floor":6.0,"turns":1.0},{"damage":0.0,"enemies":"3 Sentries","floor":8.0,"turns":4.0},{"damage":30,"enemies":"Lagavulin","floor":10,"turns":5},{"damage":0,"enemies":"Cultist","floor":11,"turns":2},{"damage":0,"enemies":"Large Slime","floor":12,"turns":4},{"damage":3,"enemies":"Looter","floor":13,"turns":4},{"damage":0,"enemies":"Slime Boss","floor":16,"turns":6},{"damage":29,"enemies":"Spheric Guardian","floor":18,"turns":7},{"damage":27,"enemies":"2 Thieves","floor":21,"turns":2}],"seed_played":"656510978423834966","potions_obtained":[{"floor":2.0,"key":"Strength Potion"},{"floor":6.0,"key":"PowerPotion"},{"floor":8.0,"key":"Ancient Potion"},{"floor":13,"key":"PowerPotion"}],"is_trial":false,"path_per_floor":["M","M","?","?","?","E","R","E","T","E","M","M","M","$","R","B",null,"M","$","?","M"],"character_chosen":"IRONCLAD","items_purchased":["Burning Pact","Evolve"],"campfire_rested":0,"item_purchase_floors":[14,14],"current_hp_per_floor":[74,75,75,75,40,46,46,52,52,28,34,40,43,43,43,49,69,46,46,25,0],"gold":126,"neow_bonus":"THREE_ENEMY_KILL","is_prod":false,"is_daily":false,"chose_seed":false,"campfire_upgraded":2,"win_rate":0,"timestamp":1549693987,"path_taken":["M","M","?","?","?","E","R","E","T","E","M","M","M","$","R","BOSS","M","$","?","?"],"build_version":"2019-01-23","purchased_purges":2,"victory":false,"max_hp_per_floor":[75,75,75,75,75,75,75,75,75,75,75,75,75,75,75,75,75,75,75,75,75],"card_choices":[{"not_picked":["Heavy Blade","Rupture","Pummel"],"picked":"SKIP","floor":1.0},{"not_picked":["Twin Strike","True Grit"],"picked":"Body Slam","floor":2.0},{"not_picked":["Pommel Strike","Cleave"],"picked":"Immolate","floor":6.0},{"not_picked":["Fire Breathing","Clothesline","Feed"],"picked":"SKIP","floor":8.0},{"not_picked":["Pommel Strike","Inflame"],"picked":"Feel No Pain","floor":10},{"not_picked":["Headbutt","Dropkick"],"picked":"Shrug It Off","floor":11},{"not_picked":["Intimidate","Metallicize","Uppercut"],"picked":"SKIP","floor":12},{"not_picked":["Shrug It Off","Combust","Thunderclap"],"picked":"SKIP","floor":13},{"not_picked":["Bludgeon","Juggernaut"],"picked":"Barricade","floor":16},{"not_picked":["Clash+1","Thunderclap","Evolve"],"picked":"SKIP","floor":18}],"player_experience":711884,"relics_obtained":[{"floor":6.0,"key":"Ginger"},{"floor":8.0,"key":"Ancient Tea Set"},{"floor":9.0,"key":"Vajra"},{"floor":10,"key":"Ice Cream"}],"event_choices":[{"cards_removed":["Strike_R"],"damage_healed":0.0,"max_hp_gain":0.0,"max_hp_loss":0.0,"gold_gain":0.0,"event_name":"The Cleric","player_choice":"Card Removal","floor":3.0,"gold_loss":75.0,"damage_taken":0.0},{"damage_healed":0.0,"max_hp_gain":0.0,"max_hp_loss":0.0,"gold_gain":0.0,"event_name":"Liars Game","player_choice":"Ignored","floor":4.0,"gold_loss":0.0,"damage_taken":0.0},{"damage_healed":0.0,"max_hp_gain":0.0,"max_hp_loss":0.0,"gold_gain":0.0,"event_name":"Scrap Ooze","player_choice":"Success","floor":5.0,"gold_loss":0.0,"damage_taken":35.0,"relics_obtained":["Bag of Preparation"]},{"damage_healed":0,"gold_gain":180,"player_choice":"GOLD GOLD ","damage_taken":21,"max_hp_gain":0,"max_hp_loss":0,"event_name":"Knowing Skull","floor":20,"potions_obtained":[],"gold_loss":0,"cards_obtained":[]}],"is_beta":false,"boss_relics":[{"not_picked":["Runic Dome","Eternal Feather"],"picked":"Pandora\u0027s Box"}],"items_purged_floors":[14,19],"is_endless":false,"potions_floor_spawned":[2,6,8,13],"killed_by":"2 Thieves","ascension_level":15}