{"gold_per_floor":[118,133,58,58,77,77,91,91,91,101,113,113,113,139,139,213,213,232,147,47,47,60,60,60,70,120,120,120,135,135,148,148,219,219,238,238,254,254,270,270,270,270,270,290,290,60,77,77,77,77],"floor_reached":50,"playtime":1537,"items_purged":["Strike_B","Strike_B"],"score":884,"play_id":"4c29ca54-5f26-401b-9487-e89069385e2c","local_time":"20190106185226","is_ascension_mode":true,"campfire_choices":[{"data":"Streamline","floor":6.0,"key":"SMITH"},{"data":"Beam Cell","floor":8.0,"key":"SMITH"},{"data":"Dualcast","floor":12.0,"key":"SMITH"},{"data":"Zap","floor":15.0,"key":"SMITH"},{"floor":23.0,"key":"REST"},{"floor":28.0,"key":"REST"},{"floor":32,"key":"REST"},{"floor":40,"key":"REST"},{"floor":42,"key":"REST"},{"floor":45,"key":"REST"},{"floor":49,"key":"REST"}],"neow_cost":"NONE","seed_source_timestamp":25712775703416,"circlet_count":0,"master_deck":["AscendersBane","Strike_B","Defend_B","Defend_B","Defend_B","Zap+1","Dualcast+1","Streamline+1","Turbo","Genetic Algorithm","Beam Cell+1","Coolheaded","All For One","Echo Form","Undo","Hologram","Electrodynamics","Reinforced Body","Echo Form"],"special_seed":0,"relics":["Cracked Core","Letter Opener","Potion Belt","Shuriken","Busted Crown","Torii","Nilry\u0027s Codex","Fusion Hammer","CultistMask","Bottled Tornado","Centennial Puzzle","DollysMirror","Frozen Egg 2"],"potions_floor_usage":[],"damage_taken":[{"damage":0.0,"enemies":"2 Louse","floor":1.0,"turns":3.0},{"damage":0.0,"enemies":"Small Slimes","floor":2.0,"turns":2.0},{"damage":0.0,"enemies":"Cultist","floor":5.0,"turns":2.0},{"damage":25.0,"enemies":"Exordium Wildlife","floor":7.0,"turns":5.0},{"damage":0.0,"enemies":"Gremlin Gang","floor":10.0,"turns":5.0},{"damage":6.0,"enemies":"Large Slime","floor":11.0,"turns":5.0},{"damage":8.0,"enemies":"Lagavulin","floor":14.0,"turns":4.0},{"damage":32.0,"enemies":"The Guardian","floor":16.0,"turns":9.0},{"damage":17.0,"enemies":"2 Thieves","floor":18.0,"turns":2.0},{"damage":9.0,"enemies":"Shell Parasite","floor":22.0,"turns":4.0},{"damage":10.0,"enemies":"Cultist and Chosen","floor":25.0,"turns":6.0},{"damage":10.0,"enemies":"Centurion and Healer","floor":29.0,"turns":4.0},{"damage":0,"enemies":"Snecko","floor":31,"turns":3},{"damage":35,"enemies":"Automaton","floor":33,"turns":11},{"damage":18,"enemies":"3 Shapes","floor":35,"turns":4},{"damage":0,"enemies":"3 Darklings","floor":37,"turns":4},{"damage":38,"enemies":"Writhing Mass","floor":39,"turns":5},{"damage":18,"enemies":"Transient","floor":44,"turns":6},{"damage":9,"enemies":"3 Darklings","floor":47,"turns":4},{"damage":61,"enemies":"Awakened One","floor":50,"turns":7}],"seed_played":"3054987841645558969","potions_obtained":[{"floor":1.0,"key":"Weak Potion"},{"floor":7.0,"key":"Block Potion"},{"floor":11.0,"key":"Weak Potion"},{"floor":25.0,"key":"SteroidPotion"},{"floor":29.0,"key":"FearPotion"},{"floor":33,"key":"Fire Potion"},{"floor":35,"key":"Ancient Potion"}],"is_trial":false,"path_per_floor":["M","M","$","?","M","R","M","R","T","M","M","R","?","E","R","B",null,"M","?","$","?","M","R","$","M","T","$","R","M","?","M","R","B",null,"M","?","M","?","M","R","T","R","T","M","R","$","M","?","R","B"],"character_chosen":"DEFECT","items_purchased":["DollysMirror"],"campfire_rested":7,"item_purchase_floors":[46],"current_hp_per_floor":[64,64,64,59,59,59,34,34,34,34,28,28,51,43,43,11,56,39,39,39,18,9,30,30,20,20,20,41,31,31,31,52,17,58,40,40,40,40,2,23,23,44,44,26,47,47,38,38,59,0],"gold":77,"neow_bonus":"REMOVE_CARD","is_prod":false,"is_daily":false,"chose_seed":false,"campfire_upgraded":4,"win_rate":0,"timestamp":1546771946,"path_taken":["M","M","$","?","M","R","M","R","T","M","M","R","?","E","R","BOSS","M","?","$","?","M","R","$","M","T","$","R","M","?","?","R","BOSS","M","?","?","?","M","R","?","R","T","M","R","$","?","?","R","BOSS"],"build_version":"2019-01-03v4","purchased_purges":2,"victory":false,"max_hp_per_floor":[71,71,71,71,71,71,71,71,71,71,71,71,71,71,71,71,71,71,71,71,71,71,71,71,71,71,71,71,71,71,71,71,71,71,71,71,71,71,71,71,71,71,71,71,71,71,71,71,71,71],"card_choices":[{"not_picked":["Doom and Gloom","Hello World"],"picked":"Streamline","floor":1.0},{"not_picked":["Steam","Steam Power"],"picked":"Turbo","floor":2.0},{"not_picked":["Compile Driver","Conserve Battery"],"picked":"Genetic Algorithm","floor":5.0},{"not_picked":["Tempest","Coolheaded"],"picked":"Beam Cell","floor":7.0},{"not_picked":["Stack","Cold Snap"],"picked":"Coolheaded","floor":10.0},{"not_picked":["Leap","Beam Cell"],"picked":"All For One","floor":11.0},{"not_picked":["Blizzard","Sweeping Beam","Scrape"],"picked":"SKIP","floor":14.0},{"not_picked":["Reboot","Multi-Cast"],"picked":"Echo Form","floor":16.0},{"not_picked":[],"picked":"Undo","floor":18.0},{"not_picked":["Steam"],"picked":"SKIP","floor":22.0},{"not_picked":[],"picked":"Hologram","floor":25.0},{"not_picked":["Cold Snap"],"picked":"SKIP","floor":29.0},{"not_picked":["Cold Snap"],"picked":"SKIP","floor":31},{"not_picked":[],"picked":"Electrodynamics","floor":33},{"not_picked":["Cold Snap"],"picked":"SKIP","floor":35},{"not_picked":[],"picked":"Reinforced Body","floor":37},{"not_picked":["Steam"],"picked":"SKIP","floor":39},{"not_picked":["Beam Cell"],"picked":"SKIP","floor":44},{"not_picked":["Barrage"],"picked":"SKIP","floor":47}],"player_experience":1787553,"relics_obtained":[{"floor":9.0,"key":"Potion Belt"},{"floor":14.0,"key":"Shuriken"},{"floor":21.0,"key":"Nilry\u0027s Codex"},{"floor":41,"key":"Bottled Tornado"},{"floor":43,"key":"Centennial Puzzle"}],"event_choices":[{"damage_healed":0.0,"max_hp_gain":0.0,"max_hp_loss":0.0,"gold_gain":0.0,"event_name":"Scrap Ooze","player_choice":"Success","floor":4.0,"gold_loss":0.0,"damage_taken":5.0,"relics_obtained":["Letter Opener"]},{"damage_healed":23.0,"max_hp_gain":0.0,"max_hp_loss":0.0,"gold_gain":0.0,"event_name":"Big Fish","player_choice":"Banana","floor":13.0,"gold_loss":0.0,"damage_taken":0.0},{"damage_healed":0.0,"max_hp_gain":0.0,"max_hp_loss":0.0,"gold_gain":0.0,"event_name":"Addict","player_choice":"Obtained Relic","floor":19.0,"gold_loss":85.0,"damage_taken":0.0,"relics_obtained":["Torii"]},{"damage_healed":0.0,"max_hp_gain":0.0,"max_hp_loss":0.0,"gold_gain":0.0,"event_name":"Cursed Tome","player_choice":"Obtained Book","floor":21.0,"gold_loss":0.0,"damage_taken":21.0},{"cards_removed":["Defend_B"],"damage_healed":0.0,"max_hp_gain":0.0,"max_hp_loss":0.0,"gold_gain":0.0,"event_name":"Bonfire Elementals","player_choice":"Offered Basic","floor":30.0,"gold_loss":0.0,"damage_taken":0.0},{"damage_healed":0,"gold_gain":0,"player_choice":"Trade","damage_taken":0,"relics_obtained":["CultistMask"],"max_hp_gain":0,"max_hp_loss":0,"event_name":"FaceTrader","floor":36,"gold_loss":0},{"damage_healed":0,"gold_gain":0,"player_choice":"Ignored","damage_taken":0,"max_hp_gain":0,"max_hp_loss":0,"event_name":"Tomb of Lord Red Mask","floor":38,"gold_loss":0},{"damage_healed":0,"gold_gain":0,"player_choice":"Gave Potion","damage_taken":0,"relics_obtained":["Frozen Egg 2"],"max_hp_gain":0,"max_hp_loss":0,"event_name":"WeMeetAgain","floor":48,"gold_loss":0}],"is_beta":false,"boss_relics":[{"not_picked":["FrozenCore","Tiny House"],"picked":"Busted Crown"},{"not_picked":["Calling Bell","Velvet Choker"],"picked":"Fusion Hammer"}],"items_purged_floors":[3,20],"is_endless":false,"potions_floor_spawned":[1,7,11,25,29,33,35],"killed_by":"Awakened One","ascension_level":20}