{"gold_per_floor":[116,136,156,106,122,122,156,156,156,156,156,156,67,100,100,100],"floor_reached":16,"playtime":1292,"items_purged":[],"score":113,"play_id":"ac3ae65f-bcf3-4c67-a548-2795912a74f9","local_time":"20190706171704","is_ascension_mode":true,"campfire_choices":[{"data":"Body Slam","floor":6.0,"key":"SMITH"},{"data":"Twin Strike","floor":8.0,"key":"SMITH"},{"data":"Twin Strike","floor":12,"key":"SMITH"},{"data":"Mind Blast","floor":15,"key":"SMITH"}],"neow_cost":"NONE","seed_source_timestamp":0,"circlet_count":0,"master_deck":["Strike_R","Strike_R","Strike_R","Defend_R","Defend_R","Defend_R","Defend_R+1","Bash","Ghostly Armor","Twin Strike+1","Twin Strike+1","Body Slam+1","Pummel+1","Mind Blast+1","Infernal Blade"],"special_seed":0,"relics":["Burning Blood","Potion Belt","Anchor","Question Card"],"potions_floor_usage":[],"damage_taken":[{"damage":0.0,"enemies":"Cultist","floor":1.0,"turns":4.0},{"damage":0.0,"enemies":"Small Slimes","floor":2.0,"turns":3.0},{"damage":0.0,"enemies":"2 Louse","floor":3.0,"turns":2.0},{"damage":12.0,"enemies":"Blue Slaver","floor":5.0,"turns":4.0},{"damage":26.0,"enemies":"3 Sentries","floor":7.0,"turns":8.0},{"damage":15,"enemies":"Gremlin Nob","floor":14,"turns":4},{"damage":55,"enemies":"Hexaghost","floor":16,"turns":10}],"seed_played":"-7908409018527881522","potions_obtained":[{"floor":2.0,"key":"FearPotion"},{"floor":3.0,"key":"Poison Potion"}],"is_trial":false,"path_per_floor":["M","M","M","?","M","R","E","R","T","?","?","R","$","E","R","B"],"character_chosen":"IRONCLAD","items_purchased":["Mind Blast"],"campfire_rested":0,"item_purchase_floors":[13],"current_hp_per_floor":[80,80,80,80,74,74,54,54,54,38,64,64,64,55,55,0],"gold":100,"neow_bonus":"REMOVE_CARD","is_prod":false,"is_daily":false,"chose_seed":false,"campfire_upgraded":4,"win_rate":0,"timestamp":1562451424,"path_taken":["M","M","?","?","M","R","E","R","T","?","?","R","$","E","R","BOSS"],"build_version":"2019-07-05","purchased_purges":0,"victory":false,"max_hp_per_floor":[80,80,80,80,80,80,80,80,80,80,80,80,80,80,80,80],"card_choices":[{"not_picked":["Armaments","Whirlwind"],"picked":"Ghostly Armor","floor":1.0},{"not_picked":["Uppercut","Perfected Strike"],"picked":"Twin Strike","floor":2.0},{"not_picked":["Spot Weakness","Warcry"],"picked":"Twin Strike","floor":3.0},{"not_picked":["Dual Wield","Seeing Red"],"picked":"Body Slam","floor":5.0},{"not_picked":["Feel No Pain","Bloodletting"],"picked":"Pummel","floor":7.0},{"not_picked":["Body Slam","Sword Boomerang"],"picked":"Infernal Blade","floor":14}],"player_experience":18925,"relics_obtained":[{"floor":7.0,"key":"Potion Belt"},{"floor":9,"key":"Anchor"},{"floor":14,"key":"Question Card"}],"event_choices":[{"cards_removed":["Strike_R"],"damage_healed":0.0,"max_hp_gain":0.0,"max_hp_loss":0.0,"gold_gain":0.0,"event_name":"The Cleric","player_choice":"Card Removal","floor":4.0,"gold_loss":50.0,"damage_taken":0.0},{"damage_healed":0,"gold_gain":0,"player_choice":"Entered Light","damage_taken":16,"max_hp_gain":0,"max_hp_loss":0,"event_name":"Shining Light","floor":10,"gold_loss":0,"cards_upgraded":["Defend_R","Pummel"]},{"damage_healed":26,"gold_gain":0,"player_choice":"Banana","damage_taken":0,"max_hp_gain":0,"max_hp_loss":0,"event_name":"Big Fish","floor":11,"gold_loss":0}],"is_beta":false,"boss_relics":[],"items_purged_floors":[],"is_endless":false,"potions_floor_spawned":[2,3],"killed_by":"Hexaghost","ascension_level":1}