{"gold_per_floor":[110,110,134,134,147,147,72,72,72,72,72,97,97,97,97,190,190,206,106,124,174,198,231,254,294,340,371,384,384,404,404,404,502,502,521,854,872,747,764,793,826,826,826,851,878,913,923,941,941,941,941,941,941,132,167,167],"floor_reached":57,"playtime":2597,"items_purged":["Strike_G","Defend_G","Defend_G","Defend_G"],"score":3775,"play_id":"5f49a459-db78-4df3-b43f-be91b824a4ba","local_time":"20190215222631","is_ascension_mode":true,"campfire_choices":[{"data":"Acrobatics","floor":6.0,"key":"SMITH"},{"data":"Acrobatics","floor":10.0,"key":"SMITH"},{"data":"Tactician","floor":13.0,"key":"SMITH"},{"data":"Neutralize","floor":15.0,"key":"SMITH"},{"data":"Survivor","floor":29.0,"key":"SMITH"},{"data":"Strike_G","floor":32.0,"key":"SMITH"},{"floor":49.0,"key":"RECALL"},{"data":"Eviscerate","floor":53.0,"key":"SMITH"}],"neow_cost":"TEN_PERCENT_HP_LOSS","seed_source_timestamp":50013781623981,"circlet_count":0,"master_deck":["AscendersBane","Defend_G","Strike_G+1","Survivor+1","Neutralize+1","Backstab","Tactician+1","Acrobatics+1","Acrobatics+1","Adrenaline","Eviscerate+1","Adrenaline","Adrenaline"],"special_seed":0,"relics":["Ring of the Snake","Anchor","Strawberry","Frozen Egg 2","Bronze Scales","WingedGreaves","Runic Pyramid","Oddly Smooth Stone","Potion Belt","Question Card","Thread and Needle","Bottled Flame","Snake Skull","Centennial Puzzle","Bottled Lightning","Cauldron","Pen Nib"],"potions_floor_usage":[54,56,56,56,56],"damage_taken":[{"damage":1.0,"enemies":"Small Slimes","floor":1.0,"turns":3.0},{"damage":7.0,"enemies":"Jaw Worm","floor":3.0,"turns":6.0},{"damage":2.0,"enemies":"2 Louse","floor":5.0,"turns":3.0},{"damage":0.0,"enemies":"Looter","floor":12.0,"turns":1.0},{"damage":0.0,"enemies":"The Guardian","floor":16.0,"turns":2.0},{"damage":0.0,"enemies":"3 Byrds","floor":18.0,"turns":2.0},{"damage":0.0,"enemies":"Chosen","floor":20.0,"turns":1.0},{"damage":0.0,"enemies":"Snake Plant","floor":22.0,"turns":1.0},{"damage":0.0,"enemies":"Slavers","floor":23.0,"turns":1.0},{"damage":0.0,"enemies":"Snecko","floor":24.0,"turns":1.0},{"damage":0.0,"enemies":"Book of Stabbing","floor":25.0,"turns":1.0},{"damage":0.0,"enemies":"Gremlin Leader","floor":27.0,"turns":1.0},{"damage":0.0,"enemies":"Shelled Parasite and Fungi","floor":28.0,"turns":1.0},{"damage":0.0,"enemies":"Centurion and Healer","floor":30.0,"turns":2.0},{"damage":0.0,"enemies":"Champ","floor":33.0,"turns":1.0},{"damage":0.0,"enemies":"3 Darklings","floor":35.0,"turns":2.0},{"damage":0.0,"enemies":"Orb Walker","floor":37.0,"turns":1.0},{"damage":0.0,"enemies":"Sphere and 2 Shapes","floor":39.0,"turns":1.0},{"damage":0.0,"enemies":"Reptomancer","floor":40.0,"turns":1.0},{"damage":0.0,"enemies":"Nemesis","floor":41.0,"turns":1.0},{"damage":0.0,"enemies":"Giant Head","floor":44.0,"turns":1.0},{"damage":0.0,"enemies":"Reptomancer","floor":45.0,"turns":1.0},{"damage":0.0,"enemies":"Nemesis","floor":46.0,"turns":1.0},{"damage":0.0,"enemies":"Maw","floor":47.0,"turns":1.0},{"damage":0.0,"enemies":"Jaw Worm Horde","floor":48.0,"turns":1.0},{"damage":0.0,"enemies":"Donu and Deca","floor":50.0,"turns":1.0},{"damage":0.0,"enemies":"Awakened One","floor":51.0,"turns":2.0},{"damage":0,"enemies":"Shield and Spear","floor":55,"turns":1},{"damage":52,"enemies":"The Heart","floor":56,"turns":5}],"seed_played":"3078673108716334540","potions_obtained":[{"floor":1.0,"key":"Dexterity Potion"},{"floor":12.0,"key":"Block Potion"},{"floor":22.0,"key":"FearPotion"},{"floor":27.0,"key":"SteroidPotion"},{"floor":37.0,"key":"GhostInAJar"},{"floor":41.0,"key":"Energy Potion"},{"floor":44.0,"key":"Dexterity Potion"},{"floor":54,"key":"EntropicBrew"},{"floor":54,"key":"Fruit Juice"},{"floor":54,"key":"Dexterity Potion"},{"floor":55,"key":"GhostInAJar"}],"is_trial":false,"path_per_floor":["M","?","M","?","M","R","$","?","T","R","T","M","R","$","R","B",null,"M","$","M","?","M","E","M","E","T","E","M","R","M","?","R","B",null,"M","?","M","$","M","E","E","?","T","E","E","E","M","M","R","B","B",null,"R","$","E","B",null],"character_chosen":"THE_SILENT","items_purchased":["Centennial Puzzle","Bottled Lightning","Cauldron"],"campfire_rested":0,"item_purchase_floors":[54,54,54],"current_hp_per_floor":[58,54,47,47,45,45,45,38,38,38,38,38,38,38,38,38,50,50,50,50,50,50,57,57,57,57,57,57,57,57,57,57,57,60,60,60,60,60,60,60,60,60,60,60,60,60,60,60,60,60,60,61,61,66,66,14],"gold":167,"neow_bonus":"TRANSFORM_TWO_CARDS","is_prod":false,"is_daily":false,"chose_seed":false,"campfire_upgraded":7,"win_rate":0,"timestamp":1550240791,"path_taken":["M","?","M","?","M","R","$","?","T","R","?","M","R","?","R","BOSS","M","$","M","?","M","E","M","E","T","E","M","R","M","?","R","BOSS","M","?","M","$","M","E","E","?","T","E","E","E","M","M","R","BOSS","BOSS","R","$","E","BOSS"],"build_version":"2019-01-23","purchased_purges":4,"victory":true,"max_hp_per_floor":[60,54,54,54,54,54,54,54,54,54,54,54,54,54,54,54,54,54,54,54,54,54,61,61,61,61,61,61,61,61,61,61,61,61,61,61,61,61,61,61,61,61,61,61,61,61,61,61,61,61,61,61,61,66,66,66],"card_choices":[{"not_picked":["Blade Dance","Cloak And Dagger","Sucker Punch"],"picked":"SKIP","floor":1.0},{"not_picked":["Endless Agony","Bane"],"picked":"Acrobatics","floor":3.0},{"not_picked":["Noxious Fumes","Distraction"],"picked":"Acrobatics","floor":5.0},{"not_picked":["Dagger Spray","Quick Slash","Sucker Punch"],"picked":"SKIP","floor":12.0},{"not_picked":["Reflex","Sucker Punch","Flying Knee"],"picked":"SKIP","floor":18.0},{"not_picked":["Outmaneuver","Dodge and Roll","Quick Slash+1"],"picked":"SKIP","floor":20.0},{"not_picked":["Sucker Punch+1","Infinite Blades","Underhanded Strike"],"picked":"SKIP","floor":22.0},{"not_picked":["Backflip","Acrobatics","Poisoned Stab"],"picked":"SKIP","floor":23.0},{"not_picked":["Underhanded Strike+1","Dodge and Roll","Skewer"],"picked":"SKIP","floor":24.0},{"not_picked":["Outmaneuver","Masterful Stab"],"picked":"Adrenaline","floor":25.0},{"not_picked":["Blade Dance","Catalyst","Deadly Poison"],"picked":"SKIP","floor":27.0},{"not_picked":["Poisoned Stab","Masterful Stab","Deflect"],"picked":"SKIP","floor":28.0},{"not_picked":["Bane","Outmaneuver","Poisoned Stab"],"picked":"SKIP","floor":30.0},{"not_picked":["Skewer","Expertise","Escape Plan"],"picked":"SKIP","floor":35.0},{"not_picked":["Tactician","Predator","Skewer"],"picked":"SKIP","floor":37.0},{"not_picked":["Caltrops+1","Blade Dance"],"picked":"Eviscerate","floor":39.0},{"not_picked":["Dagger Spray","Crippling Poison+1","Outmaneuver"],"picked":"SKIP","floor":40.0},{"not_picked":["Infinite Blades+1","Bane","Concentrate"],"picked":"SKIP","floor":41.0},{"not_picked":["Caltrops+1","Quick Slash","Blur","PiercingWail"],"picked":"SKIP","floor":44.0},{"not_picked":["Flying Knee","PiercingWail","Blade Dance+1"],"picked":"Adrenaline","floor":45.0},{"not_picked":["Crippling Poison","Dodge and Roll","Bouncing Flask","Finisher"],"picked":"SKIP","floor":46.0},{"not_picked":["Sucker Punch+1","Heel Hook","Slice","Dagger Throw+1"],"picked":"SKIP","floor":47.0},{"not_picked":["Prepared","Underhanded Strike+1","Dagger Spray","PiercingWail"],"picked":"SKIP","floor":48.0},{"not_picked":["Eviscerate","Dash","Concentrate","Riddle With Holes"],"picked":"SKIP","floor":55}],"player_experience":2794427,"relics_obtained":[{"floor":11.0,"key":"Anchor"},{"floor":23.0,"key":"Strawberry"},{"floor":25.0,"key":"Frozen Egg 2"},{"floor":26.0,"key":"Bronze Scales"},{"floor":27.0,"key":"WingedGreaves"},{"floor":40.0,"key":"Oddly Smooth Stone"},{"floor":41.0,"key":"Potion Belt"},{"floor":43.0,"key":"Question Card"},{"floor":44.0,"key":"Thread and Needle"},{"floor":45.0,"key":"Bottled Flame"},{"floor":46.0,"key":"Snake Skull"},{"floor":55,"key":"Pen Nib"}],"event_choices":[{"damage_healed":0.0,"max_hp_gain":0.0,"max_hp_loss":6.0,"gold_gain":0.0,"event_name":"Golden Idol","player_choice":"Lose Max HP","floor":2.0,"gold_loss":0.0,"damage_taken":0.0,"relics_obtained":["Golden Idol"]},{"cards_removed":["Strike_G"],"damage_healed":0.0,"max_hp_gain":0.0,"max_hp_loss":0.0,"gold_gain":0.0,"event_name":"Living Wall","player_choice":"Forget","floor":4.0,"gold_loss":0.0,"damage_taken":0.0},{"cards_removed":["Strike_G"],"damage_healed":0.0,"max_hp_gain":0.0,"max_hp_loss":0.0,"gold_gain":0.0,"event_name":"Golden Wing","player_choice":"Card Removal","floor":8.0,"gold_loss":0.0,"damage_taken":7.0},{"damage_healed":0.0,"max_hp_gain":0.0,"max_hp_loss":0.0,"gold_gain":50.0,"event_name":"Nest","player_choice":"Stole From Cult","floor":21.0,"gold_loss":0.0,"damage_taken":0.0},{"damage_healed":0.0,"max_hp_gain":0.0,"max_hp_loss":0.0,"gold_gain":0.0,"event_name":"Cursed Tome","player_choice":"Ignored","floor":31.0,"gold_loss":0.0,"damage_taken":0.0},{"damage_healed":0.0,"max_hp_gain":0.0,"max_hp_loss":0.0,"gold_gain":333.0,"event_name":"The Moai Head","player_choice":"Gave Idol","floor":36.0,"relics_lost":["Golden Idol"],"gold_loss":0.0,"damage_taken":0.0},{"damage_healed":0.0,"max_hp_gain":0.0,"max_hp_loss":0.0,"gold_gain":0.0,"event_name":"Duplicator","player_choice":"Copied","floor":42.0,"gold_loss":0.0,"damage_taken":0.0,"cards_obtained":["Adrenaline"]}],"is_beta":false,"boss_relics":[{"not_picked":["Sozu","Snecko Eye","Philosopher\u0027s Stone"]},{"not_picked":["Orrery","Busted Crown"],"picked":"Runic Pyramid"}],"items_purged_floors":[7,19,38,54],"is_endless":false,"potions_floor_spawned":[1,12,16,18,22,24,27,37,39,41,44,55],"ascension_level":20}