{"gold_per_floor":[209,134,134,47,47,47,75,75,75,75,75,90,119,131,131,234,234,247,264,264,264,274,274,305,305,305,315,315,333,333,258,258,363,363,380,395,413,424,136,136,136,136,136,136,146,179,190,190,190,190],"floor_reached":51,"playtime":1190,"items_purged":["Strike_B","Defend_B"],"score":703,"play_id":"2f984212-cc2d-4f78-a083-fd5d52115553","local_time":"20190617214142","is_ascension_mode":false,"campfire_choices":[{"data":"Defragment","floor":6.0,"key":"SMITH"},{"data":"Capacitor","floor":8.0,"key":"SMITH"},{"data":"Dualcast","floor":15.0,"key":"SMITH"},{"data":"Storm","floor":23.0,"key":"SMITH"},{"data":"Capacitor","floor":25.0,"key":"SMITH"},{"data":"Strike_B","floor":28.0,"key":"PURGE"},{"data":"Strike_B","floor":30.0,"key":"PURGE"},{"data":"Defend_B","floor":32.0,"key":"PURGE"},{"data":"Storm","floor":40.0,"key":"SMITH"},{"data":"Defragment","floor":42.0,"key":"SMITH"},{"data":"Machine Learning","floor":44.0,"key":"SMITH"},{"floor":49,"key":"REST"}],"neow_cost":"NONE","seed_source_timestamp":34114855060690,"circlet_count":0,"master_deck":["Defend_B+1","Defend_B+1","Zap","Dualcast+1","Capacitor+1","Defragment+1","Coolheaded","Seek","Core Surge","Ball Lightning","Electrodynamics","Storm+1","Capacitor+1","Hologram","Machine Learning+1","Seek","Storm+1","Hologram+1","Defragment+1","Parasite","Impatience","Bandage Up","Purity"],"special_seed":0,"relics":["Cracked Core","Matryoshka","Dead Branch","Blood Vial","Mercury Hourglass","Question Card","Busted Crown","Peace Pipe","War Paint","PreservedInsect","Letter Opener","Eternal Feather","Anchor","Lantern","Molten Egg 2"],"potions_floor_usage":[50,50],"damage_taken":[{"damage":2.0,"enemies":"Small Slimes","floor":1.0,"turns":3.0},{"damage":12.0,"enemies":"3 Sentries","floor":7.0,"turns":6.0},{"damage":2.0,"enemies":"Cultist","floor":12.0,"turns":4.0},{"damage":24.0,"enemies":"Gremlin Nob","floor":13.0,"turns":4.0},{"damage":0.0,"enemies":"2 Louse","floor":14.0,"turns":2.0},{"damage":35.0,"enemies":"Hexaghost","floor":16.0,"turns":8.0},{"damage":0.0,"enemies":"2 Thieves","floor":18.0,"turns":2.0},{"damage":3.0,"enemies":"Chosen","floor":19.0,"turns":4.0},{"damage":4.0,"enemies":"Centurion and Healer","floor":22.0,"turns":5.0},{"damage":34.0,"enemies":"Slavers","floor":24.0,"turns":3.0},{"damage":0.0,"enemies":"3 Cultists","floor":27.0,"turns":2.0},{"damage":2.0,"enemies":"Cultist and Chosen","floor":29.0,"turns":4.0},{"damage":21.0,"enemies":"Collector","floor":33.0,"turns":5.0},{"damage":0.0,"enemies":"3 Shapes","floor":35.0,"turns":3.0},{"damage":6.0,"enemies":"Orb Walker","floor":36.0,"turns":3.0},{"damage":8.0,"enemies":"Jaw Worm Horde","floor":37.0,"turns":2.0},{"damage":1.0,"enemies":"3 Darklings","floor":38.0,"turns":2.0},{"damage":5.0,"enemies":"Writhing Mass","floor":45.0,"turns":3.0},{"damage":36.0,"enemies":"Nemesis","floor":46.0,"turns":3.0},{"damage":1,"enemies":"Spire Growth","floor":47,"turns":3},{"damage":75,"enemies":"Awakened One","floor":50,"turns":9}],"seed_played":"1869264552134989486","potions_obtained":[{"floor":1.0,"key":"Weak Potion"},{"floor":3.0,"key":"Swift Potion"},{"floor":3.0,"key":"Explosive Potion"},{"floor":13.0,"key":"Weak Potion"},{"floor":14.0,"key":"Block Potion"},{"floor":18.0,"key":"Explosive Potion"},{"floor":22.0,"key":"Dexterity Potion"},{"floor":29.0,"key":"Swift Potion"},{"floor":33.0,"key":"SkillPotion"},{"floor":38.0,"key":"Regen Potion"}],"is_trial":false,"path_per_floor":["M","$","?","$","T","R","E","R","T","?","$","M","E","M","R","B",null,"M","M","?","?","M","R","E","R","T","M","R","M","R","?","R","B",null,"M","M","M","M","$","R","?","R","T","R","M","E","M","?","R","B",null],"character_chosen":"DEFECT","items_purchased":["Defragment","Coolheaded","Defragment","Anchor"],"campfire_rested":1,"item_purchase_floors":[4,4,39,39],"current_hp_per_floor":[73,73,73,73,73,73,61,61,61,66,66,66,44,46,46,13,80,80,77,77,77,75,75,43,43,43,45,45,45,45,45,45,26,80,80,74,68,69,69,78,76,76,76,76,71,37,38,28,62,7],"gold":190,"neow_bonus":"HUNDRED_GOLD","is_prod":false,"is_daily":false,"chose_seed":false,"campfire_upgraded":8,"win_rate":0,"timestamp":1560778902,"path_taken":["M","$","?","$","?","R","E","R","T","?","?","M","E","M","R","BOSS","M","M","?","?","M","R","E","R","T","M","R","M","R","?","R","BOSS","M","M","M","M","$","R","?","R","T","R","M","E","M","?","R","BOSS"],"build_version":"2019-01-23","purchased_purges":2,"victory":true,"max_hp_per_floor":[75,75,75,75,75,75,75,75,75,80,80,80,80,80,80,80,80,80,80,80,80,80,80,80,80,80,80,80,80,80,80,80,80,80,80,80,80,80,80,80,76,76,76,76,76,76,76,76,76,76],"card_choices":[{"not_picked":["Gash","Coolheaded"],"picked":"Capacitor","floor":1.0},{"not_picked":["Hologram","Rip and Tear"],"picked":"Seek","floor":7.0},{"not_picked":["Hello World","Beam Cell","Go for the Eyes"],"picked":"SKIP","floor":12.0},{"not_picked":["Steam","Meteor Strike"],"picked":"Core Surge","floor":13.0},{"not_picked":["Steam","Leap","Barrage"],"picked":"Ball Lightning","floor":14.0},{"not_picked":["Hyperbeam","Rainbow","Creative AI"],"picked":"Electrodynamics","floor":16.0},{"not_picked":["Steam","Streamline+1"],"picked":"SKIP","floor":18.0},{"not_picked":["Ball Lightning"],"picked":"Storm","floor":19.0},{"not_picked":["Tempest"],"picked":"Capacitor","floor":22.0},{"not_picked":["Hello World","Cold Snap"],"picked":"SKIP","floor":24.0},{"not_picked":["Cold Snap"],"picked":"Hologram","floor":27.0},{"not_picked":["FTL+1"],"picked":"Machine Learning","floor":29.0},{"not_picked":["All For One"],"picked":"Seek","floor":33.0},{"not_picked":["Go for the Eyes","Hologram"],"picked":"SKIP","floor":35.0},{"not_picked":["Defragment"],"picked":"Storm","floor":36.0},{"not_picked":["Compile Driver"],"picked":"Hologram+1","floor":37.0},{"not_picked":["Steam+1","Reinforced Body+1"],"picked":"SKIP","floor":38.0},{"not_picked":["Steam","Ball Lightning"],"picked":"SKIP","floor":45.0},{"not_picked":["Gash","Coolheaded"],"picked":"SKIP","floor":46.0},{"not_picked":["Leap","Ball Lightning+1"],"picked":"SKIP","floor":47},{"not_picked":["Secret Weapon"],"picked":"Impatience","floor":48},{"not_picked":["The Bomb"],"picked":"Bandage Up","floor":48},{"not_picked":["Trip"],"picked":"Purity","floor":48}],"player_experience":5367669,"relics_obtained":[{"floor":5.0,"key":"Matryoshka"},{"floor":7.0,"key":"Dead Branch"},{"floor":9.0,"key":"Blood Vial"},{"floor":9.0,"key":"Mercury Hourglass"},{"floor":13.0,"key":"Question Card"},{"floor":24.0,"key":"War Paint"},{"floor":26.0,"key":"PreservedInsect"},{"floor":26.0,"key":"Letter Opener"},{"floor":43.0,"key":"Lantern"},{"floor":46.0,"key":"Molten Egg 2"}],"event_choices":[{"damage_healed":0.0,"max_hp_gain":0.0,"max_hp_loss":0.0,"gold_gain":0.0,"event_name":"Lab","player_choice":"Got Potions","floor":3.0,"gold_loss":0.0,"damage_taken":0.0},{"damage_healed":0.0,"max_hp_gain":5.0,"max_hp_loss":0.0,"gold_gain":0.0,"event_name":"Big Fish","player_choice":"Donut","floor":10.0,"gold_loss":0.0,"damage_taken":0.0},{"damage_healed":0.0,"max_hp_gain":0.0,"max_hp_loss":0.0,"gold_gain":0.0,"event_name":"Vampires","player_choice":"Ignored","floor":20.0,"gold_loss":0.0,"damage_taken":0.0},{"damage_healed":0.0,"max_hp_gain":0.0,"max_hp_loss":0.0,"gold_gain":0.0,"event_name":"The Mausoleum","player_choice":"Opened","floor":21.0,"gold_loss":0.0,"damage_taken":0.0,"relics_obtained":["Peace Pipe"]},{"cards_removed":["Strike_B"],"damage_healed":0.0,"max_hp_gain":0.0,"max_hp_loss":0.0,"gold_gain":0.0,"event_name":"Beggar","player_choice":"Gave Gold","floor":31.0,"gold_loss":75.0,"damage_taken":0.0},{"damage_healed":0.0,"max_hp_gain":0.0,"max_hp_loss":4.0,"gold_gain":0.0,"event_name":"Winding Halls","player_choice":"Max HP","floor":41.0,"gold_loss":0.0,"damage_taken":0.0},{"damage_healed":0,"gold_gain":0,"player_choice":"Memory 3","damage_taken":10,"max_hp_gain":0,"max_hp_loss":0,"event_name":"SensoryStone","floor":48,"gold_loss":0}],"is_beta":false,"boss_relics":[{"not_picked":["Fusion Hammer","Lizard Tail"],"picked":"Busted Crown"},{"not_picked":["Orrery","FrozenCore"],"picked":"Eternal Feather"}],"items_purged_floors":[2,39],"is_endless":false,"potions_floor_spawned":[1,13,14,18,22,29,33,36,38],"ascension_level":0}