{"gold_per_floor":[110,33,47,47,57,57,91,91,91,122,122,122,152],"floor_reached":13,"playtime":345,"items_purged":[],"score":122,"play_id":"0ea543a8-0f6e-4f8d-9689-a41307168b42","local_time":"20181224203939","is_ascension_mode":true,"campfire_choices":[{"data":"Noxious Fumes","floor":6,"key":"SMITH"},{"data":"Footwork","floor":8,"key":"SMITH"},{"data":"Crippling Poison","floor":12,"key":"SMITH"}],"neow_cost":"TEN_PERCENT_HP_LOSS","seed_source_timestamp":0,"circlet_count":0,"master_deck":["Defend_G","Defend_G","Defend_G","Defend_G","Strike_G","Strike_G","Strike_G","Survivor","Neutralize","Noxious Fumes+1","Footwork+1","Crippling Poison+1"],"special_seed":0,"relics":["Ring of the Snake","Mummified Hand","Smiling Mask","Sundial"],"potions_floor_usage":[],"damage_taken":[{"damage":0.0,"enemies":"Small Slimes","floor":1.0,"turns":4.0},{"damage":0.0,"enemies":"2 Louse","floor":3.0,"turns":3.0},{"damage":0,"enemies":"Jaw Worm","floor":5,"turns":5},{"damage":0,"enemies":"Lagavulin","floor":7,"turns":10},{"damage":16,"enemies":"3 Sentries","floor":10,"turns":7},{"damage":0,"enemies":"3 Sentries","floor":13,"turns":1}],"seed_played":"7212849574087077662","potions_obtained":[{"floor":1.0,"key":"Explosive Potion"},{"floor":7,"key":"EssenceOfSteel"}],"is_trial":false,"path_per_floor":["M","$","M","?","M","R","E","R","T","E","?","R","?"],"character_chosen":"THE_SILENT","items_purchased":["Footwork"],"campfire_rested":0,"item_purchase_floors":[2],"current_hp_per_floor":[63,63,63,63,63,63,63,63,63,47,47,47,47],"gold":152,"neow_bonus":"REMOVE_TWO","is_prod":false,"is_daily":false,"chose_seed":true,"campfire_upgraded":3,"win_rate":0,"timestamp":1545655179,"path_taken":["M","$","M","?","M","R","E","R","T","E","?","R","?"],"build_version":"2018-12-20","purchased_purges":0,"victory":false,"max_hp_per_floor":[63,63,63,63,63,63,63,63,63,63,63,63,63],"card_choices":[{"not_picked":["Flechettes","Dagger Spray"],"picked":"Noxious Fumes","floor":1.0},{"not_picked":["Prepared","Quick Slash"],"picked":"Crippling Poison","floor":3.0},{"not_picked":["Dodge and Roll","Deflect","Poisoned Stab"],"picked":"SKIP","floor":5},{"not_picked":["Flying Knee","Slice","Quick Slash"],"picked":"SKIP","floor":7},{"not_picked":["Deflect","Slice","Die Die Die"],"picked":"SKIP","floor":10}],"player_experience":1479194,"relics_obtained":[{"floor":7,"key":"Mummified Hand"},{"floor":9,"key":"Smiling Mask"},{"floor":10,"key":"Sundial"}],"event_choices":[{"cards_removed":["Strike_G"],"damage_healed":0,"gold_gain":0,"player_choice":"Forget","damage_taken":0,"max_hp_gain":0,"max_hp_loss":0,"event_name":"Living Wall","floor":4,"gold_loss":0},{"damage_healed":0,"gold_gain":0,"player_choice":"Ignored","damage_taken":0,"max_hp_gain":0,"max_hp_loss":0,"event_name":"Liars Game","floor":11,"gold_loss":0},{"damage_healed":0,"gold_gain":30,"player_choice":"Searched \u00272\u0027 times","damage_taken":0,"max_hp_gain":0,"max_hp_loss":0,"event_name":"Dead Adventurer","floor":13,"gold_loss":0}],"is_beta":false,"boss_relics":[],"items_purged_floors":[],"is_endless":false,"potions_floor_spawned":[1,7],"killed_by":"3 Sentries","ascension_level":1}