{"gold_per_floor":[112,37,37,37,55,55,65,65,65,65,65,78,108,126,126,200,200,210,220,220,239,239,239,256,268,321,321,321],"floor_reached":28,"playtime":652,"items_purged":["Strike_G"],"score":420,"play_id":"75873e7d-0d44-49e1-b22a-9e191f2081c6","local_time":"20190706022521","is_ascension_mode":true,"campfire_choices":[{"data":"Neutralize","floor":6,"key":"SMITH"},{"data":"Survivor","floor":8,"key":"SMITH"},{"data":"A Thousand Cuts","floor":15,"key":"SMITH"},{"data":"Calculated Gamble","floor":23,"key":"SMITH"},{"data":"Cloak And Dagger","floor":27,"key":"SMITH"}],"neow_cost":"TEN_PERCENT_HP_LOSS","seed_source_timestamp":630581336540100,"circlet_count":0,"master_deck":["AscendersBane","Strike_G+1","Defend_G","Defend_G","Defend_G","Defend_G","Defend_G","Survivor+1","Neutralize+1","Infinite Blades","Dagger Spray+1","A Thousand Cuts+1","Calculated Gamble+1","Corpse Explosion","Escape Plan","Backflip","Cloak And Dagger+1"],"special_seed":0,"relics":["Ring of the Snake","Centennial Puzzle","Torii","Sozu","Vajra"],"potions_floor_usage":[],"damage_taken":[{"damage":5.0,"enemies":"Jaw Worm","floor":1.0,"turns":6.0},{"damage":0,"enemies":"Small Slimes","floor":5,"turns":2},{"damage":0,"enemies":"Cultist","floor":7,"turns":4},{"damage":0,"enemies":"Exordium Wildlife","floor":12,"turns":4},{"damage":0,"enemies":"2 Fungi Beasts","floor":14,"turns":3},{"damage":35,"enemies":"Slime Boss","floor":16,"turns":8},{"damage":9,"enemies":"Chosen","floor":18,"turns":5},{"damage":4,"enemies":"Shell Parasite","floor":19,"turns":7},{"damage":9,"enemies":"Snake Plant","floor":21,"turns":5},{"damage":9,"enemies":"Centurion and Healer","floor":24,"turns":5},{"damage":6,"enemies":"3 Cultists","floor":25,"turns":3},{"damage":12,"enemies":"Colosseum Slavers","floor":28,"turns":2}],"seed_played":"-4520298939913105862","potions_obtained":[{"floor":5,"key":"LiquidBronze"},{"floor":14,"key":"FearPotion"},{"floor":16,"key":"Swift Potion"}],"is_trial":false,"path_per_floor":["M","$","?","?","M","R","M","R","T","?","$","M","?","M","R","B",null,"M","M","?","M","?","R","M","M","T","R","?"],"character_chosen":"THE_SILENT","items_purchased":[],"campfire_rested":0,"item_purchase_floors":[],"current_hp_per_floor":[54,54,59,39,39,39,39,39,39,39,39,39,39,39,39,4,50,41,37,37,28,28,28,19,13,13,13,1],"gold":321,"neow_bonus":"TRANSFORM_TWO_CARDS","is_prod":false,"is_daily":false,"chose_seed":false,"campfire_upgraded":5,"win_rate":0,"timestamp":1562351121,"path_taken":["M","$","?","?","M","R","M","R","T","?","?","M","?","M","R","BOSS","M","M","?","M","?","R","M","?","T","R","?"],"build_version":"2019-07-01","purchased_purges":1,"victory":false,"max_hp_per_floor":[60,60,65,65,65,65,65,65,65,65,65,65,65,65,65,65,65,65,65,65,65,65,65,65,65,65,65,65],"card_choices":[{"not_picked":["Cloak And Dagger","Flying Knee","Backflip"],"picked":"SKIP","floor":1.0},{"not_picked":["Backflip","Setup","Acrobatics"],"picked":"SKIP","floor":5},{"not_picked":["Flechettes","Dodge and Roll","Predator"],"picked":"SKIP","floor":7},{"not_picked":["Acrobatics","Slice"],"picked":"A Thousand Cuts","floor":12},{"not_picked":["Blur","Footwork"],"picked":"Calculated Gamble","floor":14},{"not_picked":["Doppelganger","Wraith Form v2"],"picked":"Corpse Explosion","floor":16},{"not_picked":["Acrobatics","Bouncing Flask","Flying Knee"],"picked":"SKIP","floor":18},{"not_picked":["Endless Agony","Deflect"],"picked":"Escape Plan","floor":19},{"not_picked":["Poisoned Stab","Slice","Dagger Spray+1"],"picked":"SKIP","floor":21},{"not_picked":["Setup","PiercingWail"],"picked":"Backflip","floor":24},{"not_picked":["Masterful Stab","Backstab"],"picked":"Cloak And Dagger","floor":25}],"player_experience":642982,"relics_obtained":[{"floor":9,"key":"Centennial Puzzle"},{"floor":26,"key":"Vajra"}],"event_choices":[{"damage_healed":0.0,"max_hp_gain":5.0,"max_hp_loss":0.0,"gold_gain":0.0,"event_name":"Big Fish","player_choice":"Donut","floor":3.0,"gold_loss":0.0,"damage_taken":0.0},{"damage_healed":0.0,"max_hp_gain":0.0,"max_hp_loss":0.0,"gold_gain":0.0,"event_name":"Shining Light","player_choice":"Entered Light","floor":4.0,"gold_loss":0.0,"damage_taken":20.0,"cards_upgraded":["Dagger Spray","Strike_G"]},{"damage_healed":0,"gold_gain":0,"player_choice":"Ignored","damage_taken":0,"max_hp_gain":0,"max_hp_loss":0,"event_name":"Liars Game","floor":10,"gold_loss":0},{"damage_healed":0,"gold_gain":30,"player_choice":"Searched \u00272\u0027 times","damage_taken":0,"relics_obtained":["Torii"],"max_hp_gain":0,"max_hp_loss":0,"event_name":"Dead Adventurer","floor":13,"gold_loss":0},{"cards_removed":["Strike_G"],"damage_healed":0,"gold_gain":0,"player_choice":"Elegance","damage_taken":0,"max_hp_gain":0,"max_hp_loss":0,"event_name":"Back to Basics","floor":20,"gold_loss":0},{"damage_healed":0,"gold_gain":0,"player_choice":"Got Potions","damage_taken":0,"max_hp_gain":0,"max_hp_loss":0,"event_name":"Lab","floor":22,"gold_loss":0},{"damage_healed":0,"gold_gain":0,"player_choice":"Fight","damage_taken":0,"max_hp_gain":0,"max_hp_loss":0,"event_name":"Colosseum","floor":28,"gold_loss":0}],"is_beta":false,"boss_relics":[{"not_picked":["Lizard Tail","White Beast Statue"],"picked":"Sozu"}],"items_purged_floors":[2],"is_endless":false,"potions_floor_spawned":[5,14,16,24],"killed_by":"Colosseum Slavers","ascension_level":20}