{"gold_per_floor":[112,126,36,36,46,46,78,78,101,101,135,150,168,184,184,184],"floor_reached":16,"playtime":713,"items_purged":[],"score":224,"play_id":"b9679187-f512-48d5-82e7-d6f575bd08a3","local_time":"20190807121314","is_ascension_mode":true,"campfire_choices":[{"data":"Darkness","floor":6,"key":"SMITH"},{"data":"Capacitor","floor":8,"key":"SMITH"},{"data":"Zap","floor":10,"key":"SMITH"},{"floor":15,"key":"REST"}],"neow_cost":"NONE","seed_source_timestamp":2468766062720,"circlet_count":0,"master_deck":["AscendersBane","Strike_B","Strike_B","Strike_B","Strike_B","Defend_B","Defend_B","Defend_B","Defend_B","Zap+1","Dualcast","Cold Snap","Skim","Doom and Gloom","Compile Driver","Darkness+1","Compile Driver","Go for the Eyes","Capacitor+1","Defragment","Conserve Battery","BootSequence"],"relics":["Cracked Core","NeowsBlessing","Potion Belt","Strawberry","Shovel"],"potions_floor_usage":[7,7,12,14,16],"damage_taken":[{"damage":0,"enemies":"Jaw Worm","floor":1,"turns":1},{"damage":0,"enemies":"Cultist","floor":2,"turns":1},{"damage":0,"enemies":"2 Louse","floor":5,"turns":1},{"damage":8,"enemies":"Gremlin Nob","floor":7,"turns":4},{"damage":40,"enemies":"3 Sentries","floor":11,"turns":8},{"damage":15,"enemies":"Gremlin Gang","floor":12,"turns":4},{"damage":4,"enemies":"Blue Slaver","floor":13,"turns":2},{"damage":2,"enemies":"3 Louse","floor":14,"turns":3},{"damage":28,"enemies":"The Guardian","floor":16,"turns":10}],"seed_played":"8829326531526530265","potions_obtained":[{"floor":2,"key":"Ancient Potion"},{"floor":5,"key":"Block Potion"},{"floor":7,"key":"EssenceOfSteel"},{"floor":13,"key":"Block Potion"},{"floor":14,"key":"SpeedPotion"}],"is_trial":false,"path_per_floor":["M","M","$","?","M","R","E","R","T","R","E","M","M","M","R","B"],"character_chosen":"DEFECT","items_purchased":["Doom and Gloom","Compile Driver"],"campfire_rested":1,"item_purchase_floors":[3,3],"current_hp_per_floor":[64,64,64,64,64,64,56,56,63,63,23,8,4,2,25,0],"gold":184,"neow_bonus":"THREE_ENEMY_KILL","is_prod":false,"is_daily":false,"chose_seed":false,"campfire_upgraded":3,"win_rate":0,"timestamp":1565172794,"path_taken":["M","M","$","?","?","R","E","R","T","R","E","M","?","M","R","BOSS"],"build_version":"2019-07-17","purchased_purges":0,"victory":false,"max_hp_per_floor":[71,71,71,71,71,71,71,71,78,78,78,78,78,78,78,78],"card_choices":[{"not_picked":["Steam","Ball Lightning"],"picked":"Cold Snap","floor":1},{"not_picked":["Turbo","Beam Cell"],"picked":"Skim","floor":2},{"not_picked":["Melter","Lockon"],"picked":"Go for the Eyes","floor":5},{"not_picked":["Gash","Turbo"],"picked":"Capacitor","floor":7},{"not_picked":["Reinforced Body","Melter"],"picked":"Defragment","floor":11},{"not_picked":["Turbo","Aggregate"],"picked":"Conserve Battery","floor":12},{"not_picked":["Compile Driver","Sweeping Beam"],"picked":"BootSequence","floor":13},{"not_picked":["Melter","Beam Cell","Tempest"],"picked":"SKIP","floor":14}],"player_experience":822048,"relics_obtained":[{"floor":7,"key":"Potion Belt"},{"floor":9,"key":"Strawberry"},{"floor":11,"key":"Shovel"}],"event_choices":[{"damage_healed":0,"gold_gain":0,"player_choice":"2 cards matched","damage_taken":0,"max_hp_gain":0,"max_hp_loss":0,"event_name":"Match and Keep!","floor":4,"gold_loss":0,"cards_obtained":["Darkness","Compile Driver"]}],"is_beta":false,"boss_relics":[],"items_purged_floors":[],"is_endless":false,"potions_floor_spawned":[2,5,7,13,14],"killed_by":"The Guardian","ascension_level":20}