{"gold_per_floor":[115,115,115,34,49,49,77,77,128,153,153,153],"floor_reached":12,"playtime":321,"items_purged":[],"score":168,"play_id":"09ce6de6-9f0c-49cc-b95b-65e5e1647401","local_time":"20181231170129","is_ascension_mode":true,"campfire_choices":[{"data":"Capacitor","floor":6,"key":"SMITH"},{"floor":8,"key":"REST"},{"floor":11,"key":"REST"}],"neow_cost":"CURSE","seed_source_timestamp":21444818327344,"circlet_count":0,"master_deck":["AscendersBane","Strike_B","Strike_B","Strike_B","Strike_B","Defend_B","Defend_B","Defend_B","Defend_B","Zap","Dualcast","Parasite","Seek","Go for the Eyes","Capacitor+1","Ball Lightning","Hologram+1"],"relics":["Cracked Core","Blood Vial","Toxic Egg 2","Omamori","Pantograph"],"potions_floor_usage":[7,12],"damage_taken":[{"damage":4,"enemies":"Jaw Worm","floor":1,"turns":4},{"damage":3,"enemies":"Cultist","floor":5,"turns":4},{"damage":32,"enemies":"Gremlin Nob","floor":7,"turns":4},{"damage":36,"enemies":"Lagavulin","floor":10,"turns":9},{"damage":24,"enemies":"Gremlin Nob","floor":12,"turns":3}],"seed_played":"-650908767737582782","potions_obtained":[{"floor":1,"key":"FearPotion"},{"floor":7,"key":"Strength Potion"}],"is_trial":false,"path_per_floor":["M","?","?","$","M","R","E","R","T","E","R","E"],"character_chosen":"DEFECT","items_purchased":["Capacitor"],"campfire_rested":2,"item_purchase_floors":[4],"current_hp_per_floor":[60,49,45,45,44,44,14,35,35,1,22,0],"gold":153,"neow_bonus":"THREE_RARE_CARDS","is_prod":false,"is_daily":false,"chose_seed":false,"campfire_upgraded":1,"win_rate":0,"timestamp":1546246889,"path_taken":["M","?","?","$","M","R","E","R","T","E","R","E"],"build_version":"2018-12-20","purchased_purges":0,"victory":false,"max_hp_per_floor":[71,71,71,71,71,71,71,71,71,71,71,71],"card_choices":[{"not_picked":["Buffer","Multi-Cast"],"picked":"Seek","floor":0},{"not_picked":["Cold Snap","Barrage"],"picked":"Go for the Eyes","floor":1},{"not_picked":["Steam","Compile Driver"],"picked":"Ball Lightning","floor":5},{"not_picked":["Sweeping Beam","Tempest"],"picked":"Hologram","floor":7},{"not_picked":["Hello World","Heatsinks","Rebound"],"picked":"SKIP","floor":10}],"player_experience":1626502,"relics_obtained":[{"floor":7,"key":"Toxic Egg 2"},{"floor":9,"key":"Omamori"},{"floor":10,"key":"Pantograph"}],"event_choices":[{"damage_healed":0,"gold_gain":0,"player_choice":"Success","damage_taken":11,"relics_obtained":["Blood Vial"],"max_hp_gain":0,"max_hp_loss":0,"event_name":"Scrap Ooze","floor":2,"gold_loss":0},{"damage_healed":0,"gold_gain":0,"player_choice":"Bought 0 Potions","damage_taken":0,"max_hp_gain":0,"max_hp_loss":0,"event_name":"The Woman in Blue","floor":3,"gold_loss":0}],"is_beta":false,"boss_relics":[],"items_purged_floors":[],"is_endless":false,"potions_floor_spawned":[1,7],"killed_by":"Gremlin Nob","ascension_level":20}