{"gold_per_floor":[119,130,130,149,165,165,198,72,72,11,11,11,11,26,26,103,103,122,136,56,106,124,152,171,171,171,203,103,103,132,144,144,217,217,230,283,295,313,313,345,9,9,36,50,63,83,108,19,19,19,19,19,19,19,53,53],"floor_reached":57,"playtime":2593,"items_purged":["Strike_G","Strike_G","Strike_G","Defend_G"],"score":3594,"play_id":"1d11b8e5-d0fe-41dd-adc0-259f40fb1d7c","local_time":"20190124190036","is_ascension_mode":true,"campfire_choices":[{"data":"Neutralize","floor":6.0,"key":"SMITH"},{"data":"Well Laid Plans","floor":12.0,"key":"SMITH"},{"data":"Expertise","floor":15.0,"key":"SMITH"},{"data":"Grand Finale","floor":25.0,"key":"SMITH"},{"floor":29.0,"key":"RECALL"},{"data":"Acrobatics","floor":32.0,"key":"SMITH"},{"floor":42.0,"key":"DIG"},{"data":"Footwork","floor":49.0,"key":"SMITH"},{"floor":53.0,"key":"DIG"}],"neow_cost":"NONE","seed_source_timestamp":0,"circlet_count":0,"master_deck":["AscendersBane","Defend_G","Defend_G","Defend_G","Defend_G","Survivor","Neutralize+1","Grand Finale+1","Backflip","Expertise+1","PiercingWail","Acrobatics+1","Well Laid Plans+1","Concentrate+1","Footwork+1","Deflect+1"],"special_seed":0,"relics":["Ring of the Snake","Ornamental Fan","The Courier","Busted Crown","Paper Crane","Mummified Hand","Molten Egg 2","Bottled Tornado","Eternal Feather","Shovel","Toxic Egg 2","Dodecahedron","Kunai","Blue Candle","Centennial Puzzle","Pantograph","Bottled Lightning"],"potions_floor_usage":[],"damage_taken":[{"damage":1.0,"enemies":"Small Slimes","floor":1.0,"turns":5.0},{"damage":4.0,"enemies":"Cultist","floor":2.0,"turns":5.0},{"damage":2.0,"enemies":"2 Louse","floor":4.0,"turns":3.0},{"damage":24.0,"enemies":"Lots of Slimes","floor":5.0,"turns":6.0},{"damage":0.0,"enemies":"3 Sentries","floor":7.0,"turns":2.0},{"damage":1.0,"enemies":"Looter","floor":14.0,"turns":2.0},{"damage":0.0,"enemies":"The Guardian","floor":16.0,"turns":10.0},{"damage":0.0,"enemies":"Shell Parasite","floor":18.0,"turns":3.0},{"damage":3.0,"enemies":"2 Thieves","floor":19.0,"turns":2.0},{"damage":0.0,"enemies":"Centurion and Healer","floor":22.0,"turns":3.0},{"damage":0.0,"enemies":"Slavers","floor":23.0,"turns":3.0},{"damage":0.0,"enemies":"Snake Plant","floor":24.0,"turns":3.0},{"damage":0.0,"enemies":"Gremlin Leader","floor":27.0,"turns":3.0},{"damage":0.0,"enemies":"Book of Stabbing","floor":30.0,"turns":3.0},{"damage":0.0,"enemies":"3 Cultists","floor":31.0,"turns":1.0},{"damage":0.0,"enemies":"Collector","floor":33.0,"turns":6.0},{"damage":0.0,"enemies":"Orb Walker","floor":35.0,"turns":4.0},{"damage":2.0,"enemies":"2 Orb Walkers","floor":36.0,"turns":3.0},{"damage":0.0,"enemies":"3 Shapes","floor":37.0,"turns":2.0},{"damage":0.0,"enemies":"Transient","floor":38.0,"turns":6.0},{"damage":0.0,"enemies":"Giant Head","floor":40.0,"turns":4.0},{"damage":0.0,"enemies":"3 Darklings","floor":44.0,"turns":1.0},{"damage":0.0,"enemies":"Jaw Worm Horde","floor":45.0,"turns":2.0},{"damage":0.0,"enemies":"Spire Growth","floor":46.0,"turns":2.0},{"damage":0.0,"enemies":"Reptomancer","floor":47.0,"turns":2.0},{"damage":0.0,"enemies":"Time Eater","floor":50.0,"turns":10.0},{"damage":0.0,"enemies":"Donu and Deca","floor":51.0,"turns":3.0},{"damage":0.0,"enemies":"Shield and Spear","floor":55.0,"turns":4.0},{"damage":47,"enemies":"The Heart","floor":56,"turns":11}],"seed_played":"-5122874654007480210","potions_obtained":[{"floor":7.0,"key":"SteroidPotion"},{"floor":14.0,"key":"Dexterity Potion"},{"floor":30.0,"key":"Swift Potion"},{"floor":38.0,"key":"PowerPotion"},{"floor":55.0,"key":"Block Potion"}],"is_trial":false,"path_per_floor":["M","M","?","M","M","R","E","$","T","$","$","R","?","M","R","B",null,"M","M","$","?","M","E","M","R","T","E","$","R","E","M","R","B",null,"M","?","M","M","T","E","$","R","T","M","M","M","E","$","R","B","B",null,"R","$","E","B",null],"character_chosen":"THE_SILENT","items_purchased":["Acrobatics","Well Laid Plans","Kunai","Footwork","Deflect+1"],"campfire_rested":0,"item_purchase_floors":[8,10,41,48,48],"current_hp_per_floor":[58,54,54,52,28,28,28,28,28,28,28,28,28,27,27,27,56,56,53,53,53,53,53,53,53,53,53,53,53,53,53,53,53,63,63,61,61,61,61,61,61,66,66,66,66,66,66,66,66,66,66,66,66,66,66,19],"gold":53,"neow_bonus":"ONE_RANDOM_RARE_CARD","is_prod":false,"is_daily":false,"chose_seed":false,"campfire_upgraded":6,"win_rate":0,"timestamp":1548327636,"path_taken":["M","M","?","?","M","R","E","$","T","?","$","R","?","?","R","BOSS","M","M","$","?","?","E","?","R","T","E","?","R","E","M","R","BOSS","M","?","M","M","?","E","?","R","T","M","M","M","E","$","R","BOSS","BOSS","R","$","E","BOSS"],"build_version":"2019-01-23","purchased_purges":4,"victory":true,"max_hp_per_floor":[66,66,66,66,66,66,66,66,66,66,66,66,66,66,66,66,66,66,66,66,66,66,66,66,66,66,66,66,66,66,66,66,66,66,66,66,66,66,66,66,66,66,66,66,66,66,66,66,66,66,66,66,66,66,66,66],"card_choices":[{"not_picked":["PiercingWail","Backflip","Cloak And Dagger"],"picked":"SKIP","floor":1.0},{"not_picked":["PiercingWail","Cloak And Dagger"],"picked":"Backflip","floor":1.0},{"not_picked":["Dodge and Roll","All Out Attack","Sucker Punch"],"picked":"SKIP","floor":2.0},{"not_picked":["Underhanded Strike","PiercingWail","Dagger Spray"],"picked":"SKIP","floor":4.0},{"not_picked":["Underhanded Strike","Dagger Spray"],"picked":"PiercingWail","floor":4.0},{"not_picked":["Tactician","Deadly Poison","Slice"],"picked":"SKIP","floor":5.0},{"not_picked":["Slice","Riddle With Holes","Finisher"],"picked":"SKIP","floor":7.0},{"not_picked":["Quick Slash","PiercingWail","Dodge and Roll"],"picked":"SKIP","floor":14.0},{"not_picked":["Underhanded Strike"],"picked":"SKIP","floor":18.0},{"not_picked":["Backflip"],"picked":"SKIP","floor":19.0},{"not_picked":["Terror"],"picked":"SKIP","floor":22.0},{"not_picked":["Outmaneuver"],"picked":"SKIP","floor":23.0},{"not_picked":["Deadly Poison"],"picked":"SKIP","floor":24.0},{"not_picked":["Deadly Poison"],"picked":"SKIP","floor":27.0},{"not_picked":["Sucker Punch+1"],"picked":"SKIP","floor":30.0},{"not_picked":["Choke+1"],"picked":"SKIP","floor":31.0},{"not_picked":["Poisoned Stab+1"],"picked":"SKIP","floor":35.0},{"not_picked":["Deflect"],"picked":"SKIP","floor":37.0},{"not_picked":["Infinite Blades+1"],"picked":"SKIP","floor":38.0},{"not_picked":["Accuracy"],"picked":"SKIP","floor":40.0},{"not_picked":["Blade Dance+1"],"picked":"SKIP","floor":44.0},{"not_picked":["Dagger Spray+1"],"picked":"SKIP","floor":45.0},{"not_picked":["PiercingWail+1"],"picked":"SKIP","floor":46.0},{"not_picked":[],"picked":"Concentrate+1","floor":47.0},{"not_picked":["PiercingWail+1"],"picked":"SKIP","floor":55.0}],"player_experience":1332222,"relics_obtained":[{"floor":7.0,"key":"Ornamental Fan"},{"floor":9.0,"key":"The Courier"},{"floor":23.0,"key":"Paper Crane"},{"floor":26.0,"key":"Mummified Hand"},{"floor":27.0,"key":"Molten Egg 2"},{"floor":30.0,"key":"Bottled Tornado"},{"floor":36.0,"key":"Shovel"},{"floor":39.0,"key":"Toxic Egg 2"},{"floor":40.0,"key":"Dodecahedron"},{"floor":42.0,"key":"Blue Candle"},{"floor":47.0,"key":"Centennial Puzzle"},{"floor":53.0,"key":"Pantograph"},{"floor":55.0,"key":"Bottled Lightning"}],"event_choices":[{"damage_healed":0.0,"max_hp_gain":0.0,"max_hp_loss":0.0,"gold_gain":0.0,"cards_transformed":["Strike_G"],"event_name":"Transmorgrifier","player_choice":"Transformed","floor":3.0,"gold_loss":0.0,"damage_taken":0.0,"cards_obtained":["Expertise"]},{"cards_removed":["Strike_G"],"damage_healed":0.0,"max_hp_gain":0.0,"max_hp_loss":0.0,"gold_gain":0.0,"event_name":"Purifier","player_choice":"Purged","floor":13.0,"gold_loss":0.0,"damage_taken":0.0},{"damage_healed":0.0,"max_hp_gain":0.0,"max_hp_loss":0.0,"gold_gain":100.0,"event_name":"The Joust","player_choice":"Bet on Murderer","floor":21.0,"gold_loss":50.0,"damage_taken":0.0},{"damage_healed":0.0,"max_hp_gain":0.0,"max_hp_loss":0.0,"gold_gain":0.0,"event_name":"Mysterious Sphere","player_choice":"Fight","floor":36.0,"gold_loss":0.0,"damage_taken":0.0}],"is_beta":true,"boss_relics":[{"not_picked":["WristBlade","Pandora\u0027s Box"],"picked":"Busted Crown"},{"not_picked":["Runic Dome","Velvet Choker"],"picked":"Eternal Feather"}],"items_purged_floors":[8,20,28,41],"is_endless":false,"potions_floor_spawned":[7,14,19,30,33,38,40,44,45,55],"ascension_level":20}