{"path_per_floor":["M","M","M","M","M","R","$","E","T","R","?","M","E","M","R"],"character_chosen":"THE_SILENT","items_purchased":["Infinite Blades"],"gold_per_floor":[109,124,144,157,169,169,60,91,91,91,91,102,133,152,152,152],"floor_reached":16,"campfire_rested":0,"playtime":731,"item_purchase_floors":[7],"current_hp_per_floor":[51,51,51,51,43,43,43,34,34,34,21,21,12,12,12,0],"items_purged":["Defend_G"],"gold":152,"score":194,"play_id":"ecc2bd6d-2e25-4ea2-a066-1bd3162f8909","local_time":"20180616212628","is_prod":false,"is_daily":false,"chose_seed":false,"is_ascension_mode":true,"campfire_upgraded":3,"win_rate":0,"timestamp":1529155588,"campfire_choices":[{"data":"Neutralize","floor":6,"key":"SMITH"},{"data":"Footwork","floor":10,"key":"SMITH"},{"data":"Footwork","floor":15,"key":"SMITH"}],"path_taken":["M","M","M","M","M","R","$","E","T","R","?","?","E","M","R","BOSS"],"build_version":"2018-06-14v2","seed_source_timestamp":41013563341490,"purchased_purges":1,"victory":false,"master_deck":["Defend_G","Defend_G","Defend_G","Defend_G","Strike_G","Strike_G","Strike_G+1","Strike_G","Strike_G","Survivor+1","Neutralize+1","AscendersBane","Storm of Steel","Backstab","Backflip","Footwork+1","Deflect","Dash","Infinite Blades","Escape Plan","Footwork+1"],"max_hp_per_floor":[66,66,66,66,66,66,66,66,66,66,66,66,66,66,66,66],"relics":["Ring of the Snake","Art of War","Vajra","Regal Pillow"],"card_choices":[{"not_picked":["Outmaneuver","Backflip"],"picked":"Backstab","floor":1},{"not_picked":["Cloak And Dagger","Skewer"],"picked":"Backflip","floor":2},{"not_picked":["Escape Plan","Dagger Spray"],"picked":"Footwork","floor":3},{"not_picked":["Outmaneuver","Flying Knee"],"picked":"Deflect","floor":4},{"not_picked":["Dagger Throw","Prepared"],"picked":"Dash","floor":5},{"not_picked":["Sucker Punch","Underhanded Strike","Choke"],"picked":"SKIP","floor":8},{"not_picked":["Infinite Blades","PiercingWail"],"picked":"Escape Plan","floor":12},{"not_picked":["Outmaneuver","Quick Slash","Endless Agony"],"picked":"SKIP","floor":13},{"not_picked":["Distraction","Riddle With Holes"],"picked":"Footwork","floor":14}],"player_experience":625842,"potions_floor_usage":[13,13,16],"damage_taken":[{"damage":8,"enemies":"Cultist","floor":1,"turns":6},{"damage":0,"enemies":"Small Slimes","floor":2,"turns":3},{"damage":0,"enemies":"2 Louse","floor":3,"turns":2},{"damage":0,"enemies":"Gremlin Gang","floor":4,"turns":7},{"damage":8,"enemies":"Lots of Slimes","floor":5,"turns":7},{"damage":9,"enemies":"3 Sentries","floor":8,"turns":9},{"damage":0,"enemies":"Exordium Thugs","floor":12,"turns":5},{"damage":9,"enemies":"Lagavulin","floor":13,"turns":8},{"damage":0,"enemies":"Exordium Wildlife","floor":14,"turns":6},{"damage":15,"enemies":"The Guardian","floor":16,"turns":6}],"relics_obtained":[{"floor":8,"key":"Art of War"},{"floor":9,"key":"Vajra"},{"floor":13,"key":"Regal Pillow"}],"event_choices":[{"event_name":"Shining Light","player_choice":"Entered Light","floor":11,"damage_taken":0}],"boss_relics":[],"items_purged_floors":[7],"is_endless":false,"potions_floor_spawned":[1,3,8,13],"seed_played":"5778422989749294001","killed_by":"The Guardian","ascension_level":14,"potions_obtained":[{"floor":1,"key":"SteroidPotion"},{"floor":3,"key":"Swift Potion"},{"floor":13,"key":"EssenceOfSteel"}],"is_trial":false}