{"gold_per_floor":[214,230,155,173,73,73,91,117,117,117,145,145,156,189,189,284,284,304,314,189,189,189,189,205,205,235,250,250,269,269,289,289,391,391,405,420,420,270,285,285,301,301,301,320,320,320,0,26,26,26],"floor_reached":51,"playtime":1541,"items_purged":["Strike_G","Strike_G","Strike_G","Defend_G"],"score":897,"play_id":"a4462ebf-ff07-477b-839c-40e3c17ae23a","local_time":"20181026233002","is_ascension_mode":false,"campfire_choices":[{"data":"Deadly Poison","floor":6.0,"key":"SMITH"},{"data":"Catalyst","floor":10.0,"key":"SMITH"},{"data":"Deadly Poison","floor":12.0,"key":"SMITH"},{"data":"Defend_G","floor":15.0,"key":"PURGE"},{"data":"Defend_G","floor":23,"key":"PURGE"},{"data":"Strike_G","floor":25,"key":"PURGE"},{"data":"Defend_G","floor":28,"key":"PURGE"},{"data":"Strike_G","floor":30,"key":"PURGE"},{"data":"Catalyst","floor":32,"key":"SMITH"},{"data":"Survivor","floor":40,"key":"PURGE"},{"data":"Deadly Poison+1","floor":42,"key":"PURGE"},{"data":"Defend_G","floor":46,"key":"PURGE"},{"data":"Neutralize","floor":49,"key":"PURGE"}],"neow_cost":"NONE","seed_source_timestamp":52597219458503,"circlet_count":0,"master_deck":["Deadly Poison+1","Footwork","Catalyst+1","Blur","Footwork","Adrenaline","Catalyst+1","Tactician+1","PiercingWail","PiercingWail","Noxious Fumes","Acrobatics+1","Escape Plan+1","Acrobatics"],"special_seed":0,"relics":["Ring of the Snake","Regal Pillow","Matryoshka","Odd Mushroom","Peace Pipe","Runic Pyramid","Tiny Chest","Lantern","Orrery","Vajra","Dream Catcher","Singing Bowl","Red Mask","Oddly Smooth Stone"],"potions_floor_usage":[],"damage_taken":[{"damage":0.0,"enemies":"Small Slimes","floor":1.0,"turns":3.0},{"damage":0.0,"enemies":"2 Louse","floor":2.0,"turns":3.0},{"damage":0.0,"enemies":"Cultist","floor":4.0,"turns":3.0},{"damage":4.0,"enemies":"Large Slime","floor":7.0,"turns":10.0},{"damage":24.0,"enemies":"Gremlin Nob","floor":8.0,"turns":4.0},{"damage":15.0,"enemies":"The Mushroom Lair","floor":11.0,"turns":6.0},{"damage":0.0,"enemies":"Looter","floor":13.0,"turns":2.0},{"damage":10.0,"enemies":"3 Sentries","floor":14.0,"turns":10.0},{"damage":0.0,"enemies":"The Guardian","floor":16.0,"turns":6.0},{"damage":0.0,"enemies":"Chosen","floor":18.0,"turns":3.0},{"damage":0.0,"enemies":"3 Byrds","floor":19.0,"turns":7.0},{"damage":6,"enemies":"Centurion and Healer","floor":24,"turns":5},{"damage":5,"enemies":"Shelled Parasite and Fungi","floor":27,"turns":3},{"damage":0,"enemies":"Snake Plant","floor":29,"turns":2},{"damage":0,"enemies":"Snecko","floor":31,"turns":3},{"damage":0,"enemies":"Champ","floor":33,"turns":4},{"damage":0,"enemies":"3 Darklings","floor":35,"turns":8},{"damage":0,"enemies":"3 Shapes","floor":36,"turns":4},{"damage":0,"enemies":"Transient","floor":39,"turns":5},{"damage":0,"enemies":"Maw","floor":41,"turns":3},{"damage":0,"enemies":"Jaw Worm Horde","floor":44,"turns":5},{"damage":0,"enemies":"Awakened One","floor":50,"turns":2}],"seed_played":"-6703101029154518079","potions_obtained":[{"floor":7.0,"key":"GamblersBrew"},{"floor":8.0,"key":"GamblersBrew"},{"floor":13.0,"key":"Strength Potion"},{"floor":16.0,"key":"Swift Potion"}],"is_trial":false,"path_per_floor":["M","M","$","M","$","R","M","E","T","R","?","R","M","?","R","B",null,"M","M","$","?","?","R","M","R","T","M","R","M","R","M","R","B",null,"M","M","?","$","M","R","M","R","T","M","?","R","?","T","R","B"],"character_chosen":"THE_SILENT","items_purchased":[],"campfire_rested":0,"item_purchase_floors":[],"current_hp_per_floor":[70,70,70,70,70,70,66,42,42,42,27,27,27,17,17,17,70,70,70,70,70,63,63,57,57,57,52,52,52,52,52,52,52,70,70,70,70,70,70,70,70,70,70,70,66,66,66,66,66,66],"gold":26,"neow_bonus":"HUNDRED_GOLD","is_prod":false,"is_daily":false,"chose_seed":false,"campfire_upgraded":4,"win_rate":0,"timestamp":1540567802,"path_taken":["M","M","$","M","$","R","M","E","T","R","?","R","?","?","R","BOSS","M","?","$","?","?","R","M","R","T","?","R","M","R","M","R","BOSS","M","M","?","$","M","R","M","R","T","M","?","R","?","?","R","BOSS"],"build_version":"2018-10-25v2","purchased_purges":4,"victory":true,"max_hp_per_floor":[70,70,70,70,70,70,70,70,70,70,70,70,70,70,70,70,70,70,70,70,70,70,70,70,70,70,70,70,70,70,70,70,70,70,70,70,70,70,70,70,70,70,70,70,66,66,66,66,66,66],"card_choices":[{"not_picked":["PiercingWail","Dagger Throw"],"picked":"Deadly Poison","floor":1.0},{"not_picked":["Slice","Infinite Blades"],"picked":"Deadly Poison","floor":2.0},{"not_picked":["Deflect","Bullet Time"],"picked":"Footwork","floor":4.0},{"not_picked":["Calculated Gamble","Outmaneuver","Flechettes"],"picked":"SKIP","floor":7.0},{"not_picked":["Dodge and Roll","Setup"],"picked":"Catalyst","floor":8.0},{"not_picked":["Prepared","Poisoned Stab"],"picked":"Blur","floor":11.0},{"not_picked":["Underhanded Strike","Sucker Punch","Prepared"],"picked":"SKIP","floor":13.0},{"not_picked":["Backflip","Caltrops"],"picked":"Footwork","floor":14.0},{"not_picked":["Wraith Form v2","Glass Knife"],"picked":"Adrenaline","floor":16.0},{"not_picked":["Concentrate","Backstab"],"picked":"Catalyst","floor":18.0},{"not_picked":["Flying Knee","Dodge and Roll"],"picked":"Tactician+1","floor":19.0},{"not_picked":["Crippling Poison","Infinite Blades","Caltrops+1"],"picked":"SKIP","floor":24},{"not_picked":["Acrobatics","Blade Dance","Well Laid Plans"],"picked":"SKIP","floor":27},{"not_picked":["Outmaneuver","Masterful Stab","Prepared"],"picked":"SKIP","floor":29},{"not_picked":["Poisoned Stab+1","Deflect","Outmaneuver"],"picked":"SKIP","floor":31},{"not_picked":["Leg Sweep","Cloak And Dagger"],"picked":"PiercingWail+1","floor":34},{"not_picked":["Deadly Poison","Skewer+1"],"picked":"PiercingWail","floor":34},{"not_picked":["Deflect","Reflex"],"picked":"PiercingWail","floor":34},{"not_picked":["Choke","Flechettes"],"picked":"Noxious Fumes","floor":34},{"not_picked":["Dodge and Roll+1","PiercingWail+1"],"picked":"Acrobatics+1","floor":35},{"not_picked":["Dagger Spray+1","Heel Hook","Crippling Poison+1"],"picked":"SKIP","floor":36},{"not_picked":["All Out Attack","Prepared","Backflip"],"picked":"SKIP","floor":39},{"not_picked":["Deadly Poison","Calculated Gamble"],"picked":"Escape Plan+1","floor":41},{"not_picked":["Storm of Steel","Underhanded Strike+1"],"picked":"Acrobatics","floor":44}],"player_experience":659825,"relics_obtained":[{"floor":8.0,"key":"Regal Pillow"},{"floor":9.0,"key":"Matryoshka"},{"floor":11.0,"key":"Odd Mushroom"},{"floor":14.0,"key":"Peace Pipe"},{"floor":26,"key":"Tiny Chest"},{"floor":26,"key":"Lantern"},{"floor":43,"key":"Dream Catcher"},{"floor":43,"key":"Singing Bowl"},{"floor":48,"key":"Oddly Smooth Stone"}],"event_choices":[{"damage_healed":0.0,"max_hp_gain":0.0,"max_hp_loss":0.0,"gold_gain":0.0,"event_name":"Mushrooms","player_choice":"Fought Mushrooms","floor":11.0,"gold_loss":0.0,"damage_taken":0.0},{"damage_healed":0.0,"max_hp_gain":0.0,"max_hp_loss":0.0,"gold_gain":30.0,"event_name":"Dead Adventurer","player_choice":"Searched \u00273\u0027 times","floor":14.0,"gold_loss":0.0,"damage_taken":0.0},{"damage_healed":0,"gold_gain":0,"player_choice":"Ignored","damage_taken":0,"max_hp_gain":0,"max_hp_loss":0,"event_name":"Cursed Tome","floor":21,"gold_loss":0},{"damage_healed":0,"gold_gain":0,"player_choice":"Damaged","damage_taken":7,"max_hp_gain":0,"max_hp_loss":0,"event_name":"Wheel of Change","floor":22,"gold_loss":0},{"cards_removed":["PiercingWail"],"damage_healed":0,"gold_gain":0,"player_choice":"Gave Card","damage_taken":0,"relics_obtained":["Vajra"],"max_hp_gain":0,"max_hp_loss":0,"event_name":"WeMeetAgain","floor":37,"gold_loss":0},{"damage_healed":0,"gold_gain":0,"player_choice":"Max HP","damage_taken":0,"max_hp_gain":0,"max_hp_loss":4,"event_name":"Winding Halls","floor":45,"gold_loss":0},{"damage_healed":0,"gold_gain":0,"player_choice":"Paid","damage_taken":0,"relics_obtained":["Red Mask"],"max_hp_gain":0,"max_hp_loss":0,"event_name":"Tomb of Lord Red Mask","floor":47,"gold_loss":320}],"is_beta":false,"boss_relics":[{"not_picked":["Pandora\u0027s Box","Cursed Key"],"picked":"Runic Pyramid"},{"not_picked":["Calling Bell","Philosopher\u0027s Stone"],"picked":"Orrery"}],"items_purged_floors":[3,5,20,38],"is_endless":false,"potions_floor_spawned":[7,8,13,16,18,27,35,41,44],"ascension_level":0}