{"gold_per_floor":[116,68,68,68,78,103,117,137,213,213,226,226,236,268,268,268],"floor_reached":16,"playtime":341,"items_purged":[],"score":196,"play_id":"2bef52e3-8a06-4a74-baa0-3eacf18b0f5c","local_time":"20180916223135","is_ascension_mode":true,"campfire_choices":[{"data":"Neutralize","floor":10,"key":"SMITH"},{"floor":12,"key":"REST"},{"data":"Noxious Fumes","floor":15,"key":"SMITH"}],"neow_cost":"NONE","seed_source_timestamp":13440748356915,"circlet_count":0,"master_deck":["Defend_G","Defend_G","Defend_G","Defend_G","Defend_G","Strike_G","Strike_G","Strike_G","Strike_G","Survivor","Neutralize+1","AscendersBane","Poisoned Stab","Heel Hook","Poisoned Stab","Quick Slash","Flying Knee","Poisoned Stab","Noxious Fumes+1","Quick Slash","Leg Sweep"],"relics":["Philosopher\u0027s Stone","Torii","Bottled Lightning","Ancient Tea Set"],"potions_floor_usage":[11,14],"damage_taken":[{"damage":5,"enemies":"2 Louse","floor":1,"turns":3},{"damage":5,"enemies":"Small Slimes","floor":5,"turns":4},{"damage":39,"enemies":"Lagavulin","floor":6,"turns":9},{"damage":0,"enemies":"Jaw Worm","floor":7,"turns":3},{"damage":1,"enemies":"Large Slime","floor":8,"turns":4},{"damage":0,"enemies":"3 Louse","floor":11,"turns":3},{"damage":1,"enemies":"2 Fungi Beasts","floor":13,"turns":3},{"damage":22,"enemies":"Gremlin Nob","floor":14,"turns":4},{"damage":12,"enemies":"Hexaghost","floor":16,"turns":7}],"seed_played":"-2519422237231600464","potions_obtained":[{"floor":5,"key":"Ancient Potion"},{"floor":7,"key":"Energy Potion"},{"floor":8,"key":"Fruit Juice"}],"is_trial":false,"path_per_floor":["M","?","?","?","M","E","M","M","T","R","M","R","M","E","R"],"character_chosen":"THE_SILENT","items_purchased":[],"campfire_rested":1,"item_purchase_floors":[],"current_hp_per_floor":[54,54,54,54,49,10,10,9,9,9,14,35,34,12,12,0],"gold":268,"neow_bonus":"BOSS_RELIC","is_prod":false,"is_daily":false,"chose_seed":false,"campfire_upgraded":2,"win_rate":0,"timestamp":1537108295,"path_taken":["M","?","?","?","M","E","M","M","T","R","M","R","M","E","R","BOSS"],"build_version":"2018-09-12","purchased_purges":0,"victory":false,"max_hp_per_floor":[66,66,66,66,66,66,66,66,66,66,71,71,71,71,71,71],"card_choices":[{"not_picked":["Dagger Spray","Bane"],"picked":"Poisoned Stab","floor":1},{"not_picked":["Deadly Poison","Flechettes"],"picked":"Poisoned Stab","floor":5},{"not_picked":["Accuracy","Deadly Poison"],"picked":"Quick Slash","floor":6},{"not_picked":["Calculated Gamble","Dodge and Roll"],"picked":"Flying Knee","floor":7},{"not_picked":["Underhanded Strike","Dodge and Roll"],"picked":"Poisoned Stab","floor":8},{"not_picked":["Eviscerate","Backflip"],"picked":"Noxious Fumes","floor":11},{"not_picked":["Bane","Caltrops"],"picked":"Quick Slash","floor":13},{"not_picked":["Blade Dance","Tools of the Trade"],"picked":"Leg Sweep","floor":14}],"player_experience":964839,"relics_obtained":[{"floor":6,"key":"Torii"},{"floor":9,"key":"Bottled Lightning"},{"floor":14,"key":"Ancient Tea Set"}],"event_choices":[{"event_name":"World of Goop","player_choice":"Left","floor":2,"damage_taken":0},{"event_name":"The Cleric","player_choice":"Leave","floor":3,"damage_taken":0},{"event_name":"Living Wall","player_choice":"Change","floor":4,"damage_taken":0}],"is_beta":true,"boss_relics":[],"items_purged_floors":[],"is_endless":false,"potions_floor_spawned":[5,7,8],"killed_by":"Hexaghost","ascension_level":15}