{"gold_per_floor":[364,364,382,108,119,119,36,36,36,46,62,90,31,31,31,108,108],"floor_reached":17,"playtime":686,"items_purged":["Strike_R"],"score":310,"play_id":"eb3a3c6a-22e8-4d7d-83ee-d03faba6a9c6","local_time":"20190320122548","is_ascension_mode":true,"campfire_choices":[{"data":"Apotheosis","floor":6.0,"key":"SMITH"},{"data":"Inflame","floor":8.0,"key":"SMITH"},{"data":"Inflame","floor":15.0,"key":"SMITH"}],"neow_cost":"PERCENT_DAMAGE","seed_source_timestamp":3891583633155,"circlet_count":0,"master_deck":["AscendersBane","Strike_R","Strike_R","Strike_R","Defend_R","Defend_R","Defend_R","Defend_R","Bash","Burning Pact","Apotheosis+1","Inflame+1","Dropkick","Reaper","Inflame+1","True Grit+1","Regret","Exhume+1"],"special_seed":0,"relics":["Burning Blood","Meat on the Bone","Toxic Egg 2","Question Card"],"potions_floor_usage":[16],"damage_taken":[{"damage":7.0,"enemies":"Cultist","floor":1.0,"turns":4.0},{"damage":5.0,"enemies":"Small Slimes","floor":3.0,"turns":4.0},{"damage":5.0,"enemies":"2 Louse","floor":5.0,"turns":4.0},{"damage":8.0,"enemies":"Blue Slaver","floor":10.0,"turns":4.0},{"damage":12.0,"enemies":"2 Fungi Beasts","floor":11.0,"turns":4.0},{"damage":24.0,"enemies":"Lagavulin","floor":12.0,"turns":6.0},{"damage":64,"enemies":"Hexaghost","floor":16,"turns":9}],"seed_played":"-8861417961422024864","potions_obtained":[{"floor":10.0,"key":"PowerPotion"},{"floor":11.0,"key":"Ancient Potion"}],"is_trial":false,"path_per_floor":["M","?","M","$","M","R","$","R","T","M","M","E","$","?","R","B",null],"character_chosen":"IRONCLAD","items_purchased":["Apotheosis","Dropkick","True Grit+1"],"campfire_rested":0,"item_purchase_floors":[4,7,13],"current_hp_per_floor":[49,49,50,50,51,51,51,51,51,49,55,49,49,49,49,19,19],"gold":108,"neow_bonus":"TWO_FIFTY_GOLD","is_prod":false,"is_daily":false,"chose_seed":false,"campfire_upgraded":3,"win_rate":0,"timestamp":1553055948,"path_taken":["M","?","?","$","M","R","$","R","T","M","M","E","?","?","R","BOSS"],"build_version":"2019-01-23","purchased_purges":1,"victory":false,"max_hp_per_floor":[75,75,75,75,75,75,75,75,75,75,75,75,75,75,75,75,75],"card_choices":[{"not_picked":["Anger","Twin Strike","Heavy Blade"],"picked":"SKIP","floor":1.0},{"not_picked":["Anger","True Grit"],"picked":"Burning Pact","floor":3.0},{"not_picked":["Spot Weakness","Pommel Strike"],"picked":"Inflame","floor":5.0},{"not_picked":["Havoc","Anger","Warcry"],"picked":"SKIP","floor":10.0},{"not_picked":["Pommel Strike","Feel No Pain"],"picked":"Reaper","floor":11.0},{"not_picked":["Clash","Rupture"],"picked":"Inflame","floor":12.0},{"not_picked":["Juggernaut","Brutality","Double Tap+1"],"picked":"Exhume+1","floor":16}],"player_experience":3744891,"relics_obtained":[{"floor":9.0,"key":"Meat on the Bone"},{"floor":12.0,"key":"Toxic Egg 2"}],"event_choices":[{"cards_removed":["Strike_R"],"damage_healed":0.0,"max_hp_gain":0.0,"max_hp_loss":0.0,"gold_gain":0.0,"event_name":"Purifier","player_choice":"Purged","floor":2.0,"gold_loss":0.0,"damage_taken":0.0},{"damage_healed":0.0,"max_hp_gain":0.0,"max_hp_loss":0.0,"gold_gain":0.0,"event_name":"Big Fish","player_choice":"Box","floor":14.0,"gold_loss":0.0,"damage_taken":0.0,"relics_obtained":["Question Card"],"cards_obtained":["Regret"]}],"is_beta":false,"boss_relics":[],"items_purged_floors":[4],"is_endless":false,"potions_floor_spawned":[10,11,12],"ascension_level":20}