{"gold_per_floor":[112,127,140,140,154,154,182,182,182,182,214,232,66,101,101,101],"floor_reached":16,"playtime":422,"items_purged":[],"score":240,"play_id":"efd493a1-8781-4bab-b032-4822f0bca141","local_time":"20190224005333","is_ascension_mode":true,"campfire_choices":[{"data":"Doom and Gloom","floor":6.0,"key":"SMITH"},{"data":"Go for the Eyes","floor":8.0,"key":"SMITH"},{"data":"Zap","floor":10.0,"key":"SMITH"},{"data":"Chaos","floor":15.0,"key":"SMITH"}],"neow_cost":"NONE","seed_source_timestamp":536206069857812,"circlet_count":0,"master_deck":["AscendersBane","Strike_B","Strike_B","Strike_B","Strike_B","Defend_B","Defend_B","Defend_B","Defend_B","Zap+1","Dualcast","Doom and Gloom+1","Leap","Go for the Eyes+1","Cold Snap","Glacier","Turbo","Reinforced Body","Self Repair","Chaos+1","Ball Lightning"],"special_seed":0,"relics":["Cracked Core","NeowsBlessing","Happy Flower","Mango","Letter Opener","Turnip","Toxic Egg 2"],"potions_floor_usage":[16],"damage_taken":[{"damage":0.0,"enemies":"2 Louse","floor":1.0,"turns":1.0},{"damage":0.0,"enemies":"Small Slimes","floor":2.0,"turns":1.0},{"damage":0.0,"enemies":"Jaw Worm","floor":3.0,"turns":1.0},{"damage":0.0,"enemies":"2 Fungi Beasts","floor":5.0,"turns":3.0},{"damage":27.0,"enemies":"Gremlin Nob","floor":7.0,"turns":5.0},{"damage":13.0,"enemies":"3 Sentries","floor":11.0,"turns":8.0},{"damage":0.0,"enemies":"Red Slaver","floor":12.0,"turns":2.0},{"damage":8.0,"enemies":"Lagavulin","floor":14.0,"turns":8.0},{"damage":21,"enemies":"Hexaghost","floor":16,"turns":9}],"seed_played":"-4389398663392014031","potions_obtained":[{"floor":3.0,"key":"Ancient Potion"},{"floor":5.0,"key":"SneckoOil"},{"floor":12.0,"key":"PowerPotion"},{"floor":14.0,"key":"Dexterity Potion"}],"is_trial":false,"path_per_floor":["M","M","M","?","M","R","E","R","T","R","E","M","$","E","R","B"],"character_chosen":"DEFECT","items_purchased":["Self Repair","Chaos"],"campfire_rested":0,"item_purchase_floors":[13,13],"current_hp_per_floor":[64,64,64,46,46,46,33,33,33,33,20,20,20,19,19,0],"gold":101,"neow_bonus":"THREE_ENEMY_KILL","is_prod":false,"is_daily":false,"chose_seed":false,"campfire_upgraded":4,"win_rate":0,"timestamp":1550940813,"path_taken":["M","M","M","?","M","R","E","R","T","R","E","M","$","E","R","BOSS"],"build_version":"2019-01-23","purchased_purges":0,"victory":false,"max_hp_per_floor":[71,71,71,71,71,71,85,85,85,85,85,85,85,85,85,85],"card_choices":[{"not_picked":["Hologram","Gash"],"picked":"Doom and Gloom","floor":1.0},{"not_picked":["Gash","Rebound"],"picked":"Leap","floor":2.0},{"not_picked":["Ball Lightning","Beam Cell"],"picked":"Go for the Eyes","floor":3.0},{"not_picked":["Rainbow","Aggregate"],"picked":"Cold Snap","floor":5.0},{"not_picked":["Meteor Strike","Rainbow"],"picked":"Glacier","floor":7.0},{"not_picked":["Gash","Heatsinks"],"picked":"Turbo","floor":11.0},{"not_picked":["Conserve Battery","Chill"],"picked":"Reinforced Body","floor":12.0},{"not_picked":["Gash","Beam Cell"],"picked":"Ball Lightning","floor":14.0}],"player_experience":958075,"relics_obtained":[{"floor":7.0,"key":"Mango"},{"floor":9.0,"key":"Letter Opener"},{"floor":11.0,"key":"Turnip"},{"floor":14.0,"key":"Toxic Egg 2"}],"event_choices":[{"damage_healed":0.0,"max_hp_gain":0.0,"max_hp_loss":0.0,"gold_gain":0.0,"event_name":"Scrap Ooze","player_choice":"Success","floor":4.0,"gold_loss":0.0,"damage_taken":18.0,"relics_obtained":["Happy Flower"]}],"is_beta":false,"boss_relics":[],"items_purged_floors":[],"is_endless":false,"potions_floor_spawned":[3,5,12,14],"killed_by":"Hexaghost","ascension_level":20}