{"gold_per_floor":[115,190,190,190,209,238,238,108,108,108,108,108,123,151,151,151],"floor_reached":16,"playtime":359,"items_purged":["Strike_G"],"score":262,"play_id":"909826d4-a87a-46ed-9d4c-654bb84f2616","local_time":"20190204194005","is_ascension_mode":true,"campfire_choices":[{"data":"Reflex","floor":7.0,"key":"SMITH"},{"data":"Neutralize","floor":10.0,"key":"SMITH"},{"data":"Infinite Blades","floor":15,"key":"SMITH"}],"neow_cost":"NONE","seed_source_timestamp":37776508516305,"circlet_count":0,"master_deck":["AscendersBane","Defend_G","Defend_G","Defend_G","Defend_G","Defend_G","Strike_G+1","Strike_G","Strike_G+1","Survivor","Neutralize+1","Reflex+1","Infinite Blades+1","Escape Plan","Night Terror+1","Prepared+1","Cloak And Dagger+1"],"special_seed":0,"relics":["Ring of the Snake","NeowsBlessing","Toxic Egg 2","Pear","Boot","Anchor"],"potions_floor_usage":[],"damage_taken":[{"damage":0.0,"enemies":"2 Louse","floor":1.0,"turns":1.0},{"damage":0.0,"enemies":"Jaw Worm","floor":5.0,"turns":1.0},{"damage":0.0,"enemies":"Gremlin Nob","floor":6.0,"turns":1.0},{"damage":1.0,"enemies":"Small Slimes","floor":13.0,"turns":5.0},{"damage":22,"enemies":"Lagavulin","floor":14,"turns":8},{"damage":0,"enemies":"Hexaghost","floor":16,"turns":7}],"seed_played":"-1532935093362973883","potions_obtained":[{"floor":1.0,"key":"Dexterity Potion"},{"floor":5.0,"key":"EssenceOfSteel"}],"is_trial":false,"path_per_floor":["M","?","?","?","M","E","R","$","T","R","?","?","M","E","R","B"],"character_chosen":"THE_SILENT","items_purchased":["Prepared+1"],"campfire_rested":0,"item_purchase_floors":[8],"current_hp_per_floor":[59,48,48,53,53,53,53,53,63,63,39,39,38,16,16,16],"gold":151,"neow_bonus":"THREE_ENEMY_KILL","is_prod":false,"is_daily":false,"chose_seed":false,"campfire_upgraded":3,"win_rate":0,"timestamp":1549280405,"path_taken":["M","?","?","?","M","E","R","$","T","R","?","?","M","E","R","BOSS"],"build_version":"2019-01-23","purchased_purges":1,"victory":false,"max_hp_per_floor":[66,66,66,71,71,71,71,71,81,81,81,81,81,81,81,81],"card_choices":[{"not_picked":["Endless Agony","Dodge and Roll"],"picked":"Reflex","floor":1.0},{"not_picked":["Poisoned Stab","Deadly Poison"],"picked":"Escape Plan","floor":5.0},{"not_picked":["PiercingWail","Cloak And Dagger"],"picked":"Night Terror","floor":6.0},{"not_picked":["Deflect+1","Slice","PiercingWail+1"],"picked":"SKIP","floor":13.0},{"not_picked":["Skewer","Catalyst+1"],"picked":"Cloak And Dagger+1","floor":14}],"player_experience":2519527,"relics_obtained":[{"floor":6.0,"key":"Toxic Egg 2"},{"floor":9.0,"key":"Pear"},{"floor":14,"key":"Anchor"}],"event_choices":[{"damage_healed":0.0,"max_hp_gain":0.0,"max_hp_loss":0.0,"gold_gain":75.0,"event_name":"World of Goop","player_choice":"Gather Gold","floor":2.0,"gold_loss":0.0,"damage_taken":11.0},{"damage_healed":0.0,"max_hp_gain":0.0,"max_hp_loss":0.0,"gold_gain":0.0,"cards_transformed":["Strike_G"],"event_name":"Living Wall","player_choice":"Change","floor":3.0,"gold_loss":0.0,"damage_taken":0.0,"cards_obtained":["Infinite Blades"]},{"damage_healed":0.0,"max_hp_gain":5.0,"max_hp_loss":0.0,"gold_gain":0.0,"event_name":"Big Fish","player_choice":"Donut","floor":4.0,"gold_loss":0.0,"damage_taken":0.0},{"damage_healed":0.0,"max_hp_gain":0.0,"max_hp_loss":0.0,"gold_gain":0.0,"event_name":"Shining Light","player_choice":"Entered Light","floor":11.0,"gold_loss":0.0,"damage_taken":24.0,"cards_upgraded":["Strike_G","Strike_G"]},{"damage_healed":0.0,"max_hp_gain":0.0,"max_hp_loss":0.0,"gold_gain":0.0,"event_name":"Dead Adventurer","player_choice":"Searched \u00271\u0027 times","floor":12.0,"gold_loss":0.0,"damage_taken":0.0,"relics_obtained":["Boot"]}],"is_beta":false,"boss_relics":[],"items_purged_floors":[8],"is_endless":false,"potions_floor_spawned":[1,5,13],"killed_by":"Hexaghost","ascension_level":20}