{"gold_per_floor":[118,136,61,61,61,61,87,87,140,153,153,167,167,187,187,261,261,276,114,114],"floor_reached":20,"playtime":505,"items_purged":[],"score":394,"play_id":"e51837c2-ca53-49a4-a2e3-d1b138d0481a","local_time":"20190224234825","is_ascension_mode":true,"campfire_choices":[{"data":"Well Laid Plans","floor":6,"key":"SMITH"},{"data":"Flechettes","floor":8,"key":"SMITH"},{"data":"Calculated Gamble","floor":11,"key":"SMITH"},{"data":"Caltrops","floor":15,"key":"SMITH"}],"neow_cost":"NONE","seed_source_timestamp":41581744788404,"circlet_count":0,"master_deck":["AscendersBane","Defend_G","Defend_G","Defend_G","Defend_G+1","Defend_G","Strike_G","Strike_G+1","Strike_G","Survivor","Neutralize","Calculated Gamble+1","Endless Agony","Well Laid Plans+1","Flechettes+1","Caltrops+1","Night Terror","Grand Finale"],"special_seed":0,"relics":["Ring of the Snake","NeowsBlessing","Centennial Puzzle","Art of War","Cursed Key"],"potions_floor_usage":[18],"damage_taken":[{"damage":0.0,"enemies":"Jaw Worm","floor":1.0,"turns":1.0},{"damage":0.0,"enemies":"Small Slimes","floor":2.0,"turns":1.0},{"damage":0,"enemies":"Gremlin Nob","floor":7,"turns":1},{"damage":0,"enemies":"Cultist","floor":10,"turns":2},{"damage":0,"enemies":"3 Louse","floor":12,"turns":4},{"damage":9,"enemies":"Red Slaver","floor":14,"turns":3},{"damage":34,"enemies":"Hexaghost","floor":16,"turns":10},{"damage":23,"enemies":"Chosen","floor":18,"turns":3},{"damage":0,"enemies":"3 Byrds","floor":20,"turns":2}],"seed_played":"3155002833575262019","potions_obtained":[{"floor":1.0,"key":"LiquidBronze"},{"floor":12,"key":"Ancient Potion"},{"floor":18,"key":"FearPotion"}],"is_trial":false,"path_per_floor":["M","M","?","?","?","R","E","R","T","M","R","M","?","M","R","B",null,"M","$","M"],"character_chosen":"THE_SILENT","items_purchased":["Grand Finale"],"campfire_rested":0,"item_purchase_floors":[19],"current_hp_per_floor":[59,59,59,39,39,39,39,39,39,39,39,39,44,35,35,1,54,31,31,31],"gold":114,"neow_bonus":"THREE_ENEMY_KILL","is_prod":false,"is_daily":false,"chose_seed":false,"campfire_upgraded":4,"win_rate":0,"timestamp":1551023305,"path_taken":["M","M","?","?","?","R","E","R","T","?","R","M","?","M","R","BOSS","M","$","M"],"build_version":"2019-01-23","purchased_purges":0,"victory":false,"max_hp_per_floor":[66,66,66,66,66,66,66,66,66,66,66,66,71,71,71,71,71,71,71,71],"card_choices":[{"not_picked":["Sucker Punch","Deflect"],"picked":"Calculated Gamble","floor":1.0},{"not_picked":["Blade Dance","Cloak And Dagger"],"picked":"Endless Agony","floor":2.0},{"not_picked":["Crippling Poison","Flechettes","Deflect"],"picked":"SKIP","floor":7},{"not_picked":["Crippling Poison","Deflect"],"picked":"Flechettes","floor":7},{"not_picked":["Cloak And Dagger","Skewer","Setup"],"picked":"SKIP","floor":10},{"not_picked":["Quick Slash","Cloak And Dagger","Dodge and Roll"],"picked":"SKIP","floor":12},{"not_picked":["PiercingWail","Phantasmal Killer"],"picked":"Caltrops","floor":14},{"not_picked":["Glass Knife","Adrenaline"],"picked":"Night Terror","floor":16},{"not_picked":["Distraction","Infinite Blades","Underhanded Strike"],"picked":"SKIP","floor":18}],"player_experience":3115904,"relics_obtained":[{"floor":7,"key":"Centennial Puzzle"},{"floor":9,"key":"Art of War"}],"event_choices":[{"cards_removed":["Strike_G"],"damage_healed":0.0,"max_hp_gain":0.0,"max_hp_loss":0.0,"gold_gain":0.0,"event_name":"The Cleric","player_choice":"Card Removal","floor":3.0,"gold_loss":75.0,"damage_taken":0.0},{"damage_healed":0.0,"max_hp_gain":0.0,"max_hp_loss":0.0,"gold_gain":0.0,"event_name":"Shining Light","player_choice":"Entered Light","floor":4.0,"gold_loss":0.0,"damage_taken":20.0,"cards_upgraded":["Defend_G","Strike_G"]},{"damage_healed":0,"gold_gain":0,"cards_transformed":["Strike_G"],"player_choice":"Transformed","damage_taken":0,"max_hp_gain":0,"max_hp_loss":0,"event_name":"Transmorgrifier","floor":5,"gold_loss":0,"cards_obtained":["Well Laid Plans"]},{"damage_healed":0,"gold_gain":0,"player_choice":"Donut","damage_taken":0,"max_hp_gain":5,"max_hp_loss":0,"event_name":"Big Fish","floor":13,"gold_loss":0}],"is_beta":false,"boss_relics":[{"not_picked":["Fusion Hammer","WristBlade"],"picked":"Cursed Key"}],"items_purged_floors":[],"is_endless":false,"potions_floor_spawned":[1,12,18],"killed_by":"3 Byrds","ascension_level":20}