{"gold_per_floor":[118,67,83,102,102,102,128,128,128,303,303,303,319,37,37,140,140,150,166,191,191,208,208,208,208,235,160,93,103,118,136,136,241,241,257,257,479,48,62,62,62,62,85,85,85,85,85,95,95,95],"floor_reached":51,"playtime":1658,"items_purged":["Doubt","Strike_G"],"score":681,"play_id":"1498ad91-2605-4b7b-9250-a126284938f2","local_time":"20181101185641","is_ascension_mode":false,"campfire_choices":[{"data":"Neutralize","floor":6.0,"key":"SMITH"},{"data":"Tools of the Trade","floor":8.0,"key":"SMITH"},{"data":"All Out Attack","floor":11.0,"key":"SMITH"},{"data":"Noxious Fumes","floor":15.0,"key":"SMITH"},{"data":"Well Laid Plans","floor":23.0,"key":"SMITH"},{"data":"Backflip","floor":25.0,"key":"SMITH"},{"data":"Footwork","floor":32.0,"key":"SMITH"},{"data":"Well Laid Plans","floor":40.0,"key":"SMITH"},{"data":"Forethought","floor":45,"key":"SMITH"},{"data":"All Out Attack","floor":49,"key":"SMITH"}],"neow_cost":"NONE","seed_source_timestamp":32102135478918,"circlet_count":0,"master_deck":["Defend_G","Defend_G","Defend_G","Defend_G","Defend_G","Strike_G","Survivor","Neutralize+1","Forethought+1","All Out Attack+1","All Out Attack+1","Tools of the Trade+1","Backflip+1","Noxious Fumes+1","Corpse Explosion+1","Catalyst+1","Dash+1","Well Laid Plans+1","Catalyst+1","Acrobatics+1","Footwork+1","PiercingWail+1","Grand Finale+1","Escape Plan+1","Well Laid Plans+1","Backflip+1","Secret Technique+1","Finesse+1","Apotheosis+1","Catalyst+1"],"special_seed":0,"relics":["Ring of the Snake","Pen Nib","Odd Mushroom","Meat on the Bone","Strawberry","Toxic Egg 2","Coffee Dripper","Red Mask","Molten Egg 2","Vajra","Empty Cage","Bottled Tornado","Bag of Marbles"],"potions_floor_usage":[50],"damage_taken":[{"damage":5.0,"enemies":"Small Slimes","floor":1.0,"turns":6.0},{"damage":0.0,"enemies":"2 Louse","floor":3.0,"turns":2.0},{"damage":0.0,"enemies":"Jaw Worm","floor":4.0,"turns":4.0},{"damage":4.0,"enemies":"The Mushroom Lair","floor":7.0,"turns":3.0},{"damage":2.0,"enemies":"Exordium Thugs","floor":13.0,"turns":4.0},{"damage":16.0,"enemies":"Slime Boss","floor":16.0,"turns":7.0},{"damage":27.0,"enemies":"Spheric Guardian","floor":18.0,"turns":7.0},{"damage":2.0,"enemies":"Shell Parasite","floor":19.0,"turns":2.0},{"damage":3.0,"enemies":"Masked Bandits","floor":20.0,"turns":3.0},{"damage":1.0,"enemies":"Cultist and Chosen","floor":22.0,"turns":4.0},{"damage":10.0,"enemies":"Snecko","floor":29.0,"turns":5.0},{"damage":0.0,"enemies":"Sentry and Sphere","floor":30.0,"turns":3.0},{"damage":14.0,"enemies":"Centurion and Healer","floor":31.0,"turns":4.0},{"damage":13.0,"enemies":"Automaton","floor":33.0,"turns":9.0},{"damage":0.0,"enemies":"Orb Walker","floor":35.0,"turns":3.0},{"damage":0.0,"enemies":"3 Darklings","floor":39.0,"turns":3.0},{"damage":0,"enemies":"Transient","floor":48,"turns":5},{"damage":7,"enemies":"Awakened One","floor":50,"turns":10}],"seed_played":"7497895508647092567","potions_obtained":[{"floor":3.0,"key":"Explosive Potion"},{"floor":4.0,"key":"Poison Potion"},{"floor":19.0,"key":"Strength Potion"},{"floor":22.0,"key":"Energy Potion"},{"floor":35.0,"key":"Explosive Potion"}],"is_trial":false,"path_per_floor":["M","$","M","M","?","R","?","R","T","?","R","T","M","$","R","B",null,"M","M","?","?","M","R","?","R","T","$","$","M","M","M","R","B",null,"M","?","?","$","M","R","$","?","T","?","R","?","$","M","R","B"],"character_chosen":"THE_SILENT","items_purchased":["Fire Potion","Noxious Fumes","Toxic Egg 2","Footwork","Well Laid Plans","Bottled Tornado"],"campfire_rested":0,"item_purchase_floors":[2,14,14,28,38,38],"current_hp_per_floor":[65,65,65,65,62,62,58,58,58,58,58,65,63,63,63,47,77,50,48,45,45,44,44,44,44,44,44,44,46,46,44,44,43,77,77,77,77,77,77,77,77,77,77,77,77,67,67,67,67,60],"gold":95,"neow_bonus":"RANDOM_COLORLESS","is_prod":false,"is_daily":false,"chose_seed":false,"campfire_upgraded":10,"win_rate":0,"timestamp":1541069801,"path_taken":["M","$","M","M","?","R","?","R","T","?","R","?","M","$","R","BOSS","M","M","?","?","?","R","?","R","T","?","$","?","M","M","R","BOSS","M","?","?","?","?","R","$","?","T","?","R","?","?","M","R","BOSS"],"build_version":"2018-10-25v2","purchased_purges":2,"victory":true,"max_hp_per_floor":[70,70,70,70,70,70,70,70,70,70,70,77,77,77,77,77,77,77,77,77,77,77,77,77,77,77,77,77,77,77,77,77,77,77,77,77,77,77,77,77,77,77,77,77,77,77,77,77,77,77],"card_choices":[{"not_picked":["Dagger Spray","Deflect"],"picked":"All Out Attack","floor":1.0},{"not_picked":["Reflex","Underhanded Strike","Eviscerate"],"picked":"SKIP","floor":3.0},{"not_picked":["Sucker Punch","Prepared"],"picked":"All Out Attack","floor":4.0},{"not_picked":["Outmaneuver","Slice"],"picked":"Tools of the Trade","floor":7.0},{"not_picked":["Deflect","Underhanded Strike"],"picked":"Backflip","floor":13.0},{"not_picked":["Venomology+1","Doppelganger+1"],"picked":"Corpse Explosion+1","floor":16.0},{"not_picked":["Sucker Punch","Expertise+1"],"picked":"Catalyst+1","floor":18.0},{"not_picked":["Underhanded Strike+1","Acrobatics+1"],"picked":"Dash+1","floor":19.0},{"not_picked":["Backflip+1","Distraction+1"],"picked":"Well Laid Plans","floor":20.0},{"not_picked":["Predator","Flying Knee"],"picked":"Acrobatics+1","floor":22.0},{"not_picked":["Blade Dance+1","Flechettes+1"],"picked":"PiercingWail+1","floor":29.0},{"not_picked":["Caltrops+1","Backstab+1","Endless Agony+1"],"picked":"SKIP","floor":30.0},{"not_picked":["Flying Knee+1","Underhanded Strike+1","Poisoned Stab+1"],"picked":"SKIP","floor":31.0},{"not_picked":["Phantasmal Killer+1","Glass Knife+1"],"picked":"Grand Finale+1","floor":33.0},{"not_picked":["Noxious Fumes","Backstab+1"],"picked":"Escape Plan+1","floor":35.0},{"not_picked":["Bane+1","Outmaneuver+1"],"picked":"Backflip+1","floor":39.0},{"not_picked":["Deep Breath+1","PanicButton+1"],"picked":"Secret Technique+1","floor":46},{"not_picked":["Panacea+1","Metamorphosis+1"],"picked":"Finesse+1","floor":46},{"not_picked":["Flash of Steel+1","Good Instincts+1"],"picked":"Apotheosis+1","floor":46},{"not_picked":["PiercingWail+1","Footwork+1"],"picked":"Catalyst+1","floor":48}],"player_experience":818245,"relics_obtained":[{"floor":7.0,"key":"Odd Mushroom"},{"floor":9.0,"key":"Meat on the Bone"},{"floor":12.0,"key":"Strawberry"},{"floor":20.0,"key":"Red Mask"},{"floor":26.0,"key":"Vajra"},{"floor":43,"key":"Bag of Marbles"}],"event_choices":[{"damage_healed":0.0,"max_hp_gain":0.0,"max_hp_loss":0.0,"gold_gain":0.0,"event_name":"Scrap Ooze","player_choice":"Success","floor":5.0,"gold_loss":0.0,"damage_taken":3.0,"relics_obtained":["Pen Nib"]},{"damage_healed":0.0,"max_hp_gain":0.0,"max_hp_loss":0.0,"gold_gain":0.0,"event_name":"Mushrooms","player_choice":"Fought Mushrooms","floor":7.0,"gold_loss":0.0,"damage_taken":0.0},{"damage_healed":0.0,"max_hp_gain":0.0,"max_hp_loss":0.0,"gold_gain":175.0,"event_name":"Liars Game","player_choice":"AGREE","floor":10.0,"gold_loss":0.0,"damage_taken":0.0,"cards_obtained":["Doubt"]},{"damage_healed":0.0,"max_hp_gain":0.0,"max_hp_loss":0.0,"gold_gain":0.0,"event_name":"Masked Bandits","player_choice":"Fought Bandits","floor":20.0,"gold_loss":0.0,"damage_taken":0.0},{"damage_healed":0.0,"max_hp_gain":0.0,"max_hp_loss":0.0,"gold_gain":0.0,"event_name":"The Library","player_choice":"Read","floor":21.0,"gold_loss":0.0,"damage_taken":0.0,"cards_obtained":["Catalyst"]},{"damage_healed":0.0,"max_hp_gain":0.0,"max_hp_loss":0.0,"gold_gain":0.0,"event_name":"The Mausoleum","player_choice":"Opened","floor":24.0,"gold_loss":0.0,"damage_taken":0.0,"relics_obtained":["Molten Egg 2"]},{"cards_removed":["Strike_G"],"damage_healed":0.0,"max_hp_gain":0.0,"max_hp_loss":0.0,"gold_gain":0.0,"event_name":"Falling","player_choice":"Removed Attack","floor":36.0,"gold_loss":0.0,"damage_taken":0.0},{"damage_healed":0.0,"max_hp_gain":0.0,"max_hp_loss":0.0,"gold_gain":222.0,"event_name":"Tomb of Lord Red Mask","player_choice":"Wore Mask","floor":37.0,"gold_loss":0.0,"damage_taken":0.0},{"damage_healed":0,"gold_gain":0,"player_choice":"Leave","damage_taken":0,"max_hp_gain":0,"max_hp_loss":0,"event_name":"FaceTrader","floor":42,"gold_loss":0},{"damage_healed":0,"gold_gain":0,"player_choice":"Bought 0 Potions","damage_taken":0,"max_hp_gain":0,"max_hp_loss":0,"event_name":"The Woman in Blue","floor":44,"gold_loss":0},{"damage_healed":0,"gold_gain":0,"player_choice":"Memory 3","damage_taken":10,"max_hp_gain":0,"max_hp_loss":0,"event_name":"SensoryStone","floor":46,"gold_loss":0}],"is_beta":false,"boss_relics":[{"not_picked":["Fusion Hammer","Lizard Tail"],"picked":"Coffee Dripper"},{"not_picked":["Orrery","Ring of the Serpent"],"picked":"Empty Cage"}],"items_purged_floors":[27,38],"is_endless":false,"potions_floor_spawned":[3,4,13,19,22,31,33,35],"ascension_level":0}