{"gold_per_floor":[111,36,55,80,92,137,162,204,242,254,295,324,346,1,1,1],"floor_reached":16,"playtime":298,"items_purged":["Strike_G","Strike_G"],"score":270,"play_id":"f17beb2b-6814-432b-8fa5-891c8119f5f5","local_time":"20190719101436","is_ascension_mode":true,"campfire_choices":[{"data":"Deadly Poison","floor":10,"key":"SMITH"},{"data":"Calculated Gamble","floor":15,"key":"SMITH"}],"neow_cost":"NONE","seed_source_timestamp":1040966961726306,"circlet_count":0,"master_deck":["AscendersBane","Strike_G","Strike_G","Strike_G","Defend_G","Defend_G","Defend_G","Defend_G","Defend_G","Survivor","Neutralize","Distraction","Deadly Poison+1","Calculated Gamble+1","Backflip","Concentrate"],"relics":["Ring of the Snake","NeowsBlessing","MawBank","Letter Opener","Gremlin Horn","Blood Vial","Anchor","Regal Pillow","Art of War"],"potions_floor_usage":[11],"damage_taken":[{"damage":0,"enemies":"Cultist","floor":1,"turns":1},{"damage":0,"enemies":"Small Slimes","floor":3,"turns":1},{"damage":0,"enemies":"3 Sentries","floor":6,"turns":1},{"damage":2,"enemies":"2 Louse","floor":7,"turns":3},{"damage":24,"enemies":"Lagavulin","floor":11,"turns":8},{"damage":0,"enemies":"Blue Slaver","floor":12,"turns":4},{"damage":1,"enemies":"Large Slime","floor":13,"turns":6},{"damage":21,"enemies":"The Guardian","floor":16,"turns":2}],"seed_played":"3323328057356075893","potions_obtained":[{"floor":3,"key":"Fire Potion"},{"floor":6,"key":"Explosive Potion"},{"floor":12,"key":"EssenceOfSteel"}],"is_trial":false,"path_per_floor":["M","$","M","T","?","E","M","?","T","R","E","M","M","$","R","B"],"character_chosen":"THE_SILENT","items_purchased":["Art of War","Concentrate"],"campfire_rested":0,"item_purchase_floors":[14,14],"current_hp_per_floor":[59,59,59,59,33,33,31,31,31,31,9,11,12,12,12,0],"gold":1,"neow_bonus":"THREE_ENEMY_KILL","is_prod":false,"is_daily":false,"chose_seed":false,"campfire_upgraded":2,"win_rate":0,"timestamp":1563502476,"path_taken":["M","$","M","?","?","E","M","?","T","R","E","?","M","$","R","BOSS"],"build_version":"2019-07-17","purchased_purges":2,"victory":false,"max_hp_per_floor":[66,66,66,66,66,66,66,66,66,66,66,66,66,66,66,66],"card_choices":[{"not_picked":["Cloak And Dagger","Accuracy"],"picked":"Distraction","floor":1},{"not_picked":["Slice","Blade Dance","All Out Attack"],"picked":"SKIP","floor":3},{"not_picked":["Sucker Punch","Distraction"],"picked":"Deadly Poison","floor":6},{"not_picked":["Endless Agony","Dagger Throw","Poisoned Stab"],"picked":"SKIP","floor":7},{"not_picked":["Skewer","Phantasmal Killer"],"picked":"Calculated Gamble","floor":11},{"not_picked":["Cloak And Dagger","Flechettes","Blade Dance"],"picked":"SKIP","floor":12},{"not_picked":["Leg Sweep","Dagger Throw"],"picked":"Backflip","floor":13}],"player_experience":1626266,"relics_obtained":[{"floor":4,"key":"MawBank"},{"floor":6,"key":"Gremlin Horn"},{"floor":9,"key":"Anchor"},{"floor":11,"key":"Regal Pillow"}],"event_choices":[{"damage_healed":0,"gold_gain":0,"player_choice":"Success","damage_taken":26,"relics_obtained":["Letter Opener"],"max_hp_gain":0,"max_hp_loss":0,"event_name":"Scrap Ooze","floor":5,"gold_loss":0},{"damage_healed":0,"gold_gain":30,"player_choice":"Searched \u00273\u0027 times","damage_taken":0,"relics_obtained":["Blood Vial"],"max_hp_gain":0,"max_hp_loss":0,"event_name":"Dead Adventurer","floor":8,"gold_loss":0}],"is_beta":false,"boss_relics":[],"items_purged_floors":[2,14],"is_endless":false,"potions_floor_spawned":[3,6,12,13],"killed_by":"The Guardian","ascension_level":20}