{"gold_per_floor":[113,163,175,56,71,71,97,97,97,97,116,145,59,59,59,152,152,170,170,193,217,217,217,217,85,132,132,202,225,260,185,185,281,281,305,323,12,12,27,66,66,66,66,90,126,150,184,211,211,211,211,211,211,29,69,69],"floor_reached":57,"playtime":2533,"items_purged":["Pain","Zap","Chaos"],"score":2897,"play_id":"49711d90-739b-4f86-9a61-17d58c064549","local_time":"20190512075255","is_ascension_mode":true,"campfire_choices":[{"data":"Sunder","floor":6.0,"key":"SMITH"},{"data":"Defragment","floor":8.0,"key":"SMITH"},{"data":"Defragment","floor":10.0,"key":"SMITH"},{"data":"Defragment","floor":15.0,"key":"SMITH"},{"floor":23.0,"key":"REST"},{"data":"Biased Cognition","floor":27.0,"key":"SMITH"},{"floor":32.0,"key":"RECALL"},{"data":"Recycle","floor":41.0,"key":"SMITH"},{"floor":49.0,"key":"REST"},{"data":"Turbo","floor":53.0,"key":"SMITH"}],"neow_cost":"TEN_PERCENT_HP_LOSS","seed_source_timestamp":1516756765330,"circlet_count":0,"master_deck":["AscendersBane","Dualcast","Core Surge","Cold Snap","Defragment+1","Sunder+1","Defragment+1","Defragment+1","Ball Lightning","Cold Snap","Recycle+1","Reboot","Ball Lightning","Rainbow","Ball Lightning","Biased Cognition+1","Biased Cognition","Storm","Buffer","Heatsinks","Self Repair","Core Surge","Capacitor","Defragment+1","Defragment","Conserve Battery+1","Hologram+1","Turbo+1"],"special_seed":0,"relics":["Cracked Core","Dodecahedron","Orichalcum","Pen Nib","Golden Idol","Pandora\u0027s Box","WarpedTongs","Matryoshka","Ancient Tea Set","Centennial Puzzle","Tiny Chest","Bag of Marbles","Black Star","OrangePellets","Kunai","Bag of Preparation","Potion Belt","Frozen Egg 2","Vajra","Juzu Bracelet","Blood Vial","Regal Pillow","Sundial"],"potions_floor_usage":[56],"damage_taken":[{"damage":8.0,"enemies":"Small Slimes","floor":1.0,"turns":3.0},{"damage":0.0,"enemies":"Cultist","floor":3.0,"turns":3.0},{"damage":2.0,"enemies":"Jaw Worm","floor":5.0,"turns":3.0},{"damage":12.0,"enemies":"3 Sentries","floor":7.0,"turns":5.0},{"damage":9.0,"enemies":"Gremlin Gang","floor":11.0,"turns":3.0},{"damage":11.0,"enemies":"Lagavulin","floor":12.0,"turns":5.0},{"damage":8.0,"enemies":"The Guardian","floor":16.0,"turns":10.0},{"damage":17.0,"enemies":"2 Thieves","floor":18.0,"turns":4.0},{"damage":5.0,"enemies":"Spheric Guardian","floor":20.0,"turns":3.0},{"damage":8.0,"enemies":"Snake Plant","floor":21.0,"turns":3.0},{"damage":2.0,"enemies":"Slavers","floor":28.0,"turns":3.0},{"damage":6.0,"enemies":"Cultist and Chosen","floor":29.0,"turns":3.0},{"damage":11.0,"enemies":"Gremlin Leader","floor":30.0,"turns":6.0},{"damage":10.0,"enemies":"Champ","floor":33.0,"turns":6.0},{"damage":10.0,"enemies":"3 Shapes","floor":35.0,"turns":3.0},{"damage":8.0,"enemies":"Orb Walker","floor":36.0,"turns":2.0},{"damage":15.0,"enemies":"Spire Growth","floor":39.0,"turns":4.0},{"damage":7.0,"enemies":"Giant Head","floor":40.0,"turns":7.0},{"damage":0.0,"enemies":"Jaw Worm Horde","floor":44.0,"turns":3.0},{"damage":8.0,"enemies":"Reptomancer","floor":45.0,"turns":6.0},{"damage":0.0,"enemies":"3 Darklings","floor":46.0,"turns":6.0},{"damage":39.0,"enemies":"Nemesis","floor":47.0,"turns":9.0},{"damage":29.0,"enemies":"Time Eater","floor":50.0,"turns":13.0},{"damage":0.0,"enemies":"Awakened One","floor":51.0,"turns":24.0},{"damage":20.0,"enemies":"Shield and Spear","floor":55.0,"turns":9.0},{"damage":34,"enemies":"The Heart","floor":56,"turns":10}],"seed_played":"-7220234405822085385","potions_obtained":[{"floor":3.0,"key":"Regen Potion"},{"floor":5.0,"key":"Fire Potion"},{"floor":7.0,"key":"Poison Potion"},{"floor":20.0,"key":"Block Potion"},{"floor":21.0,"key":"Regen Potion"},{"floor":30.0,"key":"EssenceOfSteel"},{"floor":33.0,"key":"Poison Potion"},{"floor":44.0,"key":"Fire Potion"}],"is_trial":false,"path_per_floor":["M","?","M","$","M","R","E","R","T","R","M","E","$","?","R","B",null,"M","?","M","M","?","R","T","$","T","R","E","M","E","?","R","B",null,"M","M","$","?","M","E","R","$","T","M","E","M","E","T","R","B","B",null,"R","$","E","B",null],"character_chosen":"DEFECT","items_purchased":["Defragment","Sunder","Recycle","Weak Potion","OrangePellets","Energy Potion"],"campfire_rested":2,"item_purchase_floors":[4,4,13,25,37,54],"current_hp_per_floor":[56,50,50,50,48,48,50,50,50,50,41,30,30,30,30,22,49,32,32,27,19,19,36,36,36,36,36,43,37,26,26,26,26,50,50,42,42,42,27,30,30,30,30,37,36,43,11,11,43,26,38,53,53,53,35,10],"gold":69,"neow_bonus":"THREE_RARE_CARDS","is_prod":false,"is_daily":false,"chose_seed":false,"campfire_upgraded":7,"win_rate":0,"timestamp":1557618775,"path_taken":["M","?","?","$","M","R","E","R","T","R","M","E","$","?","R","BOSS","M","?","?","M","?","R","?","$","T","R","E","M","E","?","R","BOSS","M","M","$","?","?","E","R","?","T","M","E","M","E","?","R","BOSS","BOSS","R","$","E","BOSS"],"build_version":"2019-01-23","purchased_purges":3,"victory":true,"max_hp_per_floor":[64,64,64,64,64,64,64,64,64,64,64,64,64,58,58,58,58,58,58,58,58,58,58,58,58,58,58,58,58,58,58,58,58,58,58,58,58,58,58,58,58,58,58,58,58,58,58,58,58,58,58,58,58,58,58,58],"card_choices":[{"not_picked":["Thunder Strike","Rainbow"],"picked":"Core Surge","floor":0.0},{"not_picked":["Beam Cell","Compile Driver"],"picked":"Cold Snap","floor":1.0},{"not_picked":["Doom and Gloom","Go for the Eyes","Barrage"],"picked":"SKIP","floor":3.0},{"not_picked":["Lockon","Barrage"],"picked":"Defragment","floor":5.0},{"not_picked":["Compile Driver","Coolheaded"],"picked":"Defragment","floor":7.0},{"not_picked":["Tempest","Compile Driver"],"picked":"Ball Lightning","floor":11.0},{"not_picked":["Leap","Compile Driver"],"picked":"Cold Snap","floor":12.0},{"not_picked":["Hyperbeam","Machine Learning"],"picked":"Reboot","floor":16.0},{"not_picked":["Sweeping Beam","Redo","Ball Lightning"],"picked":"SKIP","floor":18.0},{"not_picked":["Stack","Streamline+1","Sweeping Beam"],"picked":"SKIP","floor":20.0},{"not_picked":["Blizzard","Redo","Darkness"],"picked":"SKIP","floor":21.0},{"not_picked":["Go for the Eyes","Fusion"],"picked":"Buffer","floor":28.0},{"not_picked":["Sweeping Beam","Aggregate+1"],"picked":"Heatsinks","floor":29.0},{"not_picked":["Redo","Genetic Algorithm"],"picked":"Self Repair","floor":30.0},{"not_picked":["Fission","Electrodynamics"],"picked":"Core Surge","floor":33.0},{"not_picked":["Barrage","Blizzard+1"],"picked":"Capacitor","floor":35.0},{"not_picked":["Stack","Streamline","Sweeping Beam"],"picked":"SKIP","floor":36.0},{"not_picked":["Capacitor","Conserve Battery"],"picked":"Defragment+1","floor":39.0},{"not_picked":["Aggregate","Rebound+1"],"picked":"Defragment","floor":40.0},{"not_picked":["Cold Snap","Stack"],"picked":"Conserve Battery+1","floor":44.0},{"not_picked":["Leap+1","Auto Shields","Rebound"],"picked":"SKIP","floor":45.0},{"not_picked":["Static Discharge+1","Undo"],"picked":"Hologram+1","floor":46.0},{"not_picked":["All For One","Coolheaded"],"picked":"Turbo","floor":47.0}],"player_experience":4708171,"relics_obtained":[{"floor":7.0,"key":"Dodecahedron"},{"floor":9.0,"key":"Orichalcum"},{"floor":12.0,"key":"Pen Nib"},{"floor":24.0,"key":"Matryoshka"},{"floor":26.0,"key":"Ancient Tea Set"},{"floor":26.0,"key":"Centennial Puzzle"},{"floor":28.0,"key":"Tiny Chest"},{"floor":30.0,"key":"Bag of Marbles"},{"floor":40.0,"key":"Kunai"},{"floor":40.0,"key":"Bag of Preparation"},{"floor":43.0,"key":"Potion Belt"},{"floor":45.0,"key":"Frozen Egg 2"},{"floor":45.0,"key":"Vajra"},{"floor":47.0,"key":"Juzu Bracelet"},{"floor":47.0,"key":"Blood Vial"},{"floor":48.0,"key":"Regal Pillow"},{"floor":55.0,"key":"Sundial"}],"event_choices":[{"damage_healed":0.0,"max_hp_gain":0.0,"max_hp_loss":0.0,"gold_gain":50.0,"event_name":"FaceTrader","player_choice":"Touch","floor":2.0,"gold_loss":0.0,"damage_taken":6.0},{"damage_healed":0.0,"max_hp_gain":0.0,"max_hp_loss":6.0,"gold_gain":0.0,"event_name":"Golden Idol","player_choice":"Lose Max HP","floor":14.0,"gold_loss":0.0,"damage_taken":0.0,"relics_obtained":["Golden Idol"]},{"damage_healed":0.0,"max_hp_gain":0.0,"max_hp_loss":0.0,"gold_gain":0.0,"event_name":"Accursed Blacksmith","player_choice":"Rummage","floor":19.0,"gold_loss":0.0,"damage_taken":0.0,"relics_obtained":["WarpedTongs"],"cards_obtained":["Pain"]},{"damage_healed":0.0,"max_hp_gain":0.0,"max_hp_loss":0.0,"gold_gain":0.0,"event_name":"Cursed Tome","player_choice":"Ignored","floor":22.0,"gold_loss":0.0,"damage_taken":0.0},{"cards_removed":["Streamline"],"damage_healed":0.0,"max_hp_gain":0.0,"max_hp_loss":0.0,"gold_gain":0.0,"event_name":"Beggar","player_choice":"Gave Gold","floor":31.0,"gold_loss":75.0,"damage_taken":0.0},{"damage_healed":0.0,"max_hp_gain":0.0,"max_hp_loss":0.0,"gold_gain":0.0,"event_name":"SecretPortal","player_choice":"Ignored","floor":38.0,"gold_loss":0.0,"damage_taken":0.0}],"is_beta":false,"boss_relics":[{"not_picked":["Runic Dome","Coffee Dripper"],"picked":"Pandora\u0027s Box"},{"not_picked":["Eternal Feather","Nuclear Battery"],"picked":"Black Star"}],"items_purged_floors":[25,37,54],"is_endless":false,"potions_floor_spawned":[3,5,7,20,21,30,33,39,44],"ascension_level":20}