{"gold_per_floor":[114,134,134,84,98,133,133,160,207,240,240,340,159,177,177,272,272,286,286],"floor_reached":19,"playtime":1070,"items_purged":["Strike_G"],"score":296,"play_id":"d6c8cae6-cb66-4fd9-87aa-fc1dd3c8bff9","local_time":"20190803221229","is_ascension_mode":true,"campfire_choices":[{"data":"Terror","floor":7.0,"key":"SMITH"},{"floor":11.0,"key":"REST"},{"data":"Infinite Blades","floor":15.0,"key":"SMITH"}],"neow_cost":"NONE","seed_source_timestamp":11384771730017,"circlet_count":0,"master_deck":["AscendersBane","Survivor","Neutralize+1","Poisoned Stab","Poisoned Stab","Dagger Spray","Terror+1","Poisoned Stab","Caltrops","Infinite Blades+1","Blur","Escape Plan","Adrenaline","Caltrops","Underhanded Strike","Acrobatics","Bouncing Flask","Flechettes","Grand Finale","Footwork","Night Terror","Footwork"],"special_seed":0,"relics":["Ring of the Snake","Shuriken","Happy Flower","Lantern","Unceasing Top","Pandora\u0027s Box"],"potions_floor_usage":[16],"damage_taken":[{"damage":0.0,"enemies":"2 Louse","floor":1.0,"turns":3.0},{"damage":0.0,"enemies":"Cultist","floor":2.0,"turns":4.0},{"damage":1.0,"enemies":"Jaw Worm","floor":5.0,"turns":4.0},{"damage":29.0,"enemies":"3 Sentries","floor":6.0,"turns":8.0},{"damage":10.0,"enemies":"Lagavulin","floor":8.0,"turns":5.0},{"damage":10.0,"enemies":"Gremlin Nob","floor":10.0,"turns":3.0},{"damage":0.0,"enemies":"Blue Slaver","floor":14.0,"turns":3.0},{"damage":32,"enemies":"Slime Boss","floor":16,"turns":9},{"damage":37,"enemies":"2 Thieves","floor":18,"turns":4},{"damage":16,"enemies":"Spheric Guardian","floor":19,"turns":3}],"seed_played":"-835168822422522185","potions_obtained":[{"floor":5.0,"key":"SpeedPotion"},{"floor":8.0,"key":"GamblersBrew"},{"floor":14.0,"key":"Poison Potion"}],"is_trial":false,"path_per_floor":["M","M","?","?","M","E","R","E","T","E","R","?","$","M","R","B",null,"M","M"],"character_chosen":"THE_SILENT","items_purchased":["Infinite Blades","Blur"],"campfire_rested":1,"item_purchase_floors":[13,13],"current_hp_per_floor":[63,63,63,63,62,33,33,23,23,13,34,34,34,34,34,2,53,16,0],"gold":286,"neow_bonus":"UPGRADE_CARD","is_prod":false,"is_daily":false,"chose_seed":false,"campfire_upgraded":2,"win_rate":0,"timestamp":1564884749,"path_taken":["M","M","?","?","M","E","R","E","T","E","R","?","$","M","R","BOSS","M","?"],"build_version":"2019-07-17","purchased_purges":1,"victory":false,"max_hp_per_floor":[70,70,70,70,70,70,70,70,70,70,70,70,70,70,70,70,70,70,70],"card_choices":[{"not_picked":["Riddle With Holes","Backflip"],"picked":"Poisoned Stab","floor":1.0},{"not_picked":["Expertise","Distraction"],"picked":"Poisoned Stab","floor":2.0},{"not_picked":["Flechettes","Flying Knee"],"picked":"Dagger Spray","floor":5.0},{"not_picked":["Flechettes","Doppelganger"],"picked":"Terror","floor":6.0},{"not_picked":["Terror","Sucker Punch"],"picked":"Poisoned Stab","floor":8.0},{"not_picked":["Reflex","Dagger Spray"],"picked":"Caltrops","floor":10.0},{"not_picked":["Bane","Outmaneuver"],"picked":"Escape Plan","floor":14.0},{"not_picked":["Phantasmal Killer","Envenom"],"picked":"Adrenaline","floor":16},{"not_picked":["Backflip","Flying Knee"],"picked":"Footwork","floor":18}],"player_experience":459792,"relics_obtained":[{"floor":6.0,"key":"Shuriken"},{"floor":8.0,"key":"Happy Flower"},{"floor":9.0,"key":"Lantern"},{"floor":10.0,"key":"Unceasing Top"}],"event_choices":[{"damage_healed":0.0,"max_hp_gain":0.0,"max_hp_loss":0.0,"gold_gain":0.0,"event_name":"Liars Game","player_choice":"Ignored","floor":3.0,"gold_loss":0.0,"damage_taken":0.0},{"cards_removed":["Strike_G"],"damage_healed":0.0,"max_hp_gain":0.0,"max_hp_loss":0.0,"gold_gain":0.0,"event_name":"The Cleric","player_choice":"Card Removal","floor":4.0,"gold_loss":50.0,"damage_taken":0.0},{"damage_healed":0.0,"max_hp_gain":0.0,"max_hp_loss":0.0,"gold_gain":100.0,"event_name":"Golden Shrine","player_choice":"Pray","floor":12.0,"gold_loss":0.0,"damage_taken":0.0}],"is_beta":false,"boss_relics":[{"not_picked":["Runic Pyramid","Runic Dome"],"picked":"Pandora\u0027s Box"}],"items_purged_floors":[13],"is_endless":false,"potions_floor_spawned":[5,8,14],"killed_by":"Spheric Guardian","ascension_level":12}