{"gold_per_floor":[119,44,44,44,60,60,93,93,123,123,159,173,173,173,173,263,263,287,307,332,232,266,309,330,330,412,412,431,431,27,66,66,162,162,176,101,124,142,475,510,520,520,520,520,537,561,283,309,309,309,309,309,309,30,60,60],"floor_reached":56,"playtime":1825,"items_purged":["Defend_R","Defend_R","Defend_R","Bash+1"],"score":2127,"play_id":"f72fc62e-2c39-45e1-b80a-8fc80bc14c7b","local_time":"20181219232948","is_ascension_mode":true,"campfire_choices":[{"data":"Perfected Strike","floor":6.0,"key":"SMITH"},{"data":"Perfected Strike","floor":8.0,"key":"SMITH"},{"data":"Bash","floor":10.0,"key":"SMITH"},{"data":"Pommel Strike","floor":13.0,"key":"SMITH"},{"data":"Evolve","floor":15.0,"key":"SMITH"},{"data":"Double Tap","floor":25.0,"key":"SMITH"},{"floor":29.0,"key":"RECALL"},{"data":"Trip","floor":32.0,"key":"SMITH"},{"data":"Double Tap","floor":42.0,"key":"SMITH"},{"data":"Second Wind","floor":49.0,"key":"SMITH"},{"data":"Strike_R","floor":53.0,"key":"SMITH"}],"neow_cost":"NONE","seed_source_timestamp":9709128843188,"circlet_count":0,"master_deck":["AscendersBane","Strike_R+1","Strike_R","Strike_R","Strike_R","Strike_R","Perfected Strike+1","Perfected Strike+1","Pommel Strike+1","Evolve+1","Double Tap+1","Power Through+1","Trip+1","Double Tap+1","Perfected Strike+1","Second Wind+1","Dropkick","Discovery","Corruption","Shrug It Off","Disarm"],"special_seed":0,"relics":["Burning Blood","NeowsBlessing","Lantern","Tiny Chest","FossilizedHelix","Singing Bowl","Philosopher\u0027s Stone","Red Mask","Ornamental Fan","Membership Card","Happy Flower","PreservedInsect","Runic Pyramid","Pen Nib","Pantograph","Red Skull","Centennial Puzzle","Vajra","Dream Catcher","Bag of Preparation","Pocketwatch"],"potions_floor_usage":[55,56],"damage_taken":[{"damage":0.0,"enemies":"Small Slimes","floor":1.0,"turns":1.0},{"damage":0.0,"enemies":"2 Louse","floor":5.0,"turns":1.0},{"damage":0.0,"enemies":"Lagavulin","floor":7.0,"turns":1.0},{"damage":8.0,"enemies":"Gremlin Nob","floor":11.0,"turns":3.0},{"damage":0.0,"enemies":"Jaw Worm","floor":12.0,"turns":1.0},{"damage":48.0,"enemies":"The Guardian","floor":16.0,"turns":7.0},{"damage":0.0,"enemies":"Shell Parasite","floor":18.0,"turns":3.0},{"damage":0.0,"enemies":"Spheric Guardian","floor":19.0,"turns":1.0},{"damage":11.0,"enemies":"Snecko","floor":20.0,"turns":4.0},{"damage":0.0,"enemies":"Masked Bandits","floor":22.0,"turns":3.0},{"damage":0.0,"enemies":"Gremlin Leader","floor":23.0,"turns":3.0},{"damage":7.0,"enemies":"Centurion and Healer","floor":24.0,"turns":4.0},{"damage":0.0,"enemies":"Cultist and Chosen","floor":28.0,"turns":3.0},{"damage":8.0,"enemies":"Book of Stabbing","floor":31.0,"turns":3.0},{"damage":68.0,"enemies":"Collector","floor":33.0,"turns":5.0},{"damage":0.0,"enemies":"3 Shapes","floor":35.0,"turns":2.0},{"damage":29.0,"enemies":"3 Darklings","floor":37.0,"turns":3.0},{"damage":0.0,"enemies":"Transient","floor":38.0,"turns":6.0},{"damage":0.0,"enemies":"Reptomancer","floor":40.0,"turns":2.0},{"damage":0.0,"enemies":"Sphere and 2 Shapes","floor":41.0,"turns":3.0},{"damage":5.0,"enemies":"Writhing Mass","floor":45.0,"turns":3.0},{"damage":56.0,"enemies":"Time Eater","floor":50.0,"turns":7.0},{"damage":49.0,"enemies":"Awakened One","floor":51.0,"turns":10.0},{"damage":0,"enemies":"Shield and Spear","floor":55,"turns":5},{"damage":93,"enemies":"The Heart","floor":56,"turns":5}],"seed_played":"3245733172238387878","potions_obtained":[{"floor":7.0,"key":"Explosive Potion"},{"floor":11.0,"key":"Block Potion"},{"floor":20.0,"key":"Block Potion"},{"floor":22.0,"key":"Block Potion"},{"floor":24.0,"key":"Fruit Juice"},{"floor":38.0,"key":"Explosive Potion"},{"floor":40.0,"key":"AttackPotion"}],"is_trial":false,"path_per_floor":["M","$","?","?","M","R","E","R","T","R","E","M","R","T","R","B",null,"M","M","M","$","?","E","M","R","T","?","M","M","R","$","E","R","B",null,"M","$","M","M","?","E","M","R","T","?","M","T","$","T","R","B","B",null,"R","$","E","B"],"character_chosen":"IRONCLAD","items_purchased":["Membership Card","Trip","Happy Flower","Second Wind","Centennial Puzzle","Vajra","Energy Potion","Regen Potion","Dropkick","Bag of Preparation","Discovery","Corruption","Shrug It Off","Energy Potion","SteroidPotion"],"campfire_rested":0,"item_purchase_floors":[30,30,30,47,47,47,47,47,54,54,54,54,54,54,54],"current_hp_per_floor":[74,74,67,67,68,68,68,68,68,68,66,68,68,68,68,26,58,66,72,69,69,76,78,84,84,84,84,85,85,85,85,85,23,71,79,79,58,66,66,74,82,82,82,82,83,83,83,83,83,42,39,79,79,79,85,0],"gold":60,"neow_bonus":"THREE_ENEMY_KILL","is_prod":false,"is_daily":false,"chose_seed":false,"campfire_upgraded":10,"win_rate":0,"timestamp":1545233388,"path_taken":["M","$","?","?","M","R","E","R","T","R","E","M","R","?","R","BOSS","M","M","M","$","?","E","M","R","T","?","?","R","$","E","R","BOSS","M","$","?","M","?","E","M","R","T","?","?","?","$","?","R","BOSS","BOSS","R","$","E","BOSS"],"build_version":"2018-12-13","purchased_purges":4,"victory":false,"max_hp_per_floor":[75,75,75,68,68,68,68,68,68,68,68,68,68,68,68,68,68,70,72,74,74,76,78,85,85,85,85,85,85,85,87,87,87,87,89,89,91,93,93,95,97,97,97,92,92,92,92,92,92,92,92,92,92,92,92,92],"card_choices":[{"not_picked":["Armaments","Anger"],"picked":"Perfected Strike","floor":1.0},{"not_picked":["Burning Pact","Brutality","Cleave"],"picked":"SKIP","floor":5.0},{"not_picked":["Offering","Body Slam"],"picked":"Perfected Strike","floor":7.0},{"not_picked":["Sever Soul","Havoc"],"picked":"Pommel Strike","floor":11.0},{"not_picked":["Bloodletting","Iron Wave"],"picked":"Evolve","floor":12.0},{"not_picked":["Demon Form","Reaper"],"picked":"Double Tap","floor":16.0},{"not_picked":["Hemokinesis","Flex+1","Heavy Blade"],"picked":"Singing Bowl","floor":18.0},{"not_picked":["Flex","Battle Trance","Thunderclap"],"picked":"Singing Bowl","floor":19.0},{"not_picked":["Heavy Blade+1","Power Through","Metallicize"],"picked":"Singing Bowl","floor":20.0},{"not_picked":["Disarm","Searing Blow","Warcry"],"picked":"Singing Bowl","floor":22.0},{"not_picked":["Clash","Headbutt","Combust"],"picked":"Singing Bowl","floor":23.0},{"not_picked":["Flex","Sword Boomerang","Iron Wave"],"picked":"Singing Bowl","floor":24.0},{"not_picked":["Cleave","Entrench"],"picked":"Power Through+1","floor":28.0},{"not_picked":["Sword Boomerang+1","Dark Embrace","Whirlwind"],"picked":"Singing Bowl","floor":31.0},{"not_picked":["Reaper","Immolate"],"picked":"Double Tap","floor":33.0},{"not_picked":["Rampage","Rage","Infernal Blade"],"picked":"Singing Bowl","floor":35.0},{"not_picked":["Twin Strike+1","Inflame","Feel No Pain+1"],"picked":"Singing Bowl","floor":37.0},{"not_picked":["Heavy Blade","Anger","Flex"],"picked":"Singing Bowl","floor":38.0},{"not_picked":["Clash","Clothesline","Anger"],"picked":"Singing Bowl","floor":40.0},{"not_picked":["True Grit+1","Havoc+1","Twin Strike+1"],"picked":"Singing Bowl","floor":41.0},{"not_picked":["Wild Strike+1","Sentinel+1"],"picked":"Perfected Strike+1","floor":45.0},{"not_picked":["Iron Wave","Reckless Charge+1"],"picked":"Disarm","floor":55}],"player_experience":1393180,"relics_obtained":[{"floor":7.0,"key":"Lantern"},{"floor":9.0,"key":"Tiny Chest"},{"floor":11.0,"key":"FossilizedHelix"},{"floor":14.0,"key":"Singing Bowl"},{"floor":22.0,"key":"Red Mask"},{"floor":23.0,"key":"Ornamental Fan"},{"floor":31.0,"key":"PreservedInsect"},{"floor":40.0,"key":"Pen Nib"},{"floor":43.0,"key":"Pantograph"},{"floor":46.0,"key":"Red Skull"},{"floor":48.0,"key":"Dream Catcher"},{"floor":55,"key":"Pocketwatch"}],"event_choices":[{"cards_removed":["Defend_R"],"damage_healed":0.0,"max_hp_gain":0.0,"max_hp_loss":0.0,"gold_gain":0.0,"event_name":"Golden Wing","player_choice":"Card Removal","floor":3.0,"gold_loss":0.0,"damage_taken":7.0},{"damage_healed":0.0,"max_hp_gain":0.0,"max_hp_loss":7.0,"gold_gain":0.0,"event_name":"Golden Idol","player_choice":"Lose Max HP","floor":4.0,"gold_loss":0.0,"damage_taken":0.0,"relics_obtained":["Golden Idol"]},{"damage_healed":0.0,"max_hp_gain":0.0,"max_hp_loss":0.0,"gold_gain":0.0,"event_name":"Masked Bandits","player_choice":"Fought Bandits","floor":22.0,"gold_loss":0.0,"damage_taken":0.0},{"damage_healed":0.0,"max_hp_gain":0.0,"max_hp_loss":0.0,"gold_gain":0.0,"event_name":"Match and Keep!","player_choice":"0 cards matched","floor":27.0,"gold_loss":0.0,"damage_taken":0.0,"cards_obtained":[]},{"damage_healed":0.0,"max_hp_gain":0.0,"max_hp_loss":0.0,"gold_gain":333.0,"event_name":"The Moai Head","player_choice":"Gave Idol","floor":39.0,"relics_lost":["Golden Idol"],"gold_loss":0.0,"damage_taken":0.0},{"damage_healed":0.0,"max_hp_gain":0.0,"max_hp_loss":5.0,"gold_gain":0.0,"event_name":"Winding Halls","player_choice":"Max HP","floor":44.0,"gold_loss":0.0,"damage_taken":0.0}],"is_beta":false,"boss_relics":[{"not_picked":["Black Star","Cursed Key"],"picked":"Philosopher\u0027s Stone"},{"not_picked":["Velvet Choker","Busted Crown"],"picked":"Runic Pyramid"}],"items_purged_floors":[2,21,30,36],"is_endless":false,"potions_floor_spawned":[7,11,12,16,20,22,23,24,38,40],"killed_by":"The Heart","ascension_level":20}