{"gold_per_floor":[118,118,118,43,60,60,71,71,125,138,138,164,164,164,164,241,241,241,241,241,241,166,166,166,166,166,166,166],"floor_reached":28,"playtime":847,"items_purged":["Strike_G"],"score":382,"play_id":"0c2e6eb5-d956-4edc-9900-51ce0d3a1419","local_time":"20181112231657","is_ascension_mode":true,"campfire_choices":[{"data":"Noxious Fumes","floor":6,"key":"SMITH"},{"data":"Deadly Poison","floor":8,"key":"SMITH"},{"data":"Leg Sweep","floor":11,"key":"SMITH"},{"data":"Neutralize","floor":13,"key":"SMITH"},{"floor":15,"key":"REST"},{"data":"Malaise","floor":23,"key":"SMITH"},{"floor":25,"key":"REST"}],"neow_cost":"PERCENT_DAMAGE","seed_source_timestamp":1185019252497,"circlet_count":0,"master_deck":["AscendersBane","Defend_G","Defend_G","Defend_G+1","Defend_G","Strike_G+1","Survivor","Neutralize+1","Noxious Fumes+1","Leg Sweep+1","Deadly Poison+1","Malaise+1","Expertise"],"relics":["Ring of the Snake","Bronze Scales","Mango","Ectoplasm","Bag of Marbles"],"potions_floor_usage":[16,16,28],"damage_taken":[{"damage":1,"enemies":"Small Slimes","floor":1,"turns":4},{"damage":0,"enemies":"2 Louse","floor":5,"turns":3},{"damage":0,"enemies":"Jaw Worm","floor":7,"turns":5},{"damage":0,"enemies":"Blue Slaver","floor":10,"turns":4},{"damage":10,"enemies":"3 Sentries","floor":12,"turns":7},{"damage":32,"enemies":"Slime Boss","floor":16,"turns":12},{"damage":0,"enemies":"Shell Parasite","floor":18,"turns":4},{"damage":0,"enemies":"3 Byrds","floor":20,"turns":3},{"damage":16,"enemies":"Snecko","floor":21,"turns":7},{"damage":1,"enemies":"Centurion and Healer","floor":24,"turns":7},{"damage":3,"enemies":"Snake Plant","floor":27,"turns":5},{"damage":5,"enemies":"Colosseum Slavers","floor":28,"turns":5},{"damage":65,"enemies":"Colosseum Nobs","floor":28,"turns":4}],"seed_played":"-8087472137917241372","potions_obtained":[{"floor":1,"key":"EntropicBrew"},{"floor":10,"key":"Block Potion"},{"floor":21,"key":"EssenceOfSteel"}],"is_trial":false,"path_per_floor":["M","?","?","?","M","R","M","R","T","M","R","E","R","?","R","B",null,"M","?","M","M","$","R","M","R","T","M","?"],"character_chosen":"THE_SILENT","items_purchased":[],"campfire_rested":2,"item_purchase_floors":[],"current_hp_per_floor":[43,43,23,23,23,23,23,23,23,23,23,27,27,20,44,12,63,63,63,63,47,47,47,46,70,70,67,0],"gold":166,"neow_bonus":"REMOVE_TWO","is_prod":false,"is_daily":false,"chose_seed":false,"campfire_upgraded":5,"win_rate":0,"timestamp":1542035817,"path_taken":["M","?","?","?","?","R","M","R","T","M","R","E","R","?","R","BOSS","M","?","M","M","$","R","M","R","T","M","?"],"build_version":"2018-11-08","purchased_purges":1,"victory":false,"max_hp_per_floor":[66,66,66,66,66,66,66,66,66,66,66,80,80,80,80,80,80,80,80,80,80,80,80,80,80,80,80,80],"card_choices":[{"not_picked":["Dodge and Roll","Catalyst"],"picked":"Noxious Fumes","floor":1},{"not_picked":["Backflip","Dash"],"picked":"Leg Sweep","floor":5},{"not_picked":["Escape Plan","Dodge and Roll"],"picked":"Deadly Poison","floor":7},{"not_picked":["Predator","PiercingWail","Bane"],"picked":"SKIP","floor":10},{"not_picked":["Night Terror","A Thousand Cuts"],"picked":"Malaise","floor":16},{"not_picked":["Blade Dance","Reflex","Dagger Spray"],"picked":"SKIP","floor":18},{"not_picked":["Caltrops","Bane","Blade Dance"],"picked":"SKIP","floor":20},{"not_picked":["Sucker Punch+1","Flying Knee+1","Deadly Poison"],"picked":"SKIP","floor":21},{"not_picked":["Distraction","Underhanded Strike"],"picked":"Expertise","floor":24},{"not_picked":["Dagger Spray","Concentrate","Expertise"],"picked":"SKIP","floor":27}],"player_experience":1034622,"relics_obtained":[{"floor":9,"key":"Bronze Scales"},{"floor":12,"key":"Mango"},{"floor":26,"key":"Bag of Marbles"}],"event_choices":[{"damage_healed":0,"gold_gain":0,"player_choice":"Ignored","damage_taken":0,"max_hp_gain":0,"max_hp_loss":0,"event_name":"Liars Game","floor":2,"gold_loss":0},{"damage_healed":0,"gold_gain":0,"player_choice":"Entered Light","damage_taken":20,"max_hp_gain":0,"max_hp_loss":0,"event_name":"Shining Light","floor":3,"gold_loss":0,"cards_upgraded":["Strike_G","Defend_G"]},{"cards_removed":["Strike_G"],"damage_healed":0,"gold_gain":0,"player_choice":"Card Removal","damage_taken":0,"max_hp_gain":0,"max_hp_loss":0,"event_name":"The Cleric","floor":4,"gold_loss":75},{"cards_removed":["Strike_G"],"damage_healed":0,"gold_gain":0,"player_choice":"Card Removal","damage_taken":7,"max_hp_gain":0,"max_hp_loss":0,"event_name":"Golden Wing","floor":14,"gold_loss":0},{"damage_healed":0,"gold_gain":0,"player_choice":"Ignored","damage_taken":0,"max_hp_gain":0,"max_hp_loss":0,"event_name":"Vampires","floor":19,"gold_loss":0},{"damage_healed":0,"gold_gain":0,"player_choice":"Fight","damage_taken":0,"max_hp_gain":0,"max_hp_loss":0,"event_name":"Colosseum","floor":28,"gold_loss":0},{"damage_healed":0,"gold_gain":0,"player_choice":"Fought Nobs","damage_taken":0,"max_hp_gain":0,"max_hp_loss":0,"event_name":"Colosseum","floor":28,"gold_loss":0}],"is_beta":true,"boss_relics":[{"not_picked":["Black Star","Coffee Dripper"],"picked":"Ectoplasm"}],"items_purged_floors":[22],"is_endless":false,"potions_floor_spawned":[1,10,21,27,28],"killed_by":"Colosseum Nobs","ascension_level":15}