{"gold_per_floor":[116,116,131,149,168,168,180,20,74,94,94,94],"floor_reached":12,"playtime":309,"items_purged":["Strike_G"],"score":144,"play_id":"6f956c9d-ad9d-42c4-8a2b-f6f306470d2d","local_time":"20190804130842","is_ascension_mode":true,"campfire_choices":[{"data":"Well Laid Plans","floor":6,"key":"SMITH"}],"neow_cost":"NONE","seed_source_timestamp":677541541993800,"circlet_count":0,"master_deck":["AscendersBane","Strike_G","Strike_G","Strike_G","Defend_G","Defend_G","Defend_G","Defend_G","Defend_G","Survivor","Neutralize","Calculated Gamble","Well Laid Plans+1","Bouncing Flask","Footwork"],"relics":["Coffee Dripper","PreservedInsect"],"potions_floor_usage":[7,12],"damage_taken":[{"damage":14,"enemies":"Jaw Worm","floor":1,"turns":6},{"damage":0,"enemies":"Cultist","floor":3,"turns":5},{"damage":1,"enemies":"Small Slimes","floor":4,"turns":6},{"damage":26,"enemies":"Exordium Thugs","floor":5,"turns":10},{"damage":3,"enemies":"Blue Slaver","floor":7,"turns":6},{"damage":3,"enemies":"2 Fungi Beasts","floor":10,"turns":5},{"damage":0,"enemies":"Gremlin Nob","floor":12,"turns":3}],"seed_played":"-8834557665870516911","potions_obtained":[{"floor":3,"key":"EssenceOfSteel"},{"floor":4,"key":"Dexterity Potion"},{"floor":7,"key":"SpeedPotion"}],"is_trial":false,"path_per_floor":["M","?","M","M","M","R","M","$","T","M","?","E"],"character_chosen":"THE_SILENT","items_purchased":["Footwork"],"campfire_rested":0,"item_purchase_floors":[8],"current_hp_per_floor":[45,45,45,44,18,18,15,15,15,12,12,12],"gold":94,"neow_bonus":"BOSS_RELIC","is_prod":false,"is_daily":false,"chose_seed":false,"campfire_upgraded":1,"win_rate":0,"timestamp":1564895322,"path_taken":["M","?","M","?","?","R","M","$","T","M","?","E"],"build_version":"2019-07-17","purchased_purges":1,"victory":false,"max_hp_per_floor":[66,66,66,66,66,66,66,66,66,66,66,66],"card_choices":[{"not_picked":["PiercingWail","Outmaneuver","Underhanded Strike"],"picked":"SKIP","floor":1},{"not_picked":["Bane","Accuracy","Leg Sweep"],"picked":"SKIP","floor":3},{"not_picked":["Sucker Punch","Choke"],"picked":"Calculated Gamble","floor":4},{"not_picked":["Acrobatics","Deflect"],"picked":"Well Laid Plans","floor":5},{"not_picked":["Dagger Spray","Expertise"],"picked":"Bouncing Flask","floor":7},{"not_picked":["Heel Hook","Venomology","Bane"],"picked":"SKIP","floor":10}],"player_experience":721420,"relics_obtained":[{"floor":9,"key":"PreservedInsect"}],"event_choices":[{"cards_removed":["Strike_G"],"damage_healed":0,"gold_gain":0,"player_choice":"Offered Basic","damage_taken":0,"max_hp_gain":0,"max_hp_loss":0,"event_name":"Bonfire Elementals","floor":2,"gold_loss":0},{"damage_healed":0,"gold_gain":0,"player_choice":"Ignored","damage_taken":0,"max_hp_gain":0,"max_hp_loss":0,"event_name":"Liars Game","floor":11,"gold_loss":0}],"is_beta":false,"boss_relics":[],"items_purged_floors":[8],"is_endless":false,"potions_floor_spawned":[3,4,7],"killed_by":"Gremlin Nob","ascension_level":20}