{"gold_per_floor":[113,113,127,36,36,71,71,101,178,178,197,197,209,239,239,313,313,328,253,266,316,336,362,362,394,417,445,445,464,481,499,499,573,573,584,524,524,574,584,584,594,594,594,77,92,92,107,117,117,117,117,117,117,17,47,47],"floor_reached":57,"playtime":2872,"items_purged":["Strike_G","Defend_G","Defend_G"],"score":2899,"play_id":"96908487-a6c5-4c17-8144-1cfdd97e91a3","local_time":"20181204175338","is_ascension_mode":true,"campfire_choices":[{"data":"Deadly Poison","floor":10.0,"key":"SMITH"},{"data":"Well Laid Plans","floor":12.0,"key":"SMITH"},{"data":"Catalyst","floor":15.0,"key":"SMITH"},{"data":"Corpse Explosion","floor":24.0,"key":"SMITH"},{"floor":28,"key":"REST"},{"data":"Noxious Fumes","floor":32,"key":"SMITH"},{"floor":40,"key":"RECALL"},{"data":"1","floor":42,"key":"LIFT"},{"data":"2","floor":46,"key":"LIFT"},{"data":"3","floor":49,"key":"LIFT"},{"floor":53,"key":"REST"}],"neow_cost":"NONE","seed_source_timestamp":2287268595789,"circlet_count":0,"master_deck":["AscendersBane","Defend_G","Defend_G","Defend_G","Strike_G+1","Survivor","Neutralize+1","Well Laid Plans+1","Backflip","Footwork","Deadly Poison+1","All Out Attack+1","Catalyst+1","Corpse Explosion+1","Footwork+1","Noxious Fumes+1","Adrenaline","Well Laid Plans","Blur+1","Night Terror","Backflip","Apotheosis+1","Adrenaline+1","Deflect+1","Crippling Poison+1"],"special_seed":0,"relics":["Ring of the Serpent","NeowsBlessing","Blood Vial","Molten Egg 2","Girya","Thread and Needle","The Courier","Whetstone","Centennial Puzzle","Fusion Hammer","Toxic Egg 2","Bag of Preparation","Omamori"],"potions_floor_usage":[29,33,41,56,56],"damage_taken":[{"damage":0.0,"enemies":"Cultist","floor":1.0,"turns":1.0},{"damage":0.0,"enemies":"2 Louse","floor":3.0,"turns":2.0},{"damage":0.0,"enemies":"Gremlin Nob","floor":6.0,"turns":1.0},{"damage":14.0,"enemies":"Lagavulin","floor":8.0,"turns":11.0},{"damage":0.0,"enemies":"Jaw Worm","floor":11.0,"turns":5.0},{"damage":18.0,"enemies":"Lots of Slimes","floor":13.0,"turns":7.0},{"damage":0.0,"enemies":"3 Sentries","floor":14.0,"turns":8.0},{"damage":5.0,"enemies":"Hexaghost","floor":16.0,"turns":10.0},{"damage":3.0,"enemies":"Spheric Guardian","floor":18.0,"turns":3.0},{"damage":2.0,"enemies":"Chosen","floor":20.0,"turns":5.0},{"damage":3.0,"enemies":"Centurion and Healer","floor":22.0,"turns":6.0},{"damage":17.0,"enemies":"Gremlin Leader","floor":23.0,"turns":6.0},{"damage":25.0,"enemies":"Book of Stabbing","floor":25.0,"turns":4.0},{"damage":28,"enemies":"Gremlin Leader","floor":27,"turns":7},{"damage":14,"enemies":"Snake Plant","floor":29,"turns":3},{"damage":7,"enemies":"Shelled Parasite and Fungi","floor":30,"turns":5},{"damage":0,"enemies":"3 Cultists","floor":31,"turns":3},{"damage":3,"enemies":"Automaton","floor":33,"turns":12},{"damage":0,"enemies":"Orb Walker","floor":35,"turns":5},{"damage":0,"enemies":"3 Shapes","floor":39,"turns":2},{"damage":0,"enemies":"Transient","floor":41,"turns":6},{"damage":0,"enemies":"4 Shapes","floor":45,"turns":2},{"damage":0,"enemies":"Spire Growth","floor":47,"turns":5},{"damage":0,"enemies":"3 Darklings","floor":48,"turns":3},{"damage":1,"enemies":"Awakened One","floor":50,"turns":24},{"damage":0,"enemies":"Donu and Deca","floor":51,"turns":6},{"damage":7,"enemies":"Shield and Spear","floor":55,"turns":5},{"damage":66,"enemies":"The Heart","floor":56,"turns":8}],"seed_played":"-7793434891627698554","potions_obtained":[{"floor":1.0,"key":"Fire Potion"},{"floor":3.0,"key":"SneckoOil"},{"floor":13.0,"key":"Explosive Potion"},{"floor":16.0,"key":"LiquidBronze"},{"floor":20.0,"key":"Fruit Juice"},{"floor":22.0,"key":"Regen Potion"},{"floor":27,"key":"Explosive Potion"},{"floor":29,"key":"Fruit Juice"},{"floor":30,"key":"Regen Potion"},{"floor":39,"key":"LiquidBronze"},{"floor":48,"key":"PowerPotion"}],"is_trial":false,"path_per_floor":["M","?","M","$","?","E","?","E","T","R","M","R","M","E","R","B",null,"M","?","M","?","M","E","R","E","T","E","R","M","M","M","R","B",null,"M","$","?","?","M","R","M","R","T","$","M","R","M","M","R","B","B",null,"R","$","E","B",null],"character_chosen":"THE_SILENT","items_purchased":["Footwork","Deadly Poison","Bag of Preparation","Apotheosis+1","Adrenaline+1"],"campfire_rested":2,"item_purchase_floors":[4,4,44,44,44],"current_hp_per_floor":[59,59,59,59,59,59,59,47,47,47,49,49,33,35,35,32,58,57,57,57,57,61,61,61,38,38,12,33,26,21,23,23,37,66,68,68,68,68,70,70,72,72,72,72,74,74,76,76,76,75,76,76,76,76,69,5],"gold":47,"neow_bonus":"THREE_ENEMY_KILL","is_prod":false,"is_daily":false,"chose_seed":false,"campfire_upgraded":5,"win_rate":0,"timestamp":1543917218,"path_taken":["M","?","?","$","?","E","?","E","T","R","M","R","?","E","R","BOSS","M","?","M","?","M","E","R","E","T","E","R","?","?","M","R","BOSS","M","$","?","?","M","R","M","R","T","$","?","R","?","M","R","BOSS","BOSS","R","$","E","BOSS"],"build_version":"2018-11-15","purchased_purges":3,"victory":true,"max_hp_per_floor":[66,66,66,66,66,66,66,66,66,66,66,66,66,66,66,66,66,66,66,66,66,71,71,71,71,71,71,71,76,76,76,76,76,76,76,76,76,76,76,76,76,76,76,76,76,76,76,76,76,76,76,76,76,76,76,76],"card_choices":[{"not_picked":["Backflip","Prepared"],"picked":"Well Laid Plans","floor":1.0},{"not_picked":["Slice","Deflect"],"picked":"Backflip","floor":3.0},{"not_picked":["Calculated Gamble","Eviscerate","Quick Slash"],"picked":"SKIP","floor":6.0},{"not_picked":["Deflect","Poisoned Stab","Acrobatics"],"picked":"SKIP","floor":8.0},{"not_picked":["Slice+1","Blade Dance","Dagger Spray+1"],"picked":"SKIP","floor":11.0},{"not_picked":["Blade Dance","Dodge and Roll"],"picked":"All Out Attack+1","floor":13.0},{"not_picked":["Deflect","Backflip"],"picked":"Catalyst","floor":14.0},{"not_picked":["Die Die Die+1","Burst"],"picked":"Corpse Explosion","floor":16.0},{"not_picked":["Poisoned Stab+1","Flying Knee+1","Underhanded Strike+1"],"picked":"SKIP","floor":18.0},{"not_picked":["Flechettes+1","All Out Attack+1"],"picked":"Footwork+1","floor":20.0},{"not_picked":["Flying Knee+1","Poisoned Stab+1"],"picked":"Noxious Fumes","floor":22.0},{"not_picked":["Deflect","All Out Attack+1"],"picked":"Adrenaline","floor":23.0},{"not_picked":["Heel Hook+1","Flechettes+1","Bouncing Flask"],"picked":"SKIP","floor":25.0},{"not_picked":["Prepared","Eviscerate+1"],"picked":"Well Laid Plans","floor":27},{"not_picked":["Quick Slash+1","Dagger Throw+1","Poisoned Stab+1"],"picked":"SKIP","floor":29},{"not_picked":["Backflip","Poisoned Stab+1"],"picked":"Blur+1","floor":30},{"not_picked":["Deadly Poison","Setup","Cloak And Dagger"],"picked":"SKIP","floor":31},{"not_picked":["Storm of Steel","A Thousand Cuts"],"picked":"Night Terror","floor":33},{"not_picked":["Prepared","Dagger Throw+1"],"picked":"Backflip","floor":35},{"not_picked":["Skewer+1","Deadly Poison","Prepared"],"picked":"SKIP","floor":39},{"not_picked":["Predator+1","Heel Hook+1","Deadly Poison"],"picked":"SKIP","floor":41},{"not_picked":["Infinite Blades+1","Cloak And Dagger+1","Poisoned Stab+1"],"picked":"SKIP","floor":45},{"not_picked":["Underhanded Strike+1","Acrobatics+1"],"picked":"Deflect+1","floor":47},{"not_picked":["Eviscerate+1","Poisoned Stab+1"],"picked":"Crippling Poison+1","floor":48},{"not_picked":["Dagger Throw+1","Backstab+1","Endless Agony+1"],"picked":"SKIP","floor":55}],"player_experience":1146589,"relics_obtained":[{"floor":6.0,"key":"Blood Vial"},{"floor":8.0,"key":"Molten Egg 2"},{"floor":14.0,"key":"Girya"},{"floor":23.0,"key":"Thread and Needle"},{"floor":25.0,"key":"The Courier"},{"floor":26.0,"key":"Whetstone"},{"floor":27,"key":"Centennial Puzzle"},{"floor":43,"key":"Toxic Egg 2"},{"floor":55,"key":"Omamori"}],"event_choices":[{"cards_removed":["Strike_G"],"damage_healed":0.0,"max_hp_gain":0.0,"max_hp_loss":0.0,"gold_gain":0.0,"event_name":"Bonfire Elementals","player_choice":"Offered Basic","floor":2.0,"gold_loss":0.0,"damage_taken":0.0},{"cards_removed":["Strike_G"],"damage_healed":0.0,"max_hp_gain":0.0,"max_hp_loss":0.0,"gold_gain":0.0,"event_name":"Living Wall","player_choice":"Forget","floor":5.0,"gold_loss":0.0,"damage_taken":0.0},{"damage_healed":0.0,"max_hp_gain":0.0,"max_hp_loss":0.0,"gold_gain":0.0,"event_name":"Match and Keep!","player_choice":"0 cards matched","floor":7.0,"gold_loss":0.0,"damage_taken":0.0,"cards_obtained":[]},{"cards_removed":["Strike_G"],"damage_healed":0.0,"max_hp_gain":0.0,"max_hp_loss":0.0,"gold_gain":0.0,"event_name":"Beggar","player_choice":"Gave Gold","floor":19.0,"gold_loss":75.0,"damage_taken":0.0},{"damage_healed":0.0,"max_hp_gain":0.0,"max_hp_loss":0.0,"gold_gain":50.0,"event_name":"Golden Shrine","player_choice":"Pray","floor":21.0,"gold_loss":0.0,"damage_taken":0.0},{"damage_healed":0,"gold_gain":0,"player_choice":"Ignored","damage_taken":0,"max_hp_gain":0,"max_hp_loss":0,"event_name":"Mysterious Sphere","floor":37,"gold_loss":0},{"damage_healed":0,"gold_gain":50,"player_choice":"Pray","damage_taken":0,"max_hp_gain":0,"max_hp_loss":0,"event_name":"Golden Shrine","floor":38,"gold_loss":0}],"is_beta":false,"boss_relics":[{"not_picked":["HoveringKite","Calling Bell"],"picked":"Ring of the Serpent"},{"not_picked":["Snecko Eye","Black Star"],"picked":"Fusion Hammer"}],"items_purged_floors":[36,44,54],"is_endless":false,"potions_floor_spawned":[1,3,13,16,20,22,27,29,30,31,39,48,55],"ascension_level":20}