{"gold_per_floor":[117,42,42,42,42,42,98,98,98,127,140,153,133,152,152,152],"floor_reached":16,"playtime":293,"items_purged":["Strike_G"],"score":316,"play_id":"54ab84f1-90ea-4c9f-91f7-6c52e5de5439","local_time":"20190202230812","is_ascension_mode":true,"campfire_choices":[{"data":"Tactician","floor":6,"key":"SMITH"},{"data":"Well Laid Plans","floor":8,"key":"SMITH"},{"data":"Footwork","floor":15,"key":"SMITH"}],"neow_cost":"NONE","seed_source_timestamp":44708395153615,"circlet_count":0,"master_deck":["AscendersBane","Defend_G","Defend_G","Defend_G","Defend_G","Defend_G","Strike_G","Strike_G","Strike_G","Strike_G+1","Survivor","Neutralize+1","Tactician+1","Well Laid Plans+1","All Out Attack+1","Heel Hook+1","Footwork+1"],"relics":["Ring of the Snake","NeowsBlessing","Art of War","Tiny Chest","Molten Egg 2","Anchor"],"potions_floor_usage":[16],"damage_taken":[{"damage":0,"enemies":"Small Slimes","floor":1,"turns":1},{"damage":0,"enemies":"Lagavulin","floor":7,"turns":1},{"damage":0,"enemies":"Gremlin Nob","floor":10,"turns":1},{"damage":0,"enemies":"Jaw Worm","floor":11,"turns":4},{"damage":1,"enemies":"Cultist","floor":12,"turns":3},{"damage":9,"enemies":"Exordium Wildlife","floor":14,"turns":5},{"damage":29,"enemies":"Slime Boss","floor":16,"turns":9}],"seed_played":"4891362290553985038","potions_obtained":[{"floor":7,"key":"FearPotion"},{"floor":11,"key":"LiquidBronze"}],"is_trial":false,"path_per_floor":["M","$","?","$","?","R","E","R","T","E","M","M","?","M","R","B"],"character_chosen":"THE_SILENT","items_purchased":[],"campfire_rested":0,"item_purchase_floors":[],"current_hp_per_floor":[59,59,39,39,34,34,34,34,34,34,34,33,33,24,24,0],"gold":152,"neow_bonus":"THREE_ENEMY_KILL","is_prod":false,"is_daily":false,"chose_seed":false,"campfire_upgraded":3,"win_rate":0,"timestamp":1549120092,"path_taken":["M","$","?","$","?","R","E","R","T","E","M","M","?","M","R","BOSS"],"build_version":"2019-01-23","purchased_purges":1,"victory":false,"max_hp_per_floor":[66,66,66,66,66,66,66,66,66,66,66,66,66,66,66,66],"card_choices":[{"not_picked":["Dagger Spray","Blade Dance"],"picked":"Tactician","floor":1},{"not_picked":["Prepared","Dodge and Roll"],"picked":"Well Laid Plans","floor":7},{"not_picked":["Glass Knife+1","Poisoned Stab+1"],"picked":"All Out Attack+1","floor":10},{"not_picked":["Deadly Poison","Deflect"],"picked":"Heel Hook+1","floor":11},{"not_picked":["Cloak And Dagger","Quick Slash+1","Infinite Blades"],"picked":"SKIP","floor":12},{"not_picked":["Cloak And Dagger","Deflect","Footwork"],"picked":"SKIP","floor":14},{"not_picked":["Cloak And Dagger","Deflect"],"picked":"Footwork","floor":14}],"player_experience":1407334,"relics_obtained":[{"floor":7,"key":"Tiny Chest"},{"floor":9,"key":"Molten Egg 2"},{"floor":10,"key":"Anchor"}],"event_choices":[{"damage_healed":0,"gold_gain":0,"player_choice":"Entered Light","damage_taken":20,"max_hp_gain":0,"max_hp_loss":0,"event_name":"Shining Light","floor":3,"gold_loss":0,"cards_upgraded":["Strike_G","Neutralize"]},{"damage_healed":0,"gold_gain":0,"player_choice":"Success","damage_taken":5,"relics_obtained":["Art of War"],"max_hp_gain":0,"max_hp_loss":0,"event_name":"Scrap Ooze","floor":5,"gold_loss":0},{"damage_healed":0,"gold_gain":0,"player_choice":"Bought 1 Potion","damage_taken":0,"max_hp_gain":0,"max_hp_loss":0,"event_name":"The Woman in Blue","floor":13,"gold_loss":0}],"is_beta":true,"boss_relics":[],"items_purged_floors":[2],"is_endless":false,"potions_floor_spawned":[7,11],"killed_by":"Slime Boss","ascension_level":20}