{"gold_per_floor":[11,30,40,40,40,40,67,67,120,120,147,163,163,163,163,258,258,273,291,216,234,268,268,268],"floor_reached":24,"playtime":567,"items_purged":[],"score":388,"play_id":"9b25b4d8-db9d-4181-b136-7608a4a6bfd0","local_time":"20190323155050","is_ascension_mode":true,"campfire_choices":[{"data":"Sunder","floor":6.0,"key":"SMITH"},{"data":"Coolheaded","floor":10.0,"key":"SMITH"},{"data":"Lockon","floor":13.0,"key":"SMITH"},{"data":"Dualcast","floor":15.0,"key":"SMITH"},{"data":"Zap","floor":23,"key":"SMITH"}],"neow_cost":"NO_GOLD","seed_source_timestamp":15241998477267,"circlet_count":0,"master_deck":["AscendersBane","Strike_B","Defend_B","Defend_B","Defend_B","Zap+1","Dualcast+1","Lockon+1","Sunder+1","Ball Lightning","Coolheaded+1","Creative AI","Conserve Battery+1","Go for the Eyes+1","Loop+1","Recycle"],"special_seed":0,"relics":["Cracked Core","Strawberry","Bag of Marbles","Odd Mushroom","Golden Idol","Runic Pyramid","Red Mask"],"potions_floor_usage":[],"damage_taken":[{"damage":2.0,"enemies":"2 Louse","floor":1.0,"turns":2.0},{"damage":0.0,"enemies":"Cultist","floor":2.0,"turns":2.0},{"damage":4.0,"enemies":"Jaw Worm","floor":3.0,"turns":3.0},{"damage":20.0,"enemies":"3 Sentries","floor":7.0,"turns":5.0},{"damage":7.0,"enemies":"The Mushroom Lair","floor":11.0,"turns":3.0},{"damage":0.0,"enemies":"2 Fungi Beasts","floor":12.0,"turns":2.0},{"damage":33.0,"enemies":"Slime Boss","floor":16.0,"turns":7.0},{"damage":13.0,"enemies":"3 Byrds","floor":18.0,"turns":5.0},{"damage":12.0,"enemies":"2 Thieves","floor":19.0,"turns":3.0},{"damage":14.0,"enemies":"Snake Plant","floor":21.0,"turns":3.0},{"damage":6,"enemies":"Masked Bandits","floor":22,"turns":3},{"damage":0,"enemies":"Slavers","floor":24,"turns":1}],"seed_played":"601660363520839468","potions_obtained":[{"floor":3.0,"key":"Ancient Potion"},{"floor":12.0,"key":"GamblersBrew"},{"floor":16.0,"key":"FocusPotion"},{"floor":21.0,"key":"FocusPotion"}],"is_trial":false,"path_per_floor":["M","M","M","?","$","R","E","?","T","R","?","M","R","?","R","B",null,"M","M","?","M","?","R","E"],"character_chosen":"DEFECT","items_purchased":[],"campfire_rested":0,"item_purchase_floors":[],"current_hp_per_floor":[62,62,58,58,58,58,45,45,45,45,38,38,38,38,38,5,55,42,30,30,16,10,10,10],"gold":268,"neow_bonus":"TRANSFORM_TWO_CARDS","is_prod":false,"is_daily":false,"chose_seed":false,"campfire_upgraded":5,"win_rate":0,"timestamp":1553327450,"path_taken":["M","M","M","?","?","R","E","?","T","R","?","M","R","?","R","BOSS","M","M","?","M","?","R","E"],"build_version":"2019-01-23","purchased_purges":0,"victory":false,"max_hp_per_floor":[71,71,71,71,71,71,78,78,78,78,78,78,78,71,71,71,71,71,71,71,71,71,71,71],"card_choices":[{"not_picked":["Leap","Compile Driver","Sweeping Beam"],"picked":"SKIP","floor":1.0},{"not_picked":["Hello World","Go for the Eyes"],"picked":"Ball Lightning","floor":2.0},{"not_picked":["Leap","Compile Driver","Conserve Battery"],"picked":"SKIP","floor":3.0},{"not_picked":["Heatsinks","Sunder"],"picked":"Coolheaded","floor":7.0},{"not_picked":["Steam","Beam Cell","Compile Driver"],"picked":"SKIP","floor":12.0},{"not_picked":["Machine Learning","Seek"],"picked":"Creative AI","floor":16.0},{"not_picked":["Streamline","Coolheaded"],"picked":"Conserve Battery+1","floor":18.0},{"not_picked":["Coolheaded","Ball Lightning+1"],"picked":"Go for the Eyes+1","floor":19.0},{"not_picked":["Chaos","Rebound"],"picked":"Loop+1","floor":21.0},{"not_picked":["Leap","Consume"],"picked":"Recycle","floor":22}],"player_experience":3812060,"relics_obtained":[{"floor":7.0,"key":"Strawberry"},{"floor":9.0,"key":"Bag of Marbles"},{"floor":11.0,"key":"Odd Mushroom"},{"floor":22,"key":"Red Mask"}],"event_choices":[{"damage_healed":0.0,"max_hp_gain":0.0,"max_hp_loss":0.0,"gold_gain":0.0,"event_name":"Match and Keep!","player_choice":"0 cards matched","floor":4.0,"gold_loss":0.0,"damage_taken":0.0,"cards_obtained":[]},{"cards_removed":["Strike_B"],"damage_healed":0.0,"max_hp_gain":0.0,"max_hp_loss":0.0,"gold_gain":0.0,"event_name":"Living Wall","player_choice":"Forget","floor":8.0,"gold_loss":0.0,"damage_taken":0.0},{"damage_healed":0.0,"max_hp_gain":0.0,"max_hp_loss":0.0,"gold_gain":0.0,"event_name":"Mushrooms","player_choice":"Fought Mushrooms","floor":11.0,"gold_loss":0.0,"damage_taken":0.0},{"damage_healed":0.0,"max_hp_gain":0.0,"max_hp_loss":7.0,"gold_gain":0.0,"event_name":"Golden Idol","player_choice":"Lose Max HP","floor":14.0,"gold_loss":0.0,"damage_taken":0.0,"relics_obtained":["Golden Idol"]},{"cards_removed":["Defend_B"],"damage_healed":0.0,"max_hp_gain":0.0,"max_hp_loss":0.0,"gold_gain":0.0,"event_name":"Beggar","player_choice":"Gave Gold","floor":20.0,"gold_loss":75.0,"damage_taken":0.0},{"damage_healed":0,"gold_gain":0,"player_choice":"Fought Bandits","damage_taken":0,"max_hp_gain":0,"max_hp_loss":0,"event_name":"Masked Bandits","floor":22,"gold_loss":0}],"is_beta":false,"boss_relics":[{"not_picked":["Cursed Key","Pandora\u0027s Box"],"picked":"Runic Pyramid"}],"items_purged_floors":[],"is_endless":false,"potions_floor_spawned":[3,12,16,18,19,21],"killed_by":"Slavers","ascension_level":20}