{"gold_per_floor":[110,19,19,19,19,46,46,61,61,61,72,82,98,114,114,210,210,226,246,246,259,259,259,305,315,392,392],"floor_reached":27,"playtime":888,"items_purged":[],"score":215,"play_id":"985f70b0-4136-49da-87e1-e7a7c00480cd","local_time":"20181118223950","is_ascension_mode":false,"campfire_choices":[{"data":"Bouncing Flask","floor":7.0,"key":"SMITH"},{"data":"Bouncing Flask","floor":15.0,"key":"SMITH"},{"data":"RitualDagger","floor":23.0,"key":"SMITH"}],"neow_cost":"TEN_PERCENT_HP_LOSS","seed_source_timestamp":0,"circlet_count":0,"master_deck":["Defend_G","Defend_G","Defend_G","Defend_G","Defend_G","Strike_G","Strike_G","Strike_G","Survivor","Neutralize","Bullet Time","Bouncing Flask+1","Impatience","Sucker Punch","Caltrops","Bouncing Flask+1","Exhume+1","Footwork","Prepared","Acrobatics","Noxious Fumes","After Image","Deadly Poison","Calculated Gamble","RitualDagger+1"],"special_seed":0,"relics":["Ring of the Snake","Mummified Hand","Ornamental Fan","Snecko Eye","Lantern","Meat on the Bone"],"potions_floor_usage":[27],"damage_taken":[{"damage":0.0,"enemies":"Jaw Worm","floor":1.0,"turns":6.0},{"damage":50.0,"enemies":"Gremlin Nob","floor":6.0,"turns":6.0},{"damage":0.0,"enemies":"Cultist","floor":8.0,"turns":3.0},{"damage":0.0,"enemies":"2 Louse","floor":11.0,"turns":3.0},{"damage":1.0,"enemies":"Large Slime","floor":12.0,"turns":7.0},{"damage":1.0,"enemies":"Blue Slaver","floor":13.0,"turns":3.0},{"damage":1.0,"enemies":"Red Slaver","floor":14.0,"turns":3.0},{"damage":4.0,"enemies":"Hexaghost","floor":16.0,"turns":6.0},{"damage":26.0,"enemies":"3 Byrds","floor":18.0,"turns":7.0},{"damage":0.0,"enemies":"Shell Parasite","floor":19.0,"turns":4.0},{"damage":5.0,"enemies":"Snecko","floor":21.0,"turns":4.0},{"damage":21.0,"enemies":"Centurion and Healer","floor":25.0,"turns":7.0},{"damage":5,"enemies":"Snake Plant","floor":27,"turns":2}],"seed_played":"-8491586715827669261","potions_obtained":[{"floor":1.0,"key":"Dexterity Potion"},{"floor":12.0,"key":"GhostInAJar"},{"floor":13.0,"key":"LiquidBronze"},{"floor":14.0,"key":"SteroidPotion"},{"floor":16.0,"key":"Regen Potion"},{"floor":19.0,"key":"Weak Potion"},{"floor":21.0,"key":"Poison Potion"}],"is_trial":false,"path_per_floor":["M","$","?","$","?","E","R","M","T","?","M","M","M","M","R","B",null,"M","M","?","M","?","R","T","M","T","M"],"character_chosen":"THE_SILENT","items_purchased":["Impatience"],"campfire_rested":0,"item_purchase_floors":[2],"current_hp_per_floor":[63,63,63,63,63,13,13,13,13,13,13,12,11,10,10,6,63,37,37,26,35,29,29,29,8,8,3],"gold":392,"neow_bonus":"THREE_RARE_CARDS","is_prod":false,"is_daily":false,"chose_seed":false,"campfire_upgraded":3,"win_rate":0,"timestamp":1542551990,"path_taken":["M","$","?","$","?","E","R","?","T","?","M","?","M","M","R","BOSS","M","M","?","M","?","R","?","?","T","M"],"build_version":"2018-11-15","purchased_purges":0,"victory":false,"max_hp_per_floor":[63,63,63,63,63,63,63,63,63,63,63,63,63,63,63,63,63,63,63,68,68,68,68,68,68,68,68],"card_choices":[{"not_picked":["Storm of Steel","A Thousand Cuts"],"picked":"Bullet Time","floor":0.0},{"not_picked":["Slice","Bane"],"picked":"Bouncing Flask","floor":1.0},{"not_picked":["Bane","Cloak And Dagger"],"picked":"Caltrops","floor":6.0},{"not_picked":["Sucker Punch","Underhanded Strike"],"picked":"Bouncing Flask","floor":8.0},{"not_picked":["Skewer","Predator"],"picked":"Footwork","floor":11.0},{"not_picked":["Tactician","Quick Slash"],"picked":"Prepared","floor":12.0},{"not_picked":["Blade Dance","Underhanded Strike"],"picked":"Acrobatics","floor":13.0},{"not_picked":["Finisher","Underhanded Strike"],"picked":"Noxious Fumes","floor":14.0},{"not_picked":["Envenom","Tools of the Trade"],"picked":"After Image","floor":16.0},{"not_picked":["Blade Dance","Sucker Punch"],"picked":"Deadly Poison","floor":18.0},{"not_picked":["Underhanded Strike","Cloak And Dagger"],"picked":"Calculated Gamble","floor":19.0},{"not_picked":["Deadly Poison+1","Concentrate","Setup"],"picked":"SKIP","floor":21.0},{"not_picked":["Dagger Throw","Catalyst","Eviscerate"],"picked":"SKIP","floor":25.0}],"player_experience":1097832,"relics_obtained":[{"floor":6.0,"key":"Mummified Hand"},{"floor":9.0,"key":"Ornamental Fan"},{"floor":24.0,"key":"Lantern"},{"floor":26.0,"key":"Meat on the Bone"}],"event_choices":[{"damage_healed":0.0,"max_hp_gain":0.0,"max_hp_loss":0.0,"gold_gain":0.0,"event_name":"The Cleric","player_choice":"Leave","floor":3.0,"gold_loss":0.0,"damage_taken":0.0},{"damage_healed":0.0,"max_hp_gain":0.0,"max_hp_loss":0.0,"gold_gain":0.0,"cards_transformed":["Strike_G"],"event_name":"Transmorgrifier","player_choice":"Transformed","floor":5.0,"gold_loss":0.0,"damage_taken":0.0,"cards_obtained":["Sucker Punch"]},{"cards_removed":["Strike_G"],"damage_healed":0.0,"max_hp_gain":0.0,"max_hp_loss":0.0,"gold_gain":0.0,"event_name":"NoteForYourself","player_choice":"Took Card","floor":10.0,"gold_loss":0.0,"damage_taken":0.0,"cards_obtained":["Exhume"]},{"damage_healed":0.0,"max_hp_gain":5.0,"max_hp_loss":0.0,"gold_gain":0.0,"event_name":"Forgotten Altar","player_choice":"Shed Blood","floor":20.0,"gold_loss":0.0,"damage_taken":16.0},{"damage_healed":0.0,"max_hp_gain":0.0,"max_hp_loss":0.0,"gold_gain":0.0,"event_name":"Nest","player_choice":"Joined the Cult","floor":22.0,"gold_loss":0.0,"damage_taken":6.0,"cards_obtained":["RitualDagger"]}],"is_beta":true,"boss_relics":[{"not_picked":["Lizard Tail","Velvet Choker"],"picked":"Snecko Eye"}],"items_purged_floors":[],"is_endless":false,"potions_floor_spawned":[1,12,13,14,16,19,21],"killed_by":"Snake Plant","ascension_level":0}