{"gold_per_floor":[11,11,11,27,40,40,40,40,67,67,92,92,106,146,146,270,270,293,336,360,98,197,197,397,397,397,397,417,438,478,501,501,620,620,636,93,93,162,1,45,45,78,78,78,91,104,104,104,104],"floor_reached":50,"playtime":1410,"items_purged":["Strike_B","Strike_B","Defend_B"],"score":841,"play_id":"a45a81a4-ea1d-4e9b-8506-f4ca2e34df51","local_time":"20190611105926","is_ascension_mode":false,"campfire_choices":[{"data":"Dualcast","floor":6.0,"key":"SMITH"},{"data":"Zap","floor":8.0,"key":"SMITH"},{"data":"White Noise","floor":10.0,"key":"SMITH"},{"data":"Hologram","floor":15.0,"key":"SMITH"},{"data":"Biased Cognition","floor":23.0,"key":"SMITH"},{"data":"Capacitor","floor":25,"key":"SMITH"},{"data":"Turbo","floor":27,"key":"SMITH"},{"data":"Capacitor","floor":32,"key":"SMITH"},{"data":"Skim","floor":41,"key":"SMITH"},{"data":"Skim","floor":44,"key":"SMITH"},{"data":"Heatsinks","floor":47,"key":"SMITH"}],"neow_cost":"NO_GOLD","seed_source_timestamp":223936073591,"circlet_count":0,"master_deck":["Defend_B","Defend_B","Defend_B","Zap+1","Dualcast+1","Core Surge","Gash","White Noise+1","Self Repair","Hologram+1","Storm","Capacitor+1","Turbo+1","Biased Cognition+1","Tempest+1","Capacitor+1","Rainbow","Echo Form","Coolheaded+1","Skim+1","Heatsinks+1","Skim+1","Capacitor+1","Seek","Recycle+1"],"special_seed":0,"relics":["Cracked Core","Golden Idol","The Courier","Strawberry","Boot","Coffee Dripper","Red Mask","Pantograph","Omamori","Prayer Wheel","Cursed Key","Mummified Hand","Dodecahedron","Thread and Needle","Blood Vial","Symbiotic Virus","Bird Faced Urn"],"potions_floor_usage":[49,49],"damage_taken":[{"damage":0.0,"enemies":"Cultist","floor":1.0,"turns":2.0},{"damage":0.0,"enemies":"2 Louse","floor":4.0,"turns":2.0},{"damage":0.0,"enemies":"Small Slimes","floor":5.0,"turns":2.0},{"damage":4.0,"enemies":"Gremlin Gang","floor":11.0,"turns":4.0},{"damage":0.0,"enemies":"Blue Slaver","floor":13.0,"turns":2.0},{"damage":32.0,"enemies":"Gremlin Nob","floor":14.0,"turns":4.0},{"damage":13.0,"enemies":"Hexaghost","floor":16.0,"turns":6.0},{"damage":10.0,"enemies":"3 Byrds","floor":18.0,"turns":3.0},{"damage":31.0,"enemies":"Masked Bandits","floor":19.0,"turns":3.0},{"damage":14.0,"enemies":"Shell Parasite","floor":20.0,"turns":6.0},{"damage":5,"enemies":"Snecko","floor":28,"turns":5},{"damage":4,"enemies":"Centurion and Healer","floor":29,"turns":2},{"damage":0,"enemies":"Gremlin Leader","floor":30,"turns":4},{"damage":5,"enemies":"Snake Plant","floor":31,"turns":4},{"damage":16,"enemies":"Champ","floor":33,"turns":8},{"damage":0,"enemies":"3 Shapes","floor":35,"turns":4},{"damage":17,"enemies":"2 Orb Walkers","floor":38,"turns":3},{"damage":0,"enemies":"Giant Head","floor":40,"turns":3},{"damage":0,"enemies":"Nemesis","floor":42,"turns":3},{"damage":5,"enemies":"Orb Walker","floor":45,"turns":3},{"damage":0,"enemies":"Jaw Worm Horde","floor":46,"turns":1},{"damage":21,"enemies":"Time Eater","floor":49,"turns":5}],"seed_played":"-1141343933731612089","potions_obtained":[{"floor":4.0,"key":"Fire Potion"},{"floor":11.0,"key":"FocusPotion"},{"floor":13.0,"key":"Strength Potion"},{"floor":19.0,"key":"FearPotion"},{"floor":28,"key":"GamblersBrew"},{"floor":31,"key":"GamblersBrew"},{"floor":33,"key":"FocusPotion"}],"is_trial":false,"path_per_floor":["M","?","?","M","M","R","?","R","T","R","M","?","M","E","R","B",null,"M","?","M","$","?","R","?","R","T","R","M","M","E","M","R","B",null,"M","$","?","?","$","E","R","E","T","R","M","M","R","?","B",null],"character_chosen":"DEFECT","items_purchased":["Pantograph","Heatsinks","Mummified Hand","Dodecahedron","Skim"],"campfire_rested":0,"item_purchase_floors":[21,36,36,36,39],"current_hp_per_floor":[75,57,32,32,32,32,32,32,39,39,42,42,42,17,17,11,82,79,55,48,48,48,48,48,48,48,48,50,53,60,55,55,71,82,82,82,82,72,72,79,79,82,82,82,82,82,82,82,82],"gold":104,"neow_bonus":"THREE_RARE_CARDS","is_prod":false,"is_daily":false,"chose_seed":false,"campfire_upgraded":11,"win_rate":0,"timestamp":1560221966,"path_taken":["M","?","?","M","M","R","?","R","T","R","?","?","M","E","R","BOSS","M","?","M","$","?","R","?","R","T","R","M","?","E","M","R","BOSS","M","$","?","?","?","E","R","E","T","R","M","M","R","?","BOSS"],"build_version":"2019-01-23","purchased_purges":3,"victory":true,"max_hp_per_floor":[75,75,75,75,75,75,75,75,82,82,82,82,82,82,82,82,82,82,82,82,82,82,82,82,82,82,82,82,82,82,82,82,82,82,82,82,82,82,82,82,82,82,82,82,82,82,82,82,82],"card_choices":[{"not_picked":["Buffer","All For One"],"picked":"Core Surge","floor":0.0},{"not_picked":["Conserve Battery","Leap"],"picked":"Gash","floor":1.0},{"not_picked":["Ball Lightning","Blizzard"],"picked":"White Noise","floor":4.0},{"not_picked":["Coolheaded","Hologram"],"picked":"Self Repair","floor":5.0},{"not_picked":["Rebound","Auto Shields"],"picked":"Hologram","floor":11.0},{"not_picked":["Genetic Algorithm","Steam"],"picked":"Capacitor","floor":13.0},{"not_picked":["Streamline","Hello World"],"picked":"Turbo","floor":14.0},{"not_picked":["Seek","Rainbow"],"picked":"Biased Cognition","floor":16.0},{"not_picked":["Steam","Force Field","Chaos"],"picked":"SKIP","floor":18.0},{"not_picked":["Compile Driver","Go for the Eyes+1"],"picked":"Cold Snap","floor":20.0},{"not_picked":["Hologram","Ball Lightning"],"picked":"Tempest+1","floor":28},{"not_picked":["Beam Cell","Conserve Battery"],"picked":"Capacitor","floor":29},{"not_picked":["Chill","Rebound+1"],"picked":"Rainbow","floor":30},{"not_picked":["Turbo","Beam Cell","Conserve Battery"],"picked":"SKIP","floor":31},{"not_picked":["Ball Lightning","Beam Cell","Compile Driver"],"picked":"SKIP","floor":31},{"not_picked":["All For One","Multi-Cast"],"picked":"Echo Form","floor":33},{"not_picked":["Streamline+1","Ball Lightning+1"],"picked":"Coolheaded+1","floor":35},{"not_picked":["BootSequence+1","Chaos"],"picked":"Skim","floor":35},{"not_picked":["Chill+1","Stack"],"picked":"Capacitor+1","floor":40},{"not_picked":["Streamline","Stack+1"],"picked":"Seek","floor":42},{"not_picked":["Fusion+1","Hologram+1"],"picked":"Recycle+1","floor":45},{"not_picked":["Sweeping Beam","Stack+1","Compile Driver+1"],"picked":"SKIP","floor":45},{"not_picked":["Conserve Battery+1","Steam Power+1","Hologram"],"picked":"SKIP","floor":46},{"not_picked":["Force Field+1","Coolheaded+1","Redo"],"picked":"SKIP","floor":46}],"player_experience":5038591,"relics_obtained":[{"floor":9.0,"key":"Strawberry"},{"floor":14.0,"key":"Boot"},{"floor":19.0,"key":"Red Mask"},{"floor":26,"key":"Omamori"},{"floor":30,"key":"Prayer Wheel"},{"floor":38,"key":"Thread and Needle"},{"floor":40,"key":"Blood Vial"},{"floor":42,"key":"Symbiotic Virus"},{"floor":43,"key":"Bird Faced Urn"}],"event_choices":[{"damage_healed":0.0,"max_hp_gain":0.0,"max_hp_loss":0.0,"gold_gain":0.0,"event_name":"Golden Idol","player_choice":"Take Damage","floor":2.0,"gold_loss":0.0,"damage_taken":18.0,"relics_obtained":["Golden Idol"]},{"damage_healed":0.0,"max_hp_gain":0.0,"max_hp_loss":0.0,"gold_gain":0.0,"event_name":"Scrap Ooze","player_choice":"Success","floor":3.0,"gold_loss":0.0,"damage_taken":25.0,"relics_obtained":["The Courier"]},{"cards_removed":["Strike_B"],"damage_healed":0.0,"max_hp_gain":0.0,"max_hp_loss":0.0,"gold_gain":0.0,"event_name":"Purifier","player_choice":"Purged","floor":7.0,"gold_loss":0.0,"damage_taken":0.0},{"damage_healed":0.0,"max_hp_gain":0.0,"max_hp_loss":0.0,"gold_gain":0.0,"cards_transformed":["Strike_B"],"event_name":"Living Wall","player_choice":"Change","floor":12.0,"gold_loss":0.0,"damage_taken":0.0,"cards_obtained":["Storm"]},{"damage_healed":0.0,"max_hp_gain":0.0,"max_hp_loss":0.0,"gold_gain":0.0,"event_name":"Masked Bandits","player_choice":"Fought Bandits","floor":19.0,"gold_loss":0.0,"damage_taken":0.0},{"damage_healed":0.0,"max_hp_gain":0.0,"max_hp_loss":0.0,"gold_gain":99.0,"event_name":"Nest","player_choice":"Stole From Cult","floor":22.0,"gold_loss":0.0,"damage_taken":0.0},{"damage_healed":0,"gold_gain":250,"player_choice":"Bet on Owner","damage_taken":0,"max_hp_gain":0,"max_hp_loss":0,"event_name":"The Joust","floor":24,"gold_loss":50},{"cards_removed":["Cold Snap"],"damage_healed":0,"gold_gain":0,"player_choice":"Removed Attack","damage_taken":0,"max_hp_gain":0,"max_hp_loss":0,"event_name":"Falling","floor":37,"gold_loss":0},{"damage_healed":0,"gold_gain":0,"player_choice":"Fight","damage_taken":0,"max_hp_gain":0,"max_hp_loss":0,"event_name":"Mysterious Sphere","floor":38,"gold_loss":0},{"damage_healed":0,"gold_gain":0,"player_choice":"Took Portal","damage_taken":0,"max_hp_gain":0,"max_hp_loss":0,"event_name":"SecretPortal","floor":48,"gold_loss":0}],"is_beta":false,"boss_relics":[{"not_picked":["Eternal Feather","Sozu"],"picked":"Coffee Dripper"},{"not_picked":["Philosopher\u0027s Stone","Inserter"],"picked":"Cursed Key"}],"items_purged_floors":[21,36,39],"is_endless":false,"potions_floor_spawned":[4,11,13,19,28,31,33,38,40,45],"ascension_level":0}