{"path_per_floor":["M","?","?","?","M","E","M","?","T","$","M","M","E","M","R","B",null,"M","M","M","$","?","R","?","R","T","E","?","?","R","$","R","B",null,"M","?","M","M"],"character_chosen":"THE_SILENT","items_purchased":["Mind Blast","Bag of Marbles","Accuracy"],"gold_per_floor":[109,109,183,133,143,178,189,364,364,41,52,67,99,116,116,216,216,233,244,263,88,3,3,3,3,30,57,57,57,57,57,57,155,155,171,171,191,208],"floor_reached":39,"campfire_rested":2,"playtime":2875,"current_hp_per_floor":[70,75,75,75,75,64,64,64,64,64,64,64,50,50,50,4,75,65,63,35,35,35,57,57,57,57,50,50,50,50,50,72,27,75,47,47,32,9],"items_purged":["Doubt","Strike_G"],"gold":208,"score":359,"play_id":"84496911-c539-4c91-9506-07f217d16d96","local_time":"20180308185423","is_prod":false,"is_daily":false,"is_ascension_mode":false,"campfire_upgraded":3,"timestamp":1520531663,"path_taken":["M","?","?","?","M","E","M","?","T","?","M","M","E","M","R","BOSS","M","M","M","$","?","R","?","R","T","E","?","?","R","?","R","BOSS","M","?","?","M","M"],"build_version":"2018-03-01-PROD1","purchased_purges":2,"victory":false,"master_deck":["Defend_G","Defend_G","Strike_G","Strike_G","Survivor","Neutralize","Die Die Die","Acrobatics","Infinite Blades","Backflip","Mind Blast","Storm of Steel+1","Outmaneuver","Flying Knee","Choke","A Thousand Cuts+1","Malaise+1","Dash+1","Underhanded Strike+1","Escape Plan","Cloak And Dagger","Accuracy+1","Doppelganger","Writhe","Infinite Blades","Terror+1"],"max_hp_per_floor":[70,75,75,75,75,75,75,75,75,75,75,75,75,75,75,75,75,75,75,75,75,75,75,75,75,75,75,75,75,75,75,75,75,75,75,75,75,75],"relics":["Ring of the Snake","Letter Opener","Bottled Lightning","Bag of Marbles","Bottled Tornado","Astrolabe","Ancient Tea Set","Omamori","The Courier","Calling Bell","Prayer Wheel","Ornamental Fan","Matryoshka"],"card_choices":[{"not_picked":["Sucker Punch","Riddle With Holes"],"picked":"Acrobatics"},{"not_picked":["Acrobatics","Prepared"],"picked":"Infinite Blades"},{"not_picked":["Skewer","Underhanded Strike"],"picked":"Deflect"},{"not_picked":["Quick Slash","Terror"],"picked":"Backflip"},{"not_picked":["Bouncing Flask","Underhanded Strike"],"picked":"Storm of Steel"},{"not_picked":["Acrobatics","Backflip"],"picked":"Outmaneuver"},{"not_picked":["Footwork","Deadly Poison"],"picked":"Flying Knee"},{"not_picked":["Dodge and Roll","Deflect"],"picked":"Choke"},{"not_picked":["Doppelganger","Wraith Form"],"picked":"A Thousand Cuts"},{"not_picked":["Dodge and Roll","Dagger Spray"],"picked":"Escape Plan"},{"not_picked":["Deadly Poison","Underhanded Strike"],"picked":"Cloak And Dagger"},{"not_picked":["Grand Finale","Adrenaline"],"picked":"Doppelganger"},{"not_picked":["Terror","Prepared"],"picked":"Infinite Blades"},{"not_picked":["Heel Hook","Flying Knee"],"picked":"Terror"}],"player_experience":120981,"potions_floor_usage":[13,13,16,33,37],"damage_taken":[{"damage":0.0,"enemies":"Small Slimes","floor":1.0,"turns":2.0},{"damage":0.0,"enemies":"2 Louse","floor":5.0,"turns":1.0},{"damage":11.0,"enemies":"3 Sentries","floor":6.0,"turns":5.0},{"damage":0.0,"enemies":"Jaw Worm","floor":7.0,"turns":3.0},{"damage":0.0,"enemies":"Looter","floor":11.0,"turns":2.0},{"damage":0.0,"enemies":"Blue Slaver","floor":12.0,"turns":4.0},{"damage":14,"enemies":"Lagavulin","floor":13,"turns":7},{"damage":0,"enemies":"Large Slime","floor":14,"turns":4},{"damage":46,"enemies":"The Guardian","floor":16,"turns":11},{"damage":10,"enemies":"Spheric Guardian","floor":18,"turns":3},{"damage":2,"enemies":"3 Byrds","floor":19,"turns":4},{"damage":28,"enemies":"Snake Plant","floor":20,"turns":4},{"damage":7,"enemies":"Book of Stabbing","floor":27,"turns":6},{"damage":45,"enemies":"Collector","floor":33,"turns":10},{"damage":28,"enemies":"Orb Walker","floor":35,"turns":4},{"damage":24,"enemies":"3 Darklings","floor":37,"turns":4},{"damage":23,"enemies":"Maw","floor":38,"turns":6},{"damage":10,"enemies":"Sphere and 2 Shapes","floor":39,"turns":1}],"event_choices":[{"event_name":"Big Fish","player_choice":"Donut","floor":2.0,"damage_taken":0.0},{"event_name":"Golden Wing","player_choice":"Gained Gold","floor":3.0,"damage_taken":0.0},{"event_name":"The Cleric","player_choice":"Card Removal","floor":4.0,"damage_taken":0.0},{"event_name":"Liars Game","player_choice":"agreed","floor":8.0,"damage_taken":0.0},{"event_name":"Addict","player_choice":"Obtained Relic","floor":22,"damage_taken":0},{"event_name":"Back to Basics","player_choice":"Elegance","floor":24,"damage_taken":0},{"event_name":"Beggar","player_choice":"Ignored","floor":28,"damage_taken":0},{"event_name":"The Woman in Blue","player_choice":"Bought 0 Potions","floor":29,"damage_taken":0}],"boss_relics":[{"not_picked":["Tiny House","White Beast Statue"],"picked":"Astrolabe"},{"not_picked":["Lizard Tail","Runic Pyramid"],"picked":"Calling Bell"}],"potions_floor_spawned":[5,6,11,14,16,19,20,33],"seed_played":"8171521420917398509","killed_by":"Sphere and 2 Shapes","ascension_level":0,"is_trial":false}