{"gold_per_floor":[118,133,144,159,159,159,177,177,258,258,273,304,304,304,304,400,400,414,96,11,38,55,81,81,91,91,190,190,290,306,306,306,411,411,429,159,0,13,32,66,66,80,80,80,80,30,30,49,49,49],"floor_reached":50,"playtime":1955,"items_purged":["Regret","Strike_B","Defend_B"],"score":490,"play_id":"3ce25917-6049-4fff-8ec4-874cf55f685b","local_time":"20190307233927","is_ascension_mode":false,"campfire_choices":[{"data":"Zap","floor":6.0,"key":"SMITH"},{"data":"Go for the Eyes","floor":8.0,"key":"SMITH"},{"data":"Defragment","floor":15,"key":"SMITH"},{"floor":24,"key":"REST"},{"floor":32,"key":"REST"},{"data":"Echo Form","floor":47,"key":"SMITH"},{"floor":49,"key":"REST"}],"neow_cost":"NONE","seed_source_timestamp":0,"circlet_count":0,"master_deck":["Defend_B+1","Defend_B+1","Zap+1","Dualcast","All For One","Conserve Battery","Cold Snap","Go for the Eyes+1","Ball Lightning","Doom and Gloom","Defragment+1","Echo Form+1","Skim","Gash","Buffer","Turbo+1","Chaos+1","Hologram+1","Steam+1","Melter+1","Fusion+1","Multi-Cast+1","Bandage Up+1"],"special_seed":0,"relics":["Cracked Core","Shuriken","Du-Vu Doll","Lantern","Mummified Hand","Philosopher\u0027s Stone","ClockworkSouvenir","Juzu Bracelet","Boot","Pocketwatch","Toxic Egg 2","Thread and Needle","Molten Egg 2","Empty Cage","Centennial Puzzle","Red Mask","Incense Burner","Smiling Mask"],"potions_floor_usage":[12,12,23,29,29,42,50,50,50],"damage_taken":[{"damage":0.0,"enemies":"2 Louse","floor":1.0,"turns":2.0},{"damage":2.0,"enemies":"Small Slimes","floor":2.0,"turns":3.0},{"damage":0.0,"enemies":"Jaw Worm","floor":3.0,"turns":4.0},{"damage":0.0,"enemies":"Exordium Thugs","floor":4.0,"turns":5.0},{"damage":0.0,"enemies":"3 Louse","floor":7.0,"turns":2.0},{"damage":4.0,"enemies":"2 Fungi Beasts","floor":11.0,"turns":2.0},{"damage":15,"enemies":"Gremlin Nob","floor":12,"turns":4},{"damage":8,"enemies":"The Guardian","floor":16,"turns":10},{"damage":13,"enemies":"Spheric Guardian","floor":18,"turns":4},{"damage":21,"enemies":"2 Thieves","floor":22,"turns":4},{"damage":24,"enemies":"Slavers","floor":23,"turns":3},{"damage":8,"enemies":"Shelled Parasite and Fungi","floor":25,"turns":5},{"damage":13,"enemies":"Colosseum Slavers","floor":29,"turns":4},{"damage":1,"enemies":"Colosseum Nobs","floor":29,"turns":3},{"damage":4,"enemies":"Snecko","floor":30,"turns":4},{"damage":30,"enemies":"Collector","floor":33,"turns":8},{"damage":0,"enemies":"Orb Walker","floor":35,"turns":3},{"damage":0,"enemies":"3 Darklings","floor":38,"turns":5},{"damage":0,"enemies":"Writhing Mass","floor":39,"turns":7},{"damage":35,"enemies":"Giant Head","floor":40,"turns":10},{"damage":0,"enemies":"4 Shapes","floor":42,"turns":5},{"damage":0,"enemies":"Maw","floor":48,"turns":7},{"damage":102,"enemies":"Donu and Deca","floor":50,"turns":8}],"seed_played":"-8160990379563388413","potions_obtained":[{"floor":3.0,"key":"PowerPotion"},{"floor":7.0,"key":"Fruit Juice"},{"floor":11.0,"key":"Regen Potion"},{"floor":12,"key":"FearPotion"},{"floor":22,"key":"PowerPotion"},{"floor":25,"key":"AttackPotion"},{"floor":29,"key":"Ancient Potion"},{"floor":33,"key":"FearPotion"},{"floor":40,"key":"EssenceOfSteel"},{"floor":48,"key":"LiquidBronze"}],"is_trial":false,"path_per_floor":["M","M","M","M","?","R","M","R","T","?","M","E","?","?","R","B",null,"M","$","?","T","M","E","R","M","T","?","?","?","M","?","R","B",null,"M","$","?","M","M","E","?","M","T","?","?","$","R","M","R","B"],"character_chosen":"DEFECT","items_purchased":["ClockworkSouvenir","Skim","Centennial Puzzle","Steam+1"],"campfire_rested":3,"item_purchase_floors":[19,19,36,36],"current_hp_per_floor":[75,73,73,73,58,58,58,58,58,55,51,53,46,46,46,38,80,67,67,67,67,46,22,46,38,38,38,38,24,20,20,44,14,80,80,80,80,80,80,45,45,45,45,45,45,45,45,51,75,0],"gold":49,"neow_bonus":"ONE_RANDOM_RARE_CARD","is_prod":false,"is_daily":false,"chose_seed":false,"campfire_upgraded":4,"win_rate":0,"timestamp":1551998367,"path_taken":["M","M","M","M","?","R","M","R","T","?","M","E","?","?","R","BOSS","M","$","?","?","M","E","R","M","T","?","?","?","M","?","R","BOSS","M","$","?","M","M","E","?","M","T","?","?","$","R","M","R","BOSS"],"build_version":"2019-01-23","purchased_purges":3,"victory":false,"max_hp_per_floor":[75,75,75,75,75,75,75,75,75,75,75,80,80,80,80,80,80,80,80,80,80,80,80,80,80,80,80,80,80,80,80,80,80,80,80,80,80,80,80,80,80,80,80,80,80,80,80,80,80,80],"card_choices":[{"not_picked":["Redo","Coolheaded"],"picked":"Conserve Battery","floor":1.0},{"not_picked":["Go for the Eyes","Conserve Battery"],"picked":"Cold Snap","floor":2.0},{"not_picked":["Stack","Ball Lightning"],"picked":"Go for the Eyes","floor":3.0},{"not_picked":["Steam","Blizzard"],"picked":"Ball Lightning","floor":4.0},{"not_picked":["Thunder Strike","Coolheaded","Sweeping Beam"],"picked":"SKIP","floor":7.0},{"not_picked":["Tempest","Sweeping Beam"],"picked":"Doom and Gloom","floor":11.0},{"not_picked":["Compile Driver","Stack"],"picked":"Defragment","floor":12},{"not_picked":["Hyperbeam","Creative AI"],"picked":"Echo Form","floor":16},{"not_picked":["Redo","Streamline","Rebound"],"picked":"SKIP","floor":18},{"not_picked":["Compile Driver","BootSequence"],"picked":"Gash","floor":22},{"not_picked":["Ball Lightning","Coolheaded"],"picked":"Buffer","floor":23},{"not_picked":["Go for the Eyes","Compile Driver","Turbo"],"picked":"SKIP","floor":25},{"not_picked":["Rip and Tear+1","Consume+1"],"picked":"Turbo+1","floor":29},{"not_picked":["Steam+1","Conserve Battery+1"],"picked":"Chaos+1","floor":30},{"not_picked":["Stack+1","Compile Driver+1"],"picked":"Hologram+1","floor":35},{"not_picked":["Ball Lightning+1","Streamline+1","Creative AI"],"picked":"SKIP","floor":38},{"not_picked":["Hologram+1","Cold Snap+1"],"picked":"Melter+1","floor":39},{"not_picked":["Barrage+1","Rebound+1"],"picked":"Fusion+1","floor":40},{"not_picked":["Cold Snap+1","Leap+1"],"picked":"Multi-Cast+1","floor":42},{"not_picked":["Madness+1","Mind Blast+1"],"picked":"Bandage Up+1","floor":45},{"not_picked":["Doom and Gloom+1","Melter+1","Compile Driver+1"],"picked":"SKIP","floor":48}],"player_experience":498615,"relics_obtained":[{"floor":9.0,"key":"Shuriken"},{"floor":12,"key":"Lantern"},{"floor":21,"key":"Boot"},{"floor":23,"key":"Pocketwatch"},{"floor":26,"key":"Toxic Egg 2"},{"floor":29,"key":"Thread and Needle"},{"floor":29,"key":"Molten Egg 2"},{"floor":40,"key":"Incense Burner"},{"floor":43,"key":"Smiling Mask"}],"event_choices":[{"damage_healed":0.0,"max_hp_gain":0.0,"max_hp_loss":0.0,"gold_gain":0.0,"event_name":"Shining Light","player_choice":"Entered Light","floor":5.0,"gold_loss":0.0,"damage_taken":15.0,"cards_upgraded":["Defend_B","Defend_B"]},{"damage_healed":0.0,"max_hp_gain":0.0,"max_hp_loss":0.0,"gold_gain":0.0,"event_name":"Scrap Ooze","player_choice":"Success","floor":10.0,"gold_loss":0.0,"damage_taken":3.0,"relics_obtained":["Du-Vu Doll"]},{"cards_removed":["Strike_B"],"damage_healed":0,"gold_gain":0,"player_choice":"Card Removal","damage_taken":7,"max_hp_gain":0,"max_hp_loss":0,"event_name":"Golden Wing","floor":13,"gold_loss":0},{"damage_healed":0,"gold_gain":0,"player_choice":"Box","damage_taken":0,"relics_obtained":["Mummified Hand"],"max_hp_gain":0,"max_hp_loss":0,"event_name":"Big Fish","floor":14,"gold_loss":0,"cards_obtained":["Regret"]},{"damage_healed":0,"gold_gain":0,"player_choice":"Obtained Relic","damage_taken":0,"relics_obtained":["Juzu Bracelet"],"max_hp_gain":0,"max_hp_loss":0,"event_name":"Addict","floor":20,"gold_loss":85},{"damage_healed":0,"gold_gain":99,"player_choice":"Stole From Cult","damage_taken":0,"max_hp_gain":0,"max_hp_loss":0,"event_name":"Nest","floor":27,"gold_loss":0},{"damage_healed":0,"gold_gain":0,"player_choice":"Ignored","damage_taken":0,"max_hp_gain":0,"max_hp_loss":0,"event_name":"Ghosts","floor":28,"gold_loss":0},{"damage_healed":0,"gold_gain":0,"player_choice":"Fight","damage_taken":0,"max_hp_gain":0,"max_hp_loss":0,"event_name":"Colosseum","floor":29,"gold_loss":0},{"damage_healed":0,"gold_gain":0,"player_choice":"Fought Nobs","damage_taken":0,"max_hp_gain":0,"max_hp_loss":0,"event_name":"Colosseum","floor":29,"gold_loss":0},{"damage_healed":0,"gold_gain":0,"player_choice":"Ignored","damage_taken":0,"max_hp_gain":0,"max_hp_loss":0,"event_name":"The Mausoleum","floor":31,"gold_loss":0},{"damage_healed":0,"gold_gain":0,"player_choice":"Paid","damage_taken":0,"relics_obtained":["Red Mask"],"max_hp_gain":0,"max_hp_loss":0,"event_name":"Tomb of Lord Red Mask","floor":37,"gold_loss":159},{"damage_healed":0,"gold_gain":0,"player_choice":"Got Potions","damage_taken":0,"max_hp_gain":0,"max_hp_loss":0,"event_name":"Lab","floor":41,"gold_loss":0},{"cards_removed":["Defend_B"],"damage_healed":0,"gold_gain":0,"player_choice":"Removed Skill","damage_taken":0,"max_hp_gain":0,"max_hp_loss":0,"event_name":"Falling","floor":44,"gold_loss":0},{"damage_healed":0,"gold_gain":0,"player_choice":"Memory 1","damage_taken":0,"max_hp_gain":0,"max_hp_loss":0,"event_name":"SensoryStone","floor":45,"gold_loss":0}],"is_beta":false,"boss_relics":[{"not_picked":["Runic Pyramid","Runic Dome"],"picked":"Philosopher\u0027s Stone"},{"not_picked":["Cursed Key","Astrolabe"],"picked":"Empty Cage"}],"items_purged_floors":[19,36,46],"is_endless":false,"potions_floor_spawned":[3,7,11,12,22,25,29,33,40,48],"killed_by":"Donu and Deca","ascension_level":0}