{"gold_per_floor":[114,114,114,114,114,114,125,142,142,142],"floor_reached":10,"playtime":193,"items_purged":[],"score":112,"play_id":"0a835a62-aaba-43eb-a6e2-95848806efd2","local_time":"20190717221445","is_ascension_mode":true,"campfire_choices":[{"data":"Neutralize","floor":6.0,"key":"SMITH"}],"neow_cost":"PERCENT_DAMAGE","seed_source_timestamp":911425545833502,"circlet_count":0,"master_deck":["AscendersBane","Strike_G","Strike_G","Strike_G","Strike_G","Defend_G","Defend_G+1","Defend_G","Defend_G","Survivor","Neutralize+1","Acrobatics+1","Dagger Spray","Quick Slash"],"special_seed":0,"relics":["Ring of the Snake","PreservedInsect","Shuriken","Pen Nib"],"potions_floor_usage":[],"damage_taken":[{"damage":4.0,"enemies":"Jaw Worm","floor":1.0,"turns":6.0},{"damage":0.0,"enemies":"Small Slimes","floor":7.0,"turns":4.0},{"damage":6.0,"enemies":"2 Louse","floor":8.0,"turns":3.0},{"damage":5,"enemies":"Lagavulin","floor":10,"turns":5}],"seed_played":"-3836722027476157943","potions_obtained":[],"is_trial":false,"path_per_floor":["M","?","?","?","T","R","M","M","T","E"],"character_chosen":"THE_SILENT","items_purchased":[],"campfire_rested":0,"item_purchase_floors":[],"current_hp_per_floor":[40,20,20,20,20,20,20,14,14,9],"gold":142,"neow_bonus":"REMOVE_TWO","is_prod":false,"is_daily":false,"chose_seed":false,"campfire_upgraded":1,"win_rate":0,"timestamp":1563372885,"path_taken":["M","?","?","?","?","R","M","?","T","E"],"build_version":"2019-07-05","purchased_purges":0,"victory":false,"max_hp_per_floor":[66,66,66,66,66,66,66,66,66,66],"card_choices":[{"not_picked":["Quick Slash","Deflect"],"picked":"Acrobatics","floor":1.0},{"not_picked":["Prepared","Bane"],"picked":"Dagger Spray","floor":7.0},{"not_picked":["Flying Knee","Well Laid Plans"],"picked":"Quick Slash","floor":8.0}],"player_experience":1615025,"relics_obtained":[{"floor":5.0,"key":"Shuriken"},{"floor":9.0,"key":"Pen Nib"}],"event_choices":[{"damage_healed":0.0,"max_hp_gain":0.0,"max_hp_loss":0.0,"gold_gain":0.0,"event_name":"Shining Light","player_choice":"Entered Light","floor":2.0,"gold_loss":0.0,"damage_taken":20.0,"cards_upgraded":["Defend_G","Acrobatics"]},{"damage_healed":0.0,"max_hp_gain":0.0,"max_hp_loss":0.0,"gold_gain":0.0,"event_name":"Big Fish","player_choice":"Box","floor":3.0,"gold_loss":0.0,"damage_taken":0.0,"relics_obtained":["PreservedInsect"],"cards_obtained":["Regret"]},{"cards_removed":["Regret"],"damage_healed":0.0,"max_hp_gain":0.0,"max_hp_loss":0.0,"gold_gain":0.0,"event_name":"Living Wall","player_choice":"Forget","floor":4.0,"gold_loss":0.0,"damage_taken":0.0}],"is_beta":false,"boss_relics":[],"items_purged_floors":[],"is_endless":false,"potions_floor_spawned":[],"killed_by":"Lagavulin","ascension_level":20}