{"gold_per_floor":[114,125,145,161,61,71,71,86,86,86,86,10,10,20,20,123,123,136,153,153,0,14,14,25,25,25,25,25,39,52,64,64,168,168,180,180,280,280,297,297,197,213,261,2,2,27,47,47,47,47],"floor_reached":51,"playtime":1877,"items_purged":["Strike_B","Strike_B"],"score":698,"play_id":"9c1c1e69-e569-4caa-a162-d2953c060d96","local_time":"20190724200915","is_ascension_mode":false,"campfire_choices":[{"data":"Storm","floor":7.0,"key":"SMITH"},{"data":"Static Discharge","floor":10.0,"key":"SMITH"},{"data":"Zap","floor":13.0,"key":"SMITH"},{"data":"Storm","floor":15.0,"key":"SMITH"},{"data":"Buffer","floor":23.0,"key":"SMITH"},{"data":"Chill","floor":27.0,"key":"SMITH"},{"floor":32.0,"key":"REST"},{"data":"Impatience","floor":40,"key":"SMITH"},{"data":"Impatience","floor":45,"key":"SMITH"},{"data":"Hello World","floor":49,"key":"SMITH"}],"neow_cost":"NONE","seed_source_timestamp":4366361709565,"circlet_count":0,"master_deck":["Strike_B","Strike_B","Defend_B+1","Defend_B","Defend_B","Defend_B","Zap+1","Dualcast+1","Blizzard","Gash","Storm+1","Electrodynamics","Auto Shields+1","Static Discharge+1","Storm+1","Buffer+1","Storm+1","Storm+1","Heatsinks","Recycle+1","Chill+1","White Noise","Auto Shields","Creative AI","Impatience+1","Impatience+1","Purity","Writhe","Hello World+1"],"special_seed":0,"relics":["Cracked Core","Bottled Tornado","White Beast Statue","Blue Candle","Busted Crown","Mango","Happy Flower","Mummified Hand","Boot"],"potions_floor_usage":[46,50,50,50],"damage_taken":[{"damage":6.0,"enemies":"Jaw Worm","floor":1.0,"turns":3.0},{"damage":1.0,"enemies":"Cultist","floor":2.0,"turns":3.0},{"damage":0.0,"enemies":"2 Louse","floor":3.0,"turns":2.0},{"damage":16.0,"enemies":"Large Slime","floor":4.0,"turns":7.0},{"damage":5.0,"enemies":"2 Fungi Beasts","floor":6.0,"turns":3.0},{"damage":14.0,"enemies":"Exordium Wildlife","floor":8.0,"turns":3.0},{"damage":10.0,"enemies":"Looter","floor":14.0,"turns":2.0},{"damage":4.0,"enemies":"Hexaghost","floor":16.0,"turns":7.0},{"damage":1.0,"enemies":"Spheric Guardian","floor":18.0,"turns":3.0},{"damage":0.0,"enemies":"3 Byrds","floor":19.0,"turns":2.0},{"damage":25.0,"enemies":"Snake Plant","floor":22.0,"turns":2.0},{"damage":2.0,"enemies":"Snecko","floor":24.0,"turns":4.0},{"damage":0.0,"enemies":"Shelled Parasite and Fungi","floor":28.0,"turns":1.0},{"damage":16.0,"enemies":"Snake Plant","floor":29.0,"turns":3.0},{"damage":0.0,"enemies":"Chosen and Byrds","floor":30.0,"turns":4.0},{"damage":6.0,"enemies":"Centurion and Healer","floor":31.0,"turns":5.0},{"damage":25.0,"enemies":"Champ","floor":33.0,"turns":7.0},{"damage":1.0,"enemies":"3 Shapes","floor":35.0,"turns":3.0},{"damage":0.0,"enemies":"Mind Bloom Boss Battle","floor":37.0,"turns":5.0},{"damage":0,"enemies":"3 Darklings","floor":39,"turns":2},{"damage":0,"enemies":"Transient","floor":42,"turns":5},{"damage":13,"enemies":"Nemesis","floor":46,"turns":3},{"damage":0,"enemies":"Jaw Worm Horde","floor":47,"turns":1},{"damage":27,"enemies":"Awakened One","floor":50,"turns":8}],"seed_played":"-5266164669854394567","potions_obtained":[{"floor":3.0,"key":"Weak Potion"},{"floor":4.0,"key":"SpeedPotion"},{"floor":8.0,"key":"PowerPotion"},{"floor":18.0,"key":"AttackPotion"},{"floor":19.0,"key":"FearPotion"},{"floor":22.0,"key":"SmokeBomb"},{"floor":24.0,"key":"SkillPotion"},{"floor":29.0,"key":"FearPotion"},{"floor":31.0,"key":"SneckoOil"},{"floor":33.0,"key":"Weak Potion"},{"floor":35.0,"key":"Energy Potion"},{"floor":37.0,"key":"GamblersBrew"},{"floor":46,"key":"Explosive Potion"}],"is_trial":false,"path_per_floor":["M","M","M","M","$","M","R","M","T","R","?","$","R","M","R","B",null,"M","M","?","$","M","R","M","$","T","R","M","M","M","M","R","B",null,"M","?","?","?","M","R","$","M","T","$","R","E","M","?","R","B",null],"character_chosen":"DEFECT","items_purchased":["Auto Shields","Static Discharge","Storm","Heatsinks","Mummified Hand"],"campfire_rested":1,"item_purchase_floors":[5,5,12,21,44],"current_hp_per_floor":[69,68,68,52,52,47,47,33,33,33,18,18,18,8,8,4,75,74,74,74,74,49,49,47,47,47,47,47,31,31,25,47,22,75,74,64,78,89,89,89,89,89,89,89,89,76,76,76,76,49],"gold":47,"neow_bonus":"UPGRADE_CARD","is_prod":false,"is_daily":false,"chose_seed":false,"campfire_upgraded":9,"win_rate":0,"timestamp":1563970155,"path_taken":["M","M","M","M","$","M","R","M","T","R","?","$","R","M","R","BOSS","M","M","?","$","?","R","M","$","T","R","M","?","M","?","R","BOSS","M","?","?","?","M","R","$","M","T","$","R","E","?","?","R","BOSS"],"build_version":"2019-07-17","purchased_purges":2,"victory":true,"max_hp_per_floor":[75,75,75,75,75,75,75,75,75,75,75,75,75,75,75,75,75,75,75,75,75,75,75,75,75,75,75,75,75,75,75,75,75,75,75,75,89,89,89,89,89,89,89,89,89,89,89,89,89,89],"card_choices":[{"not_picked":["Beam Cell","Steam Power"],"picked":"Blizzard","floor":1.0},{"not_picked":["FTL","Leap"],"picked":"Gash","floor":2.0},{"not_picked":["Cold Snap","Beam Cell"],"picked":"Storm","floor":3.0},{"not_picked":["Blizzard","Streamline"],"picked":"Electrodynamics","floor":4.0},{"not_picked":["Conserve Battery","Go for the Eyes","Rip and Tear"],"picked":"SKIP","floor":6.0},{"not_picked":["Fusion","Go for the Eyes","Stack"],"picked":"SKIP","floor":8.0},{"not_picked":["Go for the Eyes","Coolheaded","Compile Driver"],"picked":"SKIP","floor":14.0},{"not_picked":["Machine Learning","Rainbow"],"picked":"Buffer","floor":16.0},{"not_picked":["Sweeping Beam","Steam Power","Stack"],"picked":"SKIP","floor":18.0},{"not_picked":["Scrape","Compile Driver"],"picked":"Storm+1","floor":19.0},{"not_picked":["Conserve Battery","Scrape"],"picked":"Recycle+1","floor":22.0},{"not_picked":["Beam Cell+1","Fusion"],"picked":"Chill","floor":24.0},{"not_picked":["Go for the Eyes","Gash","Lockon"],"picked":"SKIP","floor":29.0},{"not_picked":["Doom and Gloom","Aggregate"],"picked":"White Noise","floor":30.0},{"not_picked":["Steam","Rebound+1","Auto Shields"],"picked":"SKIP","floor":31.0},{"not_picked":["Steam","Rebound+1"],"picked":"Auto Shields","floor":31.0},{"not_picked":["Amplify","Fission"],"picked":"Creative AI","floor":33.0},{"not_picked":["Compile Driver+1"],"picked":"SKIP","floor":35.0},{"not_picked":[],"picked":"Impatience","floor":36.0},{"not_picked":[],"picked":"Impatience","floor":36.0},{"not_picked":[],"picked":"Purity","floor":36.0},{"not_picked":["Redo"],"picked":"SKIP","floor":39},{"not_picked":["Gash"],"picked":"SKIP","floor":42},{"not_picked":["Doom and Gloom+1"],"picked":"SKIP","floor":46},{"not_picked":[],"picked":"Hello World","floor":47}],"player_experience":5851368,"relics_obtained":[{"floor":9.0,"key":"Bottled Tornado"},{"floor":26.0,"key":"Blue Candle"},{"floor":37.0,"key":"Mango"},{"floor":43,"key":"Happy Flower"},{"floor":46,"key":"Boot"}],"event_choices":[{"damage_healed":0.0,"max_hp_gain":0.0,"max_hp_loss":0.0,"gold_gain":0.0,"event_name":"Shining Light","player_choice":"Entered Light","floor":11.0,"gold_loss":0.0,"damage_taken":15.0,"cards_upgraded":["Defend_B","Auto Shields"]},{"damage_healed":0.0,"max_hp_gain":0.0,"max_hp_loss":0.0,"gold_gain":0.0,"event_name":"Duplicator","player_choice":"Copied","floor":20.0,"gold_loss":0.0,"damage_taken":0.0,"cards_obtained":["Storm"]},{"damage_healed":0.0,"max_hp_gain":0.0,"max_hp_loss":0.0,"gold_gain":0.0,"event_name":"SensoryStone","player_choice":"Memory 3","floor":36.0,"gold_loss":0.0,"damage_taken":10.0},{"damage_healed":0.0,"max_hp_gain":0.0,"max_hp_loss":0.0,"gold_gain":0.0,"event_name":"MindBloom","player_choice":"Fight","floor":37.0,"gold_loss":0.0,"damage_taken":0.0},{"damage_healed":22,"gold_gain":0,"player_choice":"Writhe","damage_taken":0,"max_hp_gain":0,"max_hp_loss":0,"event_name":"Winding Halls","floor":38,"gold_loss":0,"cards_obtained":["Writhe"]},{"damage_healed":0,"gold_gain":0,"player_choice":"Ignored","damage_taken":0,"max_hp_gain":0,"max_hp_loss":0,"event_name":"Mysterious Sphere","floor":48,"gold_loss":0}],"is_beta":false,"boss_relics":[{"not_picked":["Snecko Eye","Inserter"],"picked":"White Beast Statue"},{"not_picked":["Empty Cage","Nuclear Battery"],"picked":"Busted Crown"}],"items_purged_floors":[21,41],"is_endless":false,"potions_floor_spawned":[3,4,8,14,18,19,22,24,28,29,30,31,33,35,37,39,42,46,47],"ascension_level":0}