{"gold_per_floor":[116,34,49,124,138,469,469,469,469,479,479,320,45,45,45,118,118,138,53,64,74,142,142,158,158,158,158,158,178,198,98,98,169,169,187,187,6,306,306,306,286,286,286,286,46,66,66,99,99,99,99],"floor_reached":52,"playtime":1961,"items_purged":["Doubt","Doubt","Strike_G+1"],"score":1973,"play_id":"fe3119bd-894b-407f-90d9-b5d5ed0c64d2","local_time":"20181013204728","is_ascension_mode":true,"campfire_choices":[{"data":"Catalyst","floor":8.0,"key":"SMITH"},{"data":"Bouncing Flask","floor":11.0,"key":"SMITH"},{"data":"Noxious Fumes","floor":15.0,"key":"SMITH"},{"floor":23.0,"key":"REST"},{"floor":25.0,"key":"REST"},{"data":"Leg Sweep","floor":27.0,"key":"SMITH"},{"floor":32.0,"key":"REST"},{"data":"Backflip","floor":40.0,"key":"SMITH"},{"floor":47.0,"key":"REST"},{"data":"Leg Sweep","floor":49.0,"key":"SMITH"}],"neow_cost":"NONE","seed_source_timestamp":41029201532138,"circlet_count":0,"master_deck":["Defend_G+1","Defend_G+1","Defend_G+1","Defend_G+1","Defend_G+1","Strike_G+1","Strike_G+1","Survivor+1","Neutralize+1","AscendersBane","Deadly Poison+1","Catalyst+1","Poisoned Stab+1","Bouncing Flask+1","Backflip+1","Leg Sweep+1","Noxious Fumes+1","Die Die Die+1","Corpse Explosion+1","Bouncing Flask+1","Dodge and Roll+1","Footwork+1","Backflip+1","After Image+1","Backflip+1","Backflip+1","Leg Sweep+1"],"special_seed":0,"relics":["Cursed Key","Old Coin","Calipers","Paper Crane","White Beast Statue","Sundial","Busted Crown","Mark of the Bloom","Strange Spoon","Darkstone Periapt"],"potions_floor_usage":[50,50],"damage_taken":[{"damage":0.0,"enemies":"Small Slimes","floor":1.0,"turns":5.0},{"damage":0.0,"enemies":"Jaw Worm","floor":3.0,"turns":4.0},{"damage":0.0,"enemies":"2 Louse","floor":5.0,"turns":2.0},{"damage":12.0,"enemies":"3 Sentries","floor":6.0,"turns":7.0},{"damage":10.0,"enemies":"Gremlin Gang","floor":10.0,"turns":5.0},{"damage":0.0,"enemies":"The Guardian","floor":16.0,"turns":6.0},{"damage":10.0,"enemies":"Chosen","floor":18.0,"turns":5.0},{"damage":4.0,"enemies":"Shell Parasite","floor":20.0,"turns":3.0},{"damage":2.0,"enemies":"Centurion and Healer","floor":21.0,"turns":5.0},{"damage":13.0,"enemies":"Snecko","floor":24.0,"turns":3.0},{"damage":28.0,"enemies":"Shelled Parasite and Fungi","floor":29.0,"turns":4.0},{"damage":22.0,"enemies":"Snake Plant","floor":30.0,"turns":5.0},{"damage":25.0,"enemies":"Champ","floor":33.0,"turns":11.0},{"damage":0.0,"enemies":"3 Shapes","floor":35.0,"turns":6.0},{"damage":0.0,"enemies":"3 Darklings","floor":46.0,"turns":2.0},{"damage":0.0,"enemies":"Nemesis","floor":48.0,"turns":7.0},{"damage":1,"enemies":"Time Eater","floor":50,"turns":14},{"damage":10,"enemies":"Donu and Deca","floor":51,"turns":7}],"seed_played":"-8797910938247150088","potions_obtained":[{"floor":3.0,"key":"Explosive Potion"},{"floor":5.0,"key":"Poison Potion"},{"floor":6.0,"key":"SpeedPotion"},{"floor":16.0,"key":"LiquidBronze"},{"floor":18.0,"key":"Poison Potion"},{"floor":20.0,"key":"LiquidBronze"},{"floor":21.0,"key":"AttackPotion"},{"floor":24.0,"key":"GamblersBrew"},{"floor":29.0,"key":"LiquidBronze"},{"floor":30.0,"key":"LiquidBronze"},{"floor":33.0,"key":"FearPotion"},{"floor":35.0,"key":"SpeedPotion"},{"floor":41.0,"key":"SpeedPotion"}],"is_trial":false,"path_per_floor":["M","$","M","?","M","E","?","R","T","M","R","$","$","?","R","B",null,"M","$","M","M","T","R","M","R","T","R","?","M","M","$","R","B",null,"M","?","$","?","?","R","?","?","T","?","$","M","R","E","R","B","B"],"character_chosen":"THE_SILENT","items_purchased":["Catalyst","Noxious Fumes","Paper Crane","Corpse Explosion","Backflip","Strange Spoon"],"campfire_rested":4,"item_purchase_floors":[2,12,13,19,37,45],"current_hp_per_floor":[59,59,59,48,48,36,29,29,29,19,19,19,19,19,19,19,54,44,44,40,38,38,57,44,63,63,63,63,35,13,13,32,7,51,51,51,51,51,51,51,51,51,51,51,51,51,51,51,51,50,40],"gold":99,"neow_bonus":"BOSS_RELIC","is_prod":false,"is_daily":false,"chose_seed":false,"campfire_upgraded":6,"win_rate":0,"timestamp":1539434848,"path_taken":["M","$","M","?","M","E","?","R","T","M","R","?","$","?","R","BOSS","M","?","?","M","?","R","M","R","T","R","?","M","?","$","R","BOSS","M","?","$","?","?","R","?","?","T","?","$","M","R","E","R","BOSS","BOSS"],"build_version":"2018-10-11","purchased_purges":3,"victory":true,"max_hp_per_floor":[66,66,66,66,66,66,66,66,66,66,66,66,66,66,66,66,66,66,66,66,66,66,66,66,66,66,66,66,66,66,66,66,66,66,66,66,66,66,66,66,66,63,63,63,63,63,63,63,63,63,63],"card_choices":[{"not_picked":["Bane","Dagger Throw"],"picked":"Deadly Poison","floor":1.0},{"not_picked":["Sucker Punch","Flying Knee"],"picked":"Poisoned Stab","floor":3.0},{"not_picked":["PiercingWail","Dodge and Roll"],"picked":"Bouncing Flask","floor":5.0},{"not_picked":["Cloak And Dagger","Riddle With Holes"],"picked":"Backflip","floor":6.0},{"not_picked":["Cloak And Dagger","Calculated Gamble"],"picked":"Leg Sweep","floor":10.0},{"not_picked":["A Thousand Cuts","Doppelganger"],"picked":"Die Die Die","floor":16.0},{"not_picked":["Quick Slash","Cloak And Dagger+1","All Out Attack"],"picked":"SKIP","floor":18.0},{"not_picked":["Blade Dance","Dash+1"],"picked":"Bouncing Flask+1","floor":20.0},{"not_picked":["Flying Knee+1","Eviscerate"],"picked":"Dodge and Roll+1","floor":21.0},{"not_picked":["Dagger Throw","Masterful Stab","Slice"],"picked":"SKIP","floor":24.0},{"not_picked":["Deflect+1","Slice+1"],"picked":"Footwork","floor":29.0},{"not_picked":["Predator","Skewer"],"picked":"Backflip","floor":30.0},{"not_picked":["Envenom","Die Die Die"],"picked":"After Image","floor":33.0},{"not_picked":[],"picked":"Backflip","floor":35.0},{"not_picked":["Bane"],"picked":"SKIP","floor":46.0},{"not_picked":[],"picked":"Leg Sweep","floor":48.0}],"player_experience":171441,"relics_obtained":[{"floor":6.0,"key":"Old Coin"},{"floor":9.0,"key":"Calipers"},{"floor":22.0,"key":"Sundial"},{"floor":48.0,"key":"Darkstone Periapt"}],"event_choices":[{"event_name":"World of Goop","player_choice":"Gather Gold","floor":4.0,"damage_taken":0.0},{"event_name":"Golden Wing","player_choice":"Card Removal","floor":7.0,"damage_taken":0.0},{"event_name":"Shining Light","player_choice":"Ignored","floor":14.0,"damage_taken":0.0},{"event_name":"The Mausoleum","player_choice":"No","floor":28.0,"damage_taken":0.0},{"event_name":"MindBloom","player_choice":"Upgrade","floor":36.0,"damage_taken":0.0},{"event_name":"Wheel of Change","player_choice":"Gold","floor":38.0,"damage_taken":0.0},{"event_name":"Tomb of Lord Red Mask","player_choice":"Ignored","floor":39.0,"damage_taken":0.0},{"event_name":"The Woman in Blue","player_choice":"Bought 1 Potion","floor":41.0,"damage_taken":0.0},{"event_name":"Winding Halls","player_choice":"Max HP","floor":42.0,"damage_taken":0.0},{"event_name":"Falling","player_choice":"Removed Attack","floor":44.0,"damage_taken":0.0}],"is_beta":false,"boss_relics":[{"not_picked":["Philosopher\u0027s Stone","Pandora\u0027s Box"],"picked":"White Beast Statue"},{"not_picked":["Runic Dome","Eternal Feather"],"picked":"Busted Crown"}],"items_purged_floors":[12,31,37],"is_endless":false,"potions_floor_spawned":[3,5,6,16,18,20,21,24,29,30,33,35,46,48],"ascension_level":20}