{"gold_per_floor":[110,128,128,128,147,147,179,179,203,221,221,252,125,141,141,141],"floor_reached":16,"playtime":456,"items_purged":["Strike_R"],"score":270,"play_id":"06369c0e-0eaa-4458-898a-156c2c8280bc","local_time":"20190603154820","is_ascension_mode":true,"campfire_choices":[{"data":"Rampage","floor":6.0,"key":"SMITH"},{"data":"Bash","floor":8,"key":"SMITH"},{"data":"True Grit","floor":15,"key":"SMITH"}],"neow_cost":"NONE","seed_source_timestamp":169245131702233,"circlet_count":0,"master_deck":["AscendersBane","Strike_R","Strike_R","Strike_R","Defend_R+1","Defend_R","Defend_R+1","Defend_R","Bash+1","Brutality","Wild Strike","Rampage+1","Berserk","Feed","True Grit+1","Combust"],"special_seed":0,"relics":["Burning Blood","War Paint","Potion Belt","Bag of Marbles"],"potions_floor_usage":[7,16],"damage_taken":[{"damage":21.0,"enemies":"Jaw Worm","floor":1.0,"turns":8.0},{"damage":7.0,"enemies":"2 Louse","floor":2.0,"turns":3.0},{"damage":0.0,"enemies":"Cultist","floor":5.0,"turns":2.0},{"damage":0,"enemies":"Gremlin Nob","floor":7,"turns":2},{"damage":12,"enemies":"Blue Slaver","floor":10,"turns":3},{"damage":18,"enemies":"Lagavulin","floor":12,"turns":7},{"damage":2,"enemies":"Large Slime","floor":14,"turns":3},{"damage":61,"enemies":"Slime Boss","floor":16,"turns":6}],"seed_played":"-8378630291843003","potions_obtained":[{"floor":5.0,"key":"AttackPotion"},{"floor":7,"key":"Energy Potion"},{"floor":10,"key":"SkillPotion"}],"is_trial":false,"path_per_floor":["M","M","?","?","M","R","E","R","T","M","?","E","$","M","R","B"],"character_chosen":"IRONCLAD","items_purchased":["True Grit"],"campfire_rested":0,"item_purchase_floors":[13],"current_hp_per_floor":[53,52,52,52,61,61,70,70,70,67,62,53,53,60,60,0],"gold":141,"neow_bonus":"ONE_RANDOM_RARE_CARD","is_prod":false,"is_daily":false,"chose_seed":false,"campfire_upgraded":3,"win_rate":0,"timestamp":1559548100,"path_taken":["M","M","?","?","?","R","E","R","T","M","?","E","$","M","R","BOSS"],"build_version":"2019-01-23","purchased_purges":1,"victory":false,"max_hp_per_floor":[75,75,75,75,78,78,81,81,81,84,84,87,87,90,90,90],"card_choices":[{"not_picked":["Sentinel","Fire Breathing"],"picked":"Wild Strike","floor":1.0},{"not_picked":["Twin Strike","Spot Weakness"],"picked":"Rampage","floor":2.0},{"not_picked":["Headbutt","Rampage","Perfected Strike"],"picked":"SKIP","floor":5.0},{"not_picked":["Sword Boomerang","Searing Blow","Clothesline"],"picked":"SKIP","floor":7},{"not_picked":["Body Slam","Reckless Charge","Havoc"],"picked":"SKIP","floor":10},{"not_picked":["Disarm","Warcry","Sword Boomerang"],"picked":"SKIP","floor":12},{"not_picked":["Clothesline","Intimidate"],"picked":"Combust","floor":14}],"player_experience":5023363,"relics_obtained":[{"floor":7,"key":"War Paint"},{"floor":12,"key":"Bag of Marbles"}],"event_choices":[{"damage_healed":0.0,"max_hp_gain":0.0,"max_hp_loss":0.0,"gold_gain":0.0,"cards_transformed":["Strike_R"],"event_name":"Living Wall","player_choice":"Change","floor":3.0,"gold_loss":0.0,"damage_taken":0.0,"cards_obtained":["Berserk"]},{"damage_healed":0.0,"max_hp_gain":0.0,"max_hp_loss":0.0,"gold_gain":0.0,"event_name":"Match and Keep!","player_choice":"1 cards matched","floor":4.0,"gold_loss":0.0,"damage_taken":0.0,"cards_obtained":["Feed"]},{"damage_healed":0,"gold_gain":0,"player_choice":"Success","damage_taken":5,"relics_obtained":["Potion Belt"],"max_hp_gain":0,"max_hp_loss":0,"event_name":"Scrap Ooze","floor":11,"gold_loss":0}],"is_beta":false,"boss_relics":[],"items_purged_floors":[13],"is_endless":false,"potions_floor_spawned":[5,7,10],"killed_by":"Slime Boss","ascension_level":20}