{"gold_per_floor":[111,111,111,36,51,76,95,95,95,123,139,66,97,97,97,172,172,184,84,99,110,110,110,121,121,168,168,197,211,245,120,120,197,197,209,59,59,59,75,75,27,27,27,41,141,141,160,195,195,195],"floor_reached":51,"playtime":2779,"items_purged":["Strike_G","Strike_G","Strike_G","Strike_G"],"score":1401,"play_id":"5366474a-9c29-44ee-9c12-f717a53a84cc","local_time":"20190215010623","is_ascension_mode":true,"campfire_choices":[{"data":"Neutralize","floor":8,"key":"SMITH"},{"data":"Cloak And Dagger","floor":15,"key":"SMITH"},{"data":"Tactician","floor":23,"key":"SMITH"},{"data":"Footwork","floor":25,"key":"SMITH"},{"data":"Footwork","floor":27,"key":"SMITH"},{"floor":32,"key":"REST"},{"data":"Prepared","floor":40,"key":"SMITH"},{"data":"Acrobatics","floor":42,"key":"SMITH"},{"data":"Envenom","floor":46,"key":"SMITH"},{"data":"Malaise","floor":49,"key":"SMITH"}],"neow_cost":"NONE","seed_source_timestamp":191968646904736,"circlet_count":0,"master_deck":["AscendersBane","Defend_G","Defend_G","Defend_G","Defend_G+1","Defend_G","Survivor","Neutralize+1","Dash","Footwork+1","Cloak And Dagger+1","Malaise+1","Infinite Blades","Tactician+1","Footwork+1","Heel Hook","After Image","Prepared+1","Acrobatics+1","Reflex+1","Envenom+1"],"relics":["Ring of the Snake","NeowsBlessing","Blue Candle","Sundial","Art of War","Boot","Ninja Scroll","Runic Pyramid","Regal Pillow","Bottled Flame","Red Mask","Eternal Feather","Oddly Smooth Stone","Nunchaku","Dodecahedron"],"potions_floor_usage":[10,13,16,24,30,30,48,48],"damage_taken":[{"damage":0,"enemies":"Jaw Worm","floor":1,"turns":1},{"damage":0,"enemies":"2 Louse","floor":5,"turns":1},{"damage":0,"enemies":"Gremlin Nob","floor":6,"turns":1},{"damage":0,"enemies":"Cultist","floor":7,"turns":5},{"damage":12,"enemies":"3 Sentries","floor":10,"turns":9},{"damage":0,"enemies":"2 Fungi Beasts","floor":11,"turns":4},{"damage":8,"enemies":"Lagavulin","floor":13,"turns":11},{"damage":7,"enemies":"The Guardian","floor":16,"turns":16},{"damage":0,"enemies":"Chosen","floor":18,"turns":6},{"damage":0,"enemies":"3 Byrds","floor":20,"turns":5},{"damage":6,"enemies":"Snake Plant","floor":21,"turns":7},{"damage":10,"enemies":"Snecko","floor":24,"turns":11},{"damage":0,"enemies":"Book of Stabbing","floor":28,"turns":10},{"damage":0,"enemies":"Shelled Parasite and Fungi","floor":29,"turns":7},{"damage":27,"enemies":"Masked Bandits","floor":30,"turns":7},{"damage":14,"enemies":"Champ","floor":33,"turns":27},{"damage":0,"enemies":"Orb Walker","floor":35,"turns":6},{"damage":3,"enemies":"3 Shapes","floor":39,"turns":6},{"damage":21,"enemies":"Jaw Worm Horde","floor":44,"turns":5},{"damage":0,"enemies":"Mind Bloom Boss Battle","floor":45,"turns":8},{"damage":8,"enemies":"Sphere and 2 Shapes","floor":47,"turns":6},{"damage":29,"enemies":"Reptomancer","floor":48,"turns":8},{"damage":0,"enemies":"Awakened One","floor":50,"turns":13}],"seed_played":"7781814430466662745","potions_obtained":[{"floor":5,"key":"Explosive Potion"},{"floor":7,"key":"FearPotion"},{"floor":10,"key":"SteroidPotion"},{"floor":16,"key":"Weak Potion"},{"floor":20,"key":"Block Potion"},{"floor":24,"key":"PowerPotion"},{"floor":33,"key":"Block Potion"},{"floor":39,"key":"PowerPotion"},{"floor":47,"key":"Strength Potion"}],"is_trial":false,"path_per_floor":["M","?","?","$","M","E","M","R","T","E","M","$","E","?","R","B",null,"M","$","M","M","?","R","M","R","T","R","E","M","?","$","R","B",null,"M","$","?","?","M","R","$","R","T","M","?","R","M","E","R","B",null],"character_chosen":"THE_SILENT","items_purchased":["Footwork","Acrobatics"],"campfire_rested":1,"item_purchase_floors":[12,41],"current_hp_per_floor":[59,64,43,43,43,43,43,43,43,31,31,31,23,23,23,16,57,57,57,57,51,47,47,37,37,37,37,37,37,10,10,46,32,61,61,61,61,61,58,67,67,71,71,50,50,62,54,25,37,37],"gold":195,"neow_bonus":"THREE_ENEMY_KILL","is_prod":false,"is_daily":false,"chose_seed":false,"campfire_upgraded":9,"win_rate":0,"timestamp":1550163983,"path_taken":["M","?","?","$","M","E","M","R","T","E","M","$","E","?","R","BOSS","M","$","M","?","?","R","M","R","T","R","E","?","?","?","R","BOSS","M","$","?","?","M","R","?","R","T","M","?","R","M","E","R","BOSS"],"build_version":"2019-01-23","purchased_purges":4,"victory":true,"max_hp_per_floor":[66,71,71,71,71,71,71,71,71,71,71,71,71,71,71,71,71,71,71,71,71,71,71,71,71,71,71,71,71,71,71,71,71,71,71,71,71,71,71,71,71,71,71,71,71,71,71,71,71,71],"card_choices":[{"not_picked":["Bane","Prepared","Slice"],"picked":"SKIP","floor":1},{"not_picked":["Slice","Riddle With Holes","Dodge and Roll"],"picked":"SKIP","floor":5},{"not_picked":["Dagger Throw","Predator"],"picked":"Escape Plan","floor":6},{"not_picked":["Doppelganger","Poisoned Stab"],"picked":"Dash","floor":7},{"not_picked":["Endless Agony","Prepared","Flying Knee"],"picked":"SKIP","floor":10},{"not_picked":["Skewer","Heel Hook","Crippling Poison"],"picked":"SKIP","floor":11},{"not_picked":["Dodge and Roll","Dagger Spray"],"picked":"Cloak And Dagger","floor":13},{"not_picked":["Die Die Die","Night Terror"],"picked":"Malaise","floor":16},{"not_picked":["Deflect","Poisoned Stab"],"picked":"Infinite Blades","floor":18},{"not_picked":["Dash","Dodge and Roll"],"picked":"Tactician","floor":20},{"not_picked":["Blade Dance","Finisher"],"picked":"Footwork","floor":21},{"not_picked":["Sucker Punch","Dagger Throw","Underhanded Strike"],"picked":"SKIP","floor":24},{"not_picked":["Outmaneuver","Escape Plan"],"picked":"Heel Hook","floor":28},{"not_picked":["Choke","Cloak And Dagger","Deflect"],"picked":"SKIP","floor":29},{"not_picked":["Unload","Phantasmal Killer"],"picked":"After Image","floor":33},{"not_picked":["Dodge and Roll+1","Deflect+1","Bane"],"picked":"SKIP","floor":35},{"not_picked":["Deadly Poison","Underhanded Strike"],"picked":"Prepared","floor":39},{"not_picked":["Quick Slash","PiercingWail"],"picked":"Reflex+1","floor":44},{"not_picked":["Acrobatics","Dash"],"picked":"Envenom","floor":45},{"not_picked":["Cloak And Dagger","Reflex","Dodge and Roll+1"],"picked":"SKIP","floor":47},{"not_picked":["Slice","Dodge and Roll","Dash"],"picked":"SKIP","floor":48}],"player_experience":759535,"relics_obtained":[{"floor":6,"key":"Blue Candle"},{"floor":9,"key":"Sundial"},{"floor":10,"key":"Art of War"},{"floor":13,"key":"Boot"},{"floor":26,"key":"Regal Pillow"},{"floor":28,"key":"Bottled Flame"},{"floor":30,"key":"Red Mask"},{"floor":43,"key":"Oddly Smooth Stone"},{"floor":45,"key":"Nunchaku"},{"floor":48,"key":"Dodecahedron"}],"event_choices":[{"damage_healed":0,"gold_gain":0,"player_choice":"Donut","damage_taken":0,"max_hp_gain":5,"max_hp_loss":0,"event_name":"Big Fish","floor":2,"gold_loss":0},{"damage_healed":0,"gold_gain":0,"player_choice":"Entered Light","damage_taken":21,"max_hp_gain":0,"max_hp_loss":0,"event_name":"Shining Light","floor":3,"gold_loss":0,"cards_upgraded":["Defend_G","Strike_G"]},{"cards_removed":["Escape Plan"],"damage_healed":0,"gold_gain":0,"player_choice":"Gave Card","damage_taken":0,"relics_obtained":["Ninja Scroll"],"max_hp_gain":0,"max_hp_loss":0,"event_name":"WeMeetAgain","floor":14,"gold_loss":0},{"damage_healed":0,"gold_gain":0,"player_choice":"Bought 0 Potions","damage_taken":0,"max_hp_gain":0,"max_hp_loss":0,"event_name":"The Woman in Blue","floor":22,"gold_loss":0},{"damage_healed":0,"gold_gain":0,"player_choice":"Fought Bandits","damage_taken":0,"max_hp_gain":0,"max_hp_loss":0,"event_name":"Masked Bandits","floor":30,"gold_loss":0},{"cards_removed":["Strike_G"],"damage_healed":0,"gold_gain":0,"player_choice":"Removed Attack","damage_taken":0,"max_hp_gain":0,"max_hp_loss":0,"event_name":"Falling","floor":37,"gold_loss":0},{"damage_healed":0,"gold_gain":0,"player_choice":"Ignored","damage_taken":0,"max_hp_gain":0,"max_hp_loss":0,"event_name":"Mysterious Sphere","floor":38,"gold_loss":0},{"damage_healed":0,"gold_gain":0,"player_choice":"Fight","damage_taken":0,"max_hp_gain":0,"max_hp_loss":0,"event_name":"MindBloom","floor":45,"gold_loss":0}],"is_beta":false,"boss_relics":[{"not_picked":["Orrery","White Beast Statue"],"picked":"Runic Pyramid"},{"not_picked":["Snecko Eye","Velvet Choker"],"picked":"Eternal Feather"}],"items_purged_floors":[4,19,31,36],"is_endless":false,"potions_floor_spawned":[5,7,10,16,20,24,33,39,45,47],"ascension_level":15}