{"gold_per_floor":[213,213,233,233,245,245,270,285,285,360,374,71,87,107,107,185,185,200,200,75,91,41,41,55,72,72,100,100,120,120,120,120,194,194,206,217,167,167,167,167,179,205,231,246,266,266,266,282,282,282,282,282,282,5,5],"floor_reached":55,"playtime":2658,"items_purged":["Strike_B","Consume","Rebound","Conserve Battery","Parasite"],"score":1838,"play_id":"ffd18c49-f87a-4989-b31f-d028dd25232f","local_time":"20181119220852","is_ascension_mode":true,"campfire_choices":[{"data":"Zap","floor":6.0,"key":"SMITH"},{"data":"Consume","floor":15.0,"key":"SMITH"},{"data":"Capacitor","floor":23.0,"key":"SMITH"},{"data":"Defragment","floor":28.0,"key":"SMITH"},{"data":"Capacitor","floor":30.0,"key":"SMITH"},{"data":"Coolheaded","floor":32.0,"key":"SMITH"},{"data":"Redo","floor":40.0,"key":"SMITH"},{"data":"Glacier","floor":46,"key":"SMITH"},{"floor":49,"key":"RECALL"},{"data":"Glacier","floor":53,"key":"SMITH"}],"neow_cost":"NONE","seed_source_timestamp":1678800759609283,"circlet_count":0,"master_deck":["AscendersBane","Zap+1","Self Repair+1","Glacier+1","Consume+1","Coolheaded+1","Capacitor+1","Core Surge","Turbo","Redo+1","Conserve Battery","Glacier+1","Capacitor+1","Defragment+1","Biased Cognition","Ball Lightning"],"special_seed":0,"relics":["Cracked Core","Blood Vial","Smiling Mask","DataDisk","Odd Mushroom","Pandora\u0027s Box","Mummified Hand","Toxic Egg 2","WarpedTongs","Empty Cage","Regal Pillow","ClockworkSouvenir"],"potions_floor_usage":[42,42,51,55],"damage_taken":[{"damage":7.0,"enemies":"Jaw Worm","floor":1.0,"turns":3.0},{"damage":1.0,"enemies":"2 Louse","floor":3.0,"turns":3.0},{"damage":4.0,"enemies":"Small Slimes","floor":5.0,"turns":4.0},{"damage":31.0,"enemies":"3 Sentries","floor":7.0,"turns":13.0},{"damage":2.0,"enemies":"Exordium Wildlife","floor":8.0,"turns":5.0},{"damage":0.0,"enemies":"Looter","floor":11.0,"turns":4.0},{"damage":4.0,"enemies":"3 Louse","floor":13.0,"turns":6.0},{"damage":19.0,"enemies":"The Mushroom Lair","floor":14.0,"turns":8.0},{"damage":14.0,"enemies":"Slime Boss","floor":16.0,"turns":10.0},{"damage":0.0,"enemies":"Chosen","floor":18.0,"turns":5.0},{"damage":21.0,"enemies":"Shell Parasite","floor":21.0,"turns":7.0},{"damage":20.0,"enemies":"Centurion and Healer","floor":24.0,"turns":12.0},{"damage":20.0,"enemies":"Shelled Parasite and Fungi","floor":25.0,"turns":10.0},{"damage":5.0,"enemies":"Book of Stabbing","floor":27.0,"turns":9.0},{"damage":0.0,"enemies":"Cultist and Chosen","floor":29.0,"turns":8.0},{"damage":7.0,"enemies":"Champ","floor":33.0,"turns":15.0},{"damage":16.0,"enemies":"Orb Walker","floor":35.0,"turns":4.0},{"damage":3.0,"enemies":"3 Darklings","floor":36.0,"turns":6.0},{"damage":33.0,"enemies":"Sphere and 2 Shapes","floor":41.0,"turns":8.0},{"damage":17,"enemies":"Reptomancer","floor":42,"turns":6},{"damage":0,"enemies":"Maw","floor":44,"turns":8},{"damage":2,"enemies":"Transient","floor":45,"turns":6},{"damage":0,"enemies":"Writhing Mass","floor":48,"turns":7},{"damage":0,"enemies":"Time Eater","floor":50,"turns":12},{"damage":36,"enemies":"Awakened One","floor":51,"turns":15},{"damage":72,"enemies":"Shield and Spear","floor":55,"turns":3}],"seed_played":"6994562675597378480","potions_obtained":[{"floor":5.0,"key":"Dexterity Potion"},{"floor":7.0,"key":"Fire Potion"},{"floor":11.0,"key":"Explosive Potion"},{"floor":14.0,"key":"Fire Potion"},{"floor":24.0,"key":"Poison Potion"},{"floor":27.0,"key":"PowerPotion"},{"floor":44,"key":"Regen Potion"},{"floor":48,"key":"Weak Potion"}],"is_trial":false,"path_per_floor":["M","?","M","?","M","R","E","M","T","?","M","$","M","?","R","B",null,"M","?","$","M","$","R","M","M","T","E","R","M","R","?","R","B",null,"M","M","$","?","?","R","M","E","T","M","M","R","?","M","R","B","B",null,"R","$","E"],"character_chosen":"DEFECT","items_purchased":["Capacitor","DataDisk","Capacitor","ClockworkSouvenir"],"campfire_rested":0,"item_purchase_floors":[12,12,20,54],"current_hp_per_floor":[57,50,49,28,34,34,13,23,23,12,24,24,32,25,25,23,59,71,71,71,60,60,60,52,44,44,51,51,63,63,63,63,68,70,65,71,71,67,67,67,44,39,39,51,61,61,61,67,67,67,41,61,61,61,0],"gold":5,"neow_bonus":"HUNDRED_GOLD","is_prod":false,"is_daily":false,"chose_seed":true,"campfire_upgraded":9,"win_rate":0,"timestamp":1542636532,"path_taken":["M","?","M","?","M","R","E","M","T","?","?","$","M","?","R","BOSS","M","?","$","?","?","R","M","M","T","E","R","M","R","?","R","BOSS","M","M","$","?","?","R","M","E","T","M","M","R","?","?","R","BOSS","BOSS","R","$","E"],"build_version":"2018-11-15","purchased_purges":5,"victory":false,"max_hp_per_floor":[71,71,71,71,71,71,71,71,71,71,71,71,71,71,71,71,71,71,71,71,71,71,71,71,71,71,71,71,71,71,71,71,71,71,71,71,71,67,67,67,67,67,67,67,67,67,67,67,67,67,67,67,67,64,64],"card_choices":[{"not_picked":["Rebound","Steam","Lockon"],"picked":"SKIP","floor":1.0},{"not_picked":["Stack","Redo"],"picked":"Self Repair","floor":3.0},{"not_picked":["Genetic Algorithm","Chaos"],"picked":"Glacier","floor":5.0},{"not_picked":["Melter","Multi-Cast","BootSequence"],"picked":"SKIP","floor":7.0},{"not_picked":["Sweeping Beam","Turbo"],"picked":"Consume","floor":8.0},{"not_picked":["Steam Power","Hologram"],"picked":"Coolheaded","floor":11.0},{"not_picked":["Go for the Eyes","Streamline","Gash"],"picked":"SKIP","floor":13.0},{"not_picked":["Meteor Strike","Thunder Strike"],"picked":"Core Surge","floor":16.0},{"not_picked":["Ball Lightning","Steam","Rebound"],"picked":"SKIP","floor":18.0},{"not_picked":["Ball Lightning","Self Repair","Rebound+1"],"picked":"SKIP","floor":21.0},{"not_picked":["Gash","Scrape"],"picked":"Defragment","floor":24.0},{"not_picked":["Darkness","Ball Lightning"],"picked":"Biased Cognition","floor":25.0},{"not_picked":["Chaos+1","Skim","Go for the Eyes"],"picked":"SKIP","floor":27.0},{"not_picked":["Doom and Gloom","Stack+1","White Noise+1"],"picked":"SKIP","floor":29.0},{"not_picked":["Hello World","Rebound","Sweeping Beam+1"],"picked":"SKIP","floor":35.0},{"not_picked":["Sunder","Double Energy+1","Fusion+1"],"picked":"SKIP","floor":36.0},{"not_picked":["Barrage","Stack+1"],"picked":"Ball Lightning","floor":41.0},{"not_picked":["Redo+1","Go for the Eyes"],"picked":"Coolheaded+1","floor":42},{"not_picked":["Redo+1","Beam Cell+1","Gash"],"picked":"SKIP","floor":44},{"not_picked":["Stack+1","Chaos+1","Heatsinks"],"picked":"SKIP","floor":45},{"not_picked":["Stack+1","Compile Driver","Melter"],"picked":"SKIP","floor":48}],"player_experience":569117,"relics_obtained":[{"floor":7.0,"key":"Blood Vial"},{"floor":9.0,"key":"Smiling Mask"},{"floor":14.0,"key":"Odd Mushroom"},{"floor":26.0,"key":"Mummified Hand"},{"floor":27.0,"key":"Toxic Egg 2"},{"floor":42,"key":"Regal Pillow"}],"event_choices":[{"cards_removed":["Strike_B"],"damage_healed":0.0,"max_hp_gain":0.0,"max_hp_loss":0.0,"gold_gain":0.0,"event_name":"Golden Wing","player_choice":"Card Removal","floor":2.0,"gold_loss":0.0,"damage_taken":7.0},{"damage_healed":0.0,"max_hp_gain":0.0,"max_hp_loss":0.0,"gold_gain":0.0,"event_name":"Shining Light","player_choice":"Entered Light","floor":4.0,"gold_loss":0.0,"damage_taken":21.0,"cards_upgraded":["Strike_B","Self Repair"]},{"damage_healed":0.0,"max_hp_gain":0.0,"max_hp_loss":0.0,"gold_gain":75.0,"event_name":"World of Goop","player_choice":"Gather Gold","floor":10.0,"gold_loss":0.0,"damage_taken":11.0},{"damage_healed":0.0,"max_hp_gain":0.0,"max_hp_loss":0.0,"gold_gain":0.0,"event_name":"Mushrooms","player_choice":"Fought Mushrooms","floor":14.0,"gold_loss":0.0,"damage_taken":0.0},{"damage_healed":0.0,"max_hp_gain":0.0,"max_hp_loss":0.0,"gold_gain":0.0,"event_name":"Duplicator","player_choice":"Copied","floor":19.0,"gold_loss":0.0,"damage_taken":0.0,"cards_obtained":["Glacier"]},{"damage_healed":0.0,"max_hp_gain":0.0,"max_hp_loss":0.0,"gold_gain":0.0,"event_name":"Accursed Blacksmith","player_choice":"Rummage","floor":31.0,"gold_loss":0.0,"damage_taken":0.0,"relics_obtained":["WarpedTongs"],"cards_obtained":["Pain"]},{"damage_healed":0.0,"max_hp_gain":0.0,"max_hp_loss":4.0,"gold_gain":0.0,"event_name":"Winding Halls","player_choice":"Max HP","floor":38.0,"gold_loss":0.0,"damage_taken":0.0},{"damage_healed":0.0,"max_hp_gain":0.0,"max_hp_loss":0.0,"gold_gain":0.0,"event_name":"Mysterious Sphere","player_choice":"Ignored","floor":39.0,"gold_loss":0.0,"damage_taken":0.0},{"cards_removed":["Coolheaded"],"damage_healed":0,"gold_gain":0,"player_choice":"Removed Skill","damage_taken":0,"max_hp_gain":0,"max_hp_loss":0,"event_name":"Falling","floor":47,"gold_loss":0}],"is_beta":true,"boss_relics":[{"not_picked":["Eternal Feather","Philosopher\u0027s Stone"],"picked":"Pandora\u0027s Box"},{"not_picked":["Inserter","Sozu"],"picked":"Empty Cage"}],"items_purged_floors":[12,20,22,37,54],"is_endless":false,"potions_floor_spawned":[5,7,11,14,24,27,33,41,44,48],"killed_by":"Shield and Spear","ascension_level":20}