{"gold_per_floor":[115,115,144,172,184,196,78,90,117,117,27,53,53,80,80,159,159,179,179,197,229,154,181,181,101,156,175,175,195,195,223,223,301,301,315,315,537,437,437,462,462,496,496,511,511,536,536,554,554,554,554,554,554,77,104,104],"floor_reached":57,"playtime":1802,"items_purged":["Strike_G","Defend_G","Defend_G+1","Defend_G+1"],"score":3214,"play_id":"5ce0cd60-ea2d-4b3c-8182-de8e8448ddf2","local_time":"20190402190626","is_ascension_mode":true,"campfire_choices":[{"data":"Neutralize","floor":6.0,"key":"SMITH"},{"data":"Grand Finale","floor":10.0,"key":"SMITH"},{"data":"Well Laid Plans","floor":15.0,"key":"SMITH"},{"data":"Acrobatics","floor":24.0,"key":"SMITH"},{"data":"Wraith Form v2","floor":30.0,"key":"SMITH"},{"data":"Acrobatics","floor":32.0,"key":"SMITH"},{"floor":45.0,"key":"RECALL"},{"floor":49.0,"key":"REST"},{"floor":53,"key":"REST"}],"neow_cost":"NONE","seed_source_timestamp":42169548586048,"circlet_count":0,"master_deck":["AscendersBane","Survivor+1","Neutralize+1","Endless Agony+1","Grand Finale+1","Acrobatics+1","Well Laid Plans+1","Blade Dance+1","Acrobatics+1","Flying Knee+1","A Thousand Cuts+1","Calculated Gamble+1","Wraith Form v2+1","Tactician+1"],"special_seed":0,"relics":["Ring of the Snake","NeowsBlessing","MawBank","Pen Nib","Kunai","Bottled Lightning","Empty Cage","Red Mask","The Courier","Potion Belt","Meat on the Bone","Black Star","Mark of the Bloom","Smiling Mask","Happy Flower","Letter Opener","Anchor","Mummified Hand","Dream Catcher","Sling","Vajra","Bag of Marbles","Pear","Gremlin Horn"],"potions_floor_usage":[56,56,56],"damage_taken":[{"damage":0.0,"enemies":"Cultist","floor":1.0,"turns":1.0},{"damage":0.0,"enemies":"2 Louse","floor":3.0,"turns":1.0},{"damage":0.0,"enemies":"Small Slimes","floor":4.0,"turns":1.0},{"damage":0.0,"enemies":"3 Louse","floor":8.0,"turns":2.0},{"damage":27.0,"enemies":"3 Sentries","floor":12.0,"turns":15.0},{"damage":13.0,"enemies":"Gremlin Nob","floor":14.0,"turns":4.0},{"damage":13.0,"enemies":"The Guardian","floor":16.0,"turns":9.0},{"damage":5.0,"enemies":"2 Thieves","floor":18.0,"turns":2.0},{"damage":0.0,"enemies":"Spheric Guardian","floor":20.0,"turns":3.0},{"damage":7.0,"enemies":"Masked Bandits","floor":21.0,"turns":2.0},{"damage":12.0,"enemies":"Book of Stabbing","floor":23.0,"turns":4.0},{"damage":6.0,"enemies":"Snake Plant","floor":27.0,"turns":3.0},{"damage":0.0,"enemies":"3 Cultists","floor":29.0,"turns":2.0},{"damage":0.0,"enemies":"Gremlin Leader","floor":31.0,"turns":3.0},{"damage":1.0,"enemies":"Champ","floor":33.0,"turns":5.0},{"damage":12.0,"enemies":"3 Darklings","floor":35.0,"turns":2.0},{"damage":0.0,"enemies":"Nemesis","floor":40.0,"turns":3.0},{"damage":0.0,"enemies":"Reptomancer","floor":42.0,"turns":2.0},{"damage":0.0,"enemies":"Orb Walker","floor":44.0,"turns":1.0},{"damage":0.0,"enemies":"Giant Head","floor":46.0,"turns":2.0},{"damage":0.0,"enemies":"Sphere and 2 Shapes","floor":48.0,"turns":1.0},{"damage":0.0,"enemies":"Donu and Deca","floor":50.0,"turns":3.0},{"damage":0,"enemies":"Time Eater","floor":51,"turns":3},{"damage":0,"enemies":"Shield and Spear","floor":55,"turns":1},{"damage":35,"enemies":"The Heart","floor":56,"turns":5}],"seed_played":"-4691262313274418248","potions_obtained":[{"floor":3.0,"key":"Block Potion"},{"floor":4.0,"key":"Explosive Potion"},{"floor":16.0,"key":"SkillPotion"},{"floor":21.0,"key":"Poison Potion"},{"floor":23.0,"key":"Regen Potion"},{"floor":31.0,"key":"EssenceOfSteel"},{"floor":35.0,"key":"Energy Potion"},{"floor":40.0,"key":"FearPotion"},{"floor":44.0,"key":"SkillPotion"},{"floor":48.0,"key":"GhostInAJar"}],"is_trial":false,"path_per_floor":["M","?","M","M","?","R","$","M","T","R","$","E","?","E","R","B",null,"M","?","M","?","?","E","R","$","T","M","?","M","R","E","R","B",null,"M","?","?","$","?","E","?","E","T","M","R","E","?","M","R","B","B",null,"R","$","E","B",null],"character_chosen":"THE_SILENT","items_purchased":["Acrobatics","Well Laid Plans","Sling","Vajra","Bag of Marbles"],"campfire_rested":2,"item_purchase_floors":[7,11,54,54,54],"current_hp_per_floor":[59,59,59,59,59,59,59,59,59,59,59,32,32,19,19,6,51,46,46,46,39,39,27,27,27,27,21,3,3,3,12,12,23,59,47,47,47,47,47,47,47,47,47,47,47,47,47,47,47,47,47,47,47,47,47,12],"gold":104,"neow_bonus":"THREE_ENEMY_KILL","is_prod":false,"is_daily":false,"chose_seed":false,"campfire_upgraded":6,"win_rate":0,"timestamp":1554203186,"path_taken":["M","?","?","M","?","R","$","M","T","R","$","E","?","E","R","BOSS","M","?","M","?","?","E","R","$","T","?","?","M","R","E","R","BOSS","M","?","?","$","?","E","?","E","T","M","R","E","?","M","R","BOSS","BOSS","R","$","E","BOSS"],"build_version":"2019-01-23","purchased_purges":4,"victory":true,"max_hp_per_floor":[66,66,66,66,66,66,66,66,66,66,66,66,66,66,66,66,66,66,66,66,66,66,66,66,66,66,66,71,71,71,71,71,71,71,71,71,71,71,67,67,67,67,67,67,67,67,67,67,67,67,67,67,67,67,77,77],"card_choices":[{"not_picked":["Outmaneuver","Riddle With Holes"],"picked":"Catalyst","floor":1.0},{"not_picked":["Flying Knee","Masterful Stab"],"picked":"Predator","floor":3.0},{"not_picked":["Bane","Deflect"],"picked":"Endless Agony","floor":4.0},{"not_picked":["Quick Slash","Backstab","Sucker Punch"],"picked":"SKIP","floor":8.0},{"not_picked":["Flying Knee","Accuracy","Heel Hook"],"picked":"SKIP","floor":12.0},{"not_picked":["Flying Knee","Accuracy","Heel Hook"],"picked":"SKIP","floor":12.0},{"not_picked":["Deflect","Dagger Spray"],"picked":"Blade Dance","floor":14.0},{"not_picked":["Leg Sweep","Crippling Poison"],"picked":"Acrobatics","floor":18.0},{"not_picked":["Escape Plan","Bane"],"picked":"Calculated Gamble","floor":20.0},{"not_picked":["Slice+1","Noxious Fumes","Deflect"],"picked":"SKIP","floor":23.0},{"not_picked":["Dagger Throw","Blade Dance+1","Prepared"],"picked":"SKIP","floor":27.0},{"not_picked":["All Out Attack","Dodge and Roll"],"picked":"Wraith Form v2","floor":29.0},{"not_picked":["Flying Knee","Cloak And Dagger+1","Heel Hook"],"picked":"SKIP","floor":31.0},{"not_picked":["Prepared","Bane"],"picked":"Tactician","floor":35.0},{"not_picked":["Cloak And Dagger","Predator","Outmaneuver"],"picked":"SKIP","floor":40.0},{"not_picked":["Tactician+1","Blade Dance","Leg Sweep"],"picked":"SKIP","floor":42.0},{"not_picked":["Sucker Punch+1","Glass Knife","Dagger Spray"],"picked":"SKIP","floor":44.0},{"not_picked":["Sucker Punch+1","Choke","Doppelganger"],"picked":"SKIP","floor":46.0},{"not_picked":["Accuracy","Deadly Poison","Dagger Throw"],"picked":"SKIP","floor":48.0},{"not_picked":["Underhanded Strike","Backflip","Bane+1"],"picked":"SKIP","floor":55}],"player_experience":4023044,"relics_obtained":[{"floor":9.0,"key":"Pen Nib"},{"floor":12.0,"key":"Kunai"},{"floor":14.0,"key":"Bottled Lightning"},{"floor":21.0,"key":"Red Mask"},{"floor":23.0,"key":"The Courier"},{"floor":26.0,"key":"Potion Belt"},{"floor":31.0,"key":"Meat on the Bone"},{"floor":40.0,"key":"Smiling Mask"},{"floor":40.0,"key":"Happy Flower"},{"floor":42.0,"key":"Letter Opener"},{"floor":42.0,"key":"Anchor"},{"floor":46.0,"key":"Mummified Hand"},{"floor":46.0,"key":"Dream Catcher"},{"floor":55,"key":"Pear"},{"floor":55,"key":"Gremlin Horn"}],"event_choices":[{"cards_removed":["Catalyst"],"damage_healed":0.0,"max_hp_gain":0.0,"max_hp_loss":0.0,"gold_gain":0.0,"event_name":"WeMeetAgain","player_choice":"Gave Card","floor":2.0,"gold_loss":0.0,"damage_taken":0.0,"relics_obtained":["MawBank"]},{"damage_healed":0.0,"max_hp_gain":0.0,"max_hp_loss":0.0,"gold_gain":0.0,"cards_transformed":["Predator"],"event_name":"Living Wall","player_choice":"Change","floor":5.0,"gold_loss":0.0,"damage_taken":0.0,"cards_obtained":["Grand Finale"]},{"damage_healed":0.0,"max_hp_gain":0.0,"max_hp_loss":0.0,"gold_gain":0.0,"event_name":"Liars Game","player_choice":"Ignored","floor":13.0,"gold_loss":0.0,"damage_taken":0.0},{"damage_healed":0.0,"max_hp_gain":0.0,"max_hp_loss":0.0,"gold_gain":0.0,"cards_transformed":["Strike_G","Strike_G"],"event_name":"Drug Dealer","player_choice":"Became Test Subject","floor":19.0,"gold_loss":0.0,"damage_taken":0.0,"cards_obtained":["Flying Knee","A Thousand Cuts"]},{"damage_healed":0.0,"max_hp_gain":0.0,"max_hp_loss":0.0,"gold_gain":0.0,"event_name":"Masked Bandits","player_choice":"Fought Bandits","floor":21.0,"gold_loss":0.0,"damage_taken":0.0},{"cards_removed":["Defend_G"],"damage_healed":0.0,"max_hp_gain":0.0,"max_hp_loss":0.0,"gold_gain":0.0,"event_name":"Beggar","player_choice":"Gave Gold","floor":22.0,"gold_loss":75.0,"damage_taken":0.0},{"damage_healed":0.0,"max_hp_gain":5.0,"max_hp_loss":0.0,"gold_gain":0.0,"event_name":"Forgotten Altar","player_choice":"Shed Blood","floor":28.0,"gold_loss":0.0,"damage_taken":23.0},{"damage_healed":0.0,"max_hp_gain":0.0,"max_hp_loss":0.0,"gold_gain":0.0,"event_name":"MindBloom","player_choice":"Upgrade","floor":36.0,"gold_loss":0.0,"damage_taken":0.0,"cards_upgraded":["Defend_G","Defend_G","Defend_G","Survivor","Endless Agony","Blade Dance","Flying Knee","A Thousand Cuts","Calculated Gamble","Tactician"],"relics_obtained":["Mark of the Bloom"]},{"damage_healed":0.0,"max_hp_gain":0.0,"max_hp_loss":0.0,"gold_gain":222.0,"event_name":"Tomb of Lord Red Mask","player_choice":"Wore Mask","floor":37.0,"gold_loss":0.0,"damage_taken":0.0},{"damage_healed":0.0,"max_hp_gain":0.0,"max_hp_loss":4.0,"gold_gain":0.0,"event_name":"Winding Halls","player_choice":"Max HP","floor":39.0,"gold_loss":0.0,"damage_taken":0.0},{"cards_removed":["Defend_G"],"damage_healed":0.0,"max_hp_gain":0.0,"max_hp_loss":0.0,"gold_gain":0.0,"event_name":"Falling","player_choice":"Removed Skill","floor":41.0,"gold_loss":0.0,"damage_taken":0.0},{"damage_healed":0.0,"max_hp_gain":0.0,"max_hp_loss":0.0,"gold_gain":0.0,"event_name":"SensoryStone","player_choice":"Memory 1","floor":47.0,"gold_loss":0.0,"damage_taken":0.0}],"is_beta":false,"boss_relics":[{"not_picked":["Coffee Dripper","Eternal Feather"],"picked":"Empty Cage"},{"not_picked":["Philosopher\u0027s Stone","Fusion Hammer"],"picked":"Black Star"}],"items_purged_floors":[7,25,38,54],"is_endless":false,"potions_floor_spawned":[3,4,16,21,23,31,35,40,44,48,55],"ascension_level":20}