{"gold_per_floor":[117,117,133,148,148,148,162,192,192,202,202,202,215,231,231,305,305,317,328,96,106,106,106,6,17,17,17,17,36,36,49,49,126,126,138,138,152,165,40,73,73,102,102,130,0,0,0,14,14,14,14,14,14,14,46,46],"floor_reached":57,"playtime":5321,"items_purged":["Pain","Strike_G","Strike_G"],"score":3038,"play_id":"0efc2430-7c53-46e9-9d70-5d719998236c","local_time":"20190120223255","is_ascension_mode":true,"campfire_choices":[{"data":"Well Laid Plans","floor":6.0,"key":"SMITH"},{"data":"Well Laid Plans","floor":11.0,"key":"SMITH"},{"data":"Noxious Fumes","floor":15.0,"key":"SMITH"},{"floor":23.0,"key":"REST"},{"floor":27.0,"key":"REST"},{"data":"Caltrops","floor":32.0,"key":"SMITH"},{"data":"Calculated Gamble","floor":41.0,"key":"SMITH"},{"floor":46.0,"key":"REST"},{"floor":49.0,"key":"RECALL"},{"data":"Tactician","floor":53.0,"key":"SMITH"}],"neow_cost":"TEN_PERCENT_HP_LOSS","seed_source_timestamp":42272249683617,"circlet_count":0,"master_deck":["AscendersBane","Defend_G","Defend_G","Defend_G","Survivor","Neutralize","Deadly Poison+1","Escape Plan","Well Laid Plans+1","Well Laid Plans+1","Caltrops+1","Noxious Fumes+1","Escape Plan","Night Terror","Tools of the Trade+1","Dodge and Roll+1","Noxious Fumes+1","Acrobatics+1","Catalyst+1","Calculated Gamble+1","Backflip","Burst","Well Laid Plans","Tactician+1","Tactician+1","Prepared","PiercingWail","Prepared+1","Escape Plan","Expertise","Acrobatics"],"special_seed":0,"relics":["Ring of the Snake","Tough Bandages","WarpedTongs","Ornamental Fan","StoneCalendar","Astrolabe","Oddly Smooth Stone","Omamori","Orrery","FossilizedHelix","Mummified Hand","Bottled Lightning","Red Mask","Pen Nib"],"potions_floor_usage":[56],"damage_taken":[{"damage":2.0,"enemies":"Jaw Worm","floor":1.0,"turns":6.0},{"damage":0.0,"enemies":"Cultist","floor":3.0,"turns":4.0},{"damage":0.0,"enemies":"Small Slimes","floor":4.0,"turns":4.0},{"damage":23.0,"enemies":"Gremlin Gang","floor":7.0,"turns":6.0},{"damage":5.0,"enemies":"Lagavulin","floor":8.0,"turns":9.0},{"damage":0.0,"enemies":"3 Louse","floor":10.0,"turns":5.0},{"damage":2.0,"enemies":"Blue Slaver","floor":13.0,"turns":4.0},{"damage":21.0,"enemies":"Exordium Thugs","floor":14.0,"turns":6.0},{"damage":10.0,"enemies":"Slime Boss","floor":16.0,"turns":7.0},{"damage":26.0,"enemies":"Chosen","floor":18.0,"turns":6.0},{"damage":1.0,"enemies":"Spheric Guardian","floor":19.0,"turns":5.0},{"damage":0.0,"enemies":"Centurion and Healer","floor":21.0,"turns":5.0},{"damage":11.0,"enemies":"Snecko","floor":25.0,"turns":5.0},{"damage":18.0,"enemies":"Colosseum Slavers","floor":28.0,"turns":5.0},{"damage":6.0,"enemies":"3 Cultists","floor":29.0,"turns":5.0},{"damage":2.0,"enemies":"Snake Plant","floor":31.0,"turns":5.0},{"damage":9.0,"enemies":"Automaton","floor":33.0,"turns":8.0},{"damage":1.0,"enemies":"3 Shapes","floor":35.0,"turns":6.0},{"damage":8.0,"enemies":"3 Darklings","floor":37.0,"turns":6.0},{"damage":14.0,"enemies":"Transient","floor":38.0,"turns":6.0},{"damage":0.0,"enemies":"Giant Head","floor":40.0,"turns":4.0},{"damage":0.0,"enemies":"Nemesis","floor":42.0,"turns":5.0},{"damage":1.0,"enemies":"Reptomancer","floor":44.0,"turns":7.0},{"damage":0.0,"enemies":"Maw","floor":48.0,"turns":4.0},{"damage":0.0,"enemies":"Awakened One","floor":50.0,"turns":8.0},{"damage":0.0,"enemies":"Time Eater","floor":51.0,"turns":6.0},{"damage":0,"enemies":"Shield and Spear","floor":55,"turns":4},{"damage":22,"enemies":"The Heart","floor":56,"turns":8}],"seed_played":"2250882924970334931","potions_obtained":[{"floor":7.0,"key":"Energy Potion"},{"floor":13.0,"key":"Block Potion"},{"floor":14.0,"key":"Dexterity Potion"},{"floor":16.0,"key":"Swift Potion"},{"floor":19.0,"key":"GamblersBrew"},{"floor":29.0,"key":"Fire Potion"},{"floor":38.0,"key":"Poison Potion"},{"floor":48.0,"key":"Explosive Potion"},{"floor":55,"key":"LiquidBronze"}],"is_trial":false,"path_per_floor":["M","?","M","M","?","R","M","E","T","M","R","?","M","M","R","B",null,"M","M","$","M","?","R","$","M","T","R","?","M","?","M","R","B",null,"M","?","M","M","$","E","R","E","T","E","?","R","?","M","R","B","B",null,"R","$","E","B",null],"character_chosen":"THE_SILENT","items_purchased":["Oddly Smooth Stone"],"campfire_rested":3,"item_purchase_floors":[20],"current_hp_per_floor":[57,57,57,57,57,57,34,29,29,29,29,49,47,26,26,16,49,23,22,22,22,13,31,31,20,20,38,20,14,26,24,24,15,49,48,48,40,26,26,26,26,26,26,25,25,43,43,43,43,43,43,56,56,56,56,34],"gold":46,"neow_bonus":"ONE_RARE_RELIC","is_prod":false,"is_daily":false,"chose_seed":false,"campfire_upgraded":6,"win_rate":0,"timestamp":1547994775,"path_taken":["M","?","?","M","?","R","M","E","T","?","R","?","M","M","R","BOSS","M","M","$","M","?","R","?","M","T","R","?","?","?","M","R","BOSS","M","?","M","M","$","E","R","E","T","E","?","R","?","?","R","BOSS","BOSS","R","$","E","BOSS"],"build_version":"2019-01-17v2","purchased_purges":3,"victory":true,"max_hp_per_floor":[60,60,60,60,60,60,60,60,60,60,60,60,60,60,60,60,60,60,60,60,60,60,60,60,60,60,60,60,60,60,60,60,60,60,60,60,60,60,60,60,60,60,60,60,60,60,60,60,60,60,60,60,60,60,60,60],"card_choices":[{"not_picked":["Blade Dance","PiercingWail"],"picked":"Deadly Poison","floor":1.0},{"not_picked":["Bane","Dash"],"picked":"Escape Plan","floor":3.0},{"not_picked":["Quick Slash","Outmaneuver"],"picked":"Well Laid Plans","floor":4.0},{"not_picked":["Predator","Dagger Spray"],"picked":"Well Laid Plans","floor":7.0},{"not_picked":["Heel Hook","All Out Attack"],"picked":"Caltrops","floor":8.0},{"not_picked":["Skewer","PiercingWail"],"picked":"Noxious Fumes","floor":10.0},{"not_picked":["Expertise","Heel Hook","Deflect"],"picked":"SKIP","floor":13.0},{"not_picked":["Expertise","Heel Hook","Deflect"],"picked":"SKIP","floor":13.0},{"not_picked":["Acrobatics","Bouncing Flask"],"picked":"Escape Plan","floor":14.0},{"not_picked":["Glass Knife","Bullet Time"],"picked":"Night Terror","floor":16.0},{"not_picked":["Underhanded Strike","PiercingWail"],"picked":"Acrobatics+1","floor":18.0},{"not_picked":["Blade Dance","Backflip"],"picked":"Catalyst+1","floor":19.0},{"not_picked":["Dagger Spray","Eviscerate","Predator"],"picked":"SKIP","floor":21.0},{"not_picked":["Quick Slash","Sucker Punch","Bane+1"],"picked":"SKIP","floor":25.0},{"not_picked":["Dodge and Roll","Outmaneuver"],"picked":"Calculated Gamble","floor":29.0},{"not_picked":["Sucker Punch","A Thousand Cuts"],"picked":"Backflip","floor":31.0},{"not_picked":["Envenom","Night Terror"],"picked":"Burst","floor":33.0},{"not_picked":["Backflip+1","Bouncing Flask"],"picked":"Well Laid Plans","floor":34.0},{"not_picked":["Dagger Throw","Terror"],"picked":"Tactician+1","floor":34.0},{"not_picked":["Accuracy","All Out Attack"],"picked":"Tactician","floor":34.0},{"not_picked":["Dagger Throw","Heel Hook"],"picked":"Prepared","floor":34.0},{"not_picked":["Noxious Fumes","Quick Slash"],"picked":"PiercingWail","floor":34.0},{"not_picked":["Dagger Throw","Slice","Dagger Spray"],"picked":"SKIP","floor":35.0},{"not_picked":["Outmaneuver","Endless Agony","Underhanded Strike"],"picked":"SKIP","floor":37.0},{"not_picked":["Leg Sweep","Outmaneuver+1","Venomology"],"picked":"SKIP","floor":38.0},{"not_picked":["Blade Dance","Bane"],"picked":"Prepared+1","floor":40.0},{"not_picked":["Doppelganger","Sucker Punch"],"picked":"Escape Plan","floor":42.0},{"not_picked":["PiercingWail","Well Laid Plans"],"picked":"Expertise","floor":44.0},{"not_picked":["Dodge and Roll+1","Endless Agony+1","Outmaneuver+1"],"picked":"SKIP","floor":48.0},{"not_picked":["Bane","Infinite Blades"],"picked":"Acrobatics","floor":55}],"player_experience":2085987,"relics_obtained":[{"floor":8.0,"key":"Ornamental Fan"},{"floor":9.0,"key":"StoneCalendar"},{"floor":26.0,"key":"Omamori"},{"floor":40.0,"key":"FossilizedHelix"},{"floor":42.0,"key":"Mummified Hand"},{"floor":44.0,"key":"Bottled Lightning"},{"floor":55,"key":"Pen Nib"}],"event_choices":[{"damage_healed":0.0,"max_hp_gain":0.0,"max_hp_loss":0.0,"gold_gain":0.0,"event_name":"Upgrade Shrine","player_choice":"Upgraded","floor":2.0,"gold_loss":0.0,"damage_taken":0.0,"cards_upgraded":["Deadly Poison"]},{"damage_healed":0.0,"max_hp_gain":0.0,"max_hp_loss":0.0,"gold_gain":0.0,"event_name":"Accursed Blacksmith","player_choice":"Rummage","floor":5.0,"gold_loss":0.0,"damage_taken":0.0,"relics_obtained":["WarpedTongs"],"cards_obtained":["Pain"]},{"damage_healed":20.0,"max_hp_gain":0.0,"max_hp_loss":0.0,"gold_gain":0.0,"event_name":"Big Fish","player_choice":"Banana","floor":12.0,"gold_loss":0.0,"damage_taken":0.0},{"damage_healed":0.0,"max_hp_gain":0.0,"max_hp_loss":0.0,"gold_gain":0.0,"event_name":"Wheel of Change","player_choice":"Damaged","floor":22.0,"gold_loss":0.0,"damage_taken":9.0},{"damage_healed":0.0,"max_hp_gain":0.0,"max_hp_loss":0.0,"gold_gain":0.0,"event_name":"Colosseum","player_choice":"Fight","floor":28.0,"gold_loss":0.0,"damage_taken":0.0},{"damage_healed":0.0,"max_hp_gain":0.0,"max_hp_loss":0.0,"gold_gain":0.0,"event_name":"Colosseum","player_choice":"Fled From Nobs","floor":28.0,"gold_loss":0.0,"damage_taken":0.0},{"damage_healed":12.0,"max_hp_gain":0.0,"max_hp_loss":0.0,"gold_gain":0.0,"event_name":"The Library","player_choice":"Heal","floor":30.0,"gold_loss":0.0,"damage_taken":0.0},{"cards_removed":["Defend_G"],"damage_healed":0.0,"max_hp_gain":0.0,"max_hp_loss":0.0,"gold_gain":0.0,"event_name":"Falling","player_choice":"Removed Skill","floor":36.0,"gold_loss":0.0,"damage_taken":0.0},{"damage_healed":0.0,"max_hp_gain":0.0,"max_hp_loss":0.0,"gold_gain":0.0,"event_name":"Tomb of Lord Red Mask","player_choice":"Paid","floor":45.0,"gold_loss":130.0,"damage_taken":0.0,"relics_obtained":["Red Mask"]},{"cards_removed":["Defend_G"],"damage_healed":0.0,"max_hp_gain":0.0,"max_hp_loss":0.0,"gold_gain":0.0,"event_name":"Purifier","player_choice":"Purged","floor":47.0,"gold_loss":0.0,"damage_taken":0.0}],"is_beta":false,"boss_relics":[{"not_picked":["White Beast Statue","Black Star"],"picked":"Astrolabe"},{"not_picked":["Empty Cage","Eternal Feather"],"picked":"Orrery"}],"items_purged_floors":[20,24,39],"is_endless":false,"potions_floor_spawned":[7,13,14,16,19,28,29,31,37,38,48,55],"ascension_level":20}