{"gold_per_floor":[365,365,51,61,75,75,75,91,165,165,165,165,165,184,184,257,257],"floor_reached":17,"playtime":487,"items_purged":["Normality"],"score":390,"play_id":"b26ba3b6-9f89-49f5-ae72-297f74e55d04","local_time":"20190328122130","is_ascension_mode":true,"campfire_choices":[{"data":"Loop","floor":6.0,"key":"SMITH"},{"data":"Consume","floor":10.0,"key":"SMITH"},{"data":"Zap","floor":13,"key":"SMITH"},{"floor":15,"key":"RECALL"}],"neow_cost":"CURSE","seed_source_timestamp":3672332269128,"circlet_count":0,"master_deck":["AscendersBane","Strike_B","Strike_B","Strike_B","Strike_B","Defend_B","Defend_B","Defend_B","Defend_B+1","Zap+1","Dualcast+1","Cold Snap+1","Consume+1","Loop+1","Chill","All For One","Buffer"],"special_seed":0,"relics":["Cracked Core","Bag of Marbles","Orichalcum"],"potions_floor_usage":[16],"damage_taken":[{"damage":7.0,"enemies":"Jaw Worm","floor":1.0,"turns":4.0},{"damage":3.0,"enemies":"Cultist","floor":4.0,"turns":4.0},{"damage":0.0,"enemies":"2 Louse","floor":5.0,"turns":2.0},{"damage":5.0,"enemies":"Blue Slaver","floor":8.0,"turns":3.0},{"damage":0,"enemies":"Exordium Thugs","floor":14,"turns":5},{"damage":0,"enemies":"The Guardian","floor":16,"turns":11}],"seed_played":"878723337235650425","potions_obtained":[{"floor":1.0,"key":"FocusPotion"},{"floor":8.0,"key":"FearPotion"},{"floor":14,"key":"Fire Potion"}],"is_trial":false,"path_per_floor":["M","?","$","M","M","R","?","M","T","R","?","?","R","M","R","B",null],"character_chosen":"DEFECT","items_purchased":["Consume","Orichalcum"],"campfire_rested":0,"item_purchase_floors":[3,3],"current_hp_per_floor":[57,31,31,28,28,28,7,2,2,2,2,2,2,2,2,2,2],"gold":257,"neow_bonus":"TWO_FIFTY_GOLD","is_prod":false,"is_daily":false,"chose_seed":false,"campfire_upgraded":3,"win_rate":0,"timestamp":1553746890,"path_taken":["M","?","$","M","M","R","?","?","T","R","?","?","R","M","R","BOSS"],"build_version":"2019-01-23","purchased_purges":1,"victory":false,"max_hp_per_floor":[71,71,71,71,71,71,71,71,71,71,71,71,71,71,71,71,71],"card_choices":[{"not_picked":["Coolheaded","Go for the Eyes"],"picked":"Cold Snap","floor":1.0},{"not_picked":["Force Field","Hologram"],"picked":"Loop","floor":4.0},{"not_picked":["Barrage","Conserve Battery","Stack"],"picked":"SKIP","floor":5.0},{"not_picked":["Stack","Hello World"],"picked":"Chill","floor":8.0},{"not_picked":["FTL","Streamline"],"picked":"All For One","floor":14},{"not_picked":["Seek","Creative AI"],"picked":"Buffer","floor":16}],"player_experience":3919716,"relics_obtained":[],"event_choices":[{"damage_healed":0.0,"max_hp_gain":0.0,"max_hp_loss":0.0,"gold_gain":0.0,"event_name":"Scrap Ooze","player_choice":"Success","floor":2.0,"gold_loss":0.0,"damage_taken":26.0,"relics_obtained":["Bag of Marbles"]},{"damage_healed":0.0,"max_hp_gain":0.0,"max_hp_loss":0.0,"gold_gain":0.0,"event_name":"Shining Light","player_choice":"Entered Light","floor":7.0,"gold_loss":0.0,"damage_taken":21.0,"cards_upgraded":["Cold Snap","Defend_B"]},{"damage_healed":0,"gold_gain":0,"player_choice":"Searched \u00270\u0027 times","damage_taken":0,"max_hp_gain":0,"max_hp_loss":0,"event_name":"Dead Adventurer","floor":11,"gold_loss":0},{"damage_healed":0,"gold_gain":0,"player_choice":"Forge","damage_taken":0,"max_hp_gain":0,"max_hp_loss":0,"event_name":"Accursed Blacksmith","floor":12,"gold_loss":0,"cards_upgraded":["Dualcast"]}],"is_beta":false,"boss_relics":[],"items_purged_floors":[3],"is_endless":false,"potions_floor_spawned":[1,8,14],"ascension_level":20}