{"gold_per_floor":[116,116,141,91,16,55,55,73,73,73,106,125,158,158,158,281,281,301,226,226,226,126,126,164,164,164,164,180,210,210,210,210,305,305,325,325,65,77,88,88,104,104,104,131,160,130,130,145,145,145,145,145,75,101,101],"floor_reached":56,"playtime":3520,"items_purged":["Strike_G","Riddle With Holes"],"score":1282,"play_id":"80060a7c-8142-4e70-9d3c-ac737a4cd1c1","local_time":"20190531155305","is_ascension_mode":false,"campfire_choices":[{"floor":7.0,"key":"DIG"},{"floor":10.0,"key":"DIG"},{"floor":15,"key":"DIG"},{"floor":23,"key":"DIG"},{"floor":25,"key":"DIG"},{"floor":27,"key":"DIG"},{"floor":29,"key":"DIG"},{"floor":32,"key":"DIG"},{"floor":40,"key":"DIG"},{"floor":42,"key":"DIG"},{"floor":47,"key":"RECALL"},{"floor":49,"key":"DIG"},{"floor":52,"key":"DIG"}],"neow_cost":"NONE","seed_source_timestamp":7995220134595,"circlet_count":0,"master_deck":["Survivor","Neutralize","Well Laid Plans","Predator","Infinite Blades","Footwork","Blade Dance","Burst","Blur","Adrenaline","Malaise","PiercingWail","Die Die Die","Accuracy","Cloak And Dagger+1","Venomology","Endless Agony","Outmaneuver+1","Blur+1","Adrenaline+1","Blade Dance+1","Accuracy","Cloak And Dagger+1","Deflect+1","Infinite Blades+1","PiercingWail+1","Acrobatics+1","Blade Dance+1","Finisher+1","Slice+1","Blur+1"],"special_seed":0,"relics":["WristBlade","Bloody Idol","Shovel","Question Card","Prayer Wheel","Bottled Lightning","Paper Crane","Blue Candle","Mercury Hourglass","Pandora\u0027s Box","GremlinMask","Art of War","Mango","Happy Flower","Ornamental Fan","Toxic Egg 2","Tiny Chest","Dream Catcher","Empty Cage","Oddly Smooth Stone","Anchor","Nunchaku","Vajra","Molten Egg 2","PreservedInsect","Kunai","The Specimen"],"potions_floor_usage":[13,24,28,33,33,38,39,41,41,45,45,50,50,54,55,55,55],"damage_taken":[{"damage":0.0,"enemies":"Cultist","floor":1.0,"turns":5.0},{"damage":1.0,"enemies":"Jaw Worm","floor":3.0,"turns":4.0},{"damage":18.0,"enemies":"Gremlin Nob","floor":6.0,"turns":5.0},{"damage":0.0,"enemies":"Small Slimes","floor":8.0,"turns":3.0},{"damage":9.0,"enemies":"3 Sentries","floor":11.0,"turns":9.0},{"damage":5.0,"enemies":"3 Louse","floor":12.0,"turns":4.0},{"damage":0,"enemies":"Lagavulin","floor":13,"turns":7},{"damage":18,"enemies":"Slime Boss","floor":16,"turns":12},{"damage":10,"enemies":"Spheric Guardian","floor":18,"turns":3},{"damage":17,"enemies":"Slavers","floor":24,"turns":5},{"damage":7,"enemies":"Chosen","floor":28,"turns":5},{"damage":23,"enemies":"Collector","floor":33,"turns":9},{"damage":11,"enemies":"3 Darklings","floor":35,"turns":4},{"damage":2,"enemies":"Orb Walker","floor":38,"turns":4},{"damage":24,"enemies":"Jaw Worm Horde","floor":39,"turns":4},{"damage":10,"enemies":"Writhing Mass","floor":41,"turns":7},{"damage":9,"enemies":"Reptomancer","floor":45,"turns":5},{"damage":0,"enemies":"Sphere and 2 Shapes","floor":48,"turns":4},{"damage":7,"enemies":"Awakened One","floor":50,"turns":8},{"damage":0,"enemies":"Shield and Spear","floor":54,"turns":6},{"damage":76,"enemies":"The Heart","floor":55,"turns":11}],"seed_played":"7845172469120742290","potions_obtained":[{"floor":3.0,"key":"Block Potion"},{"floor":8.0,"key":"FearPotion"},{"floor":11.0,"key":"Poison Potion"},{"floor":13,"key":"SpeedPotion"},{"floor":18,"key":"Block Potion"},{"floor":38,"key":"Weak Potion"},{"floor":39,"key":"Poison Potion"},{"floor":46,"key":"Weak Potion"},{"floor":46,"key":"GhostInAJar"},{"floor":54,"key":"GhostInAJar"}],"is_trial":false,"path_per_floor":["M","?","M","?","$","E","R","M","T","R","E","M","E","?","R","B",null,"M","?","?","?","$","R","E","R","T","R","M","R","?","?","R","B",null,"M","?","$","M","M","R","M","R","T","T","E","?","R","M","R","B",null,"R","$","E","B",null],"character_chosen":"THE_SILENT","items_purchased":["Accuracy","Oddly Smooth Stone","Cloak And Dagger+1","Blur+1"],"campfire_rested":0,"item_purchase_floors":[37,37,37,53],"current_hp_per_floor":[70,53,52,52,52,34,34,34,34,34,25,20,20,43,43,25,70,60,60,60,60,60,60,57,57,57,57,50,50,50,50,50,32,84,78,83,83,84,65,65,60,60,60,65,61,61,61,66,66,59,84,84,84,84,8],"gold":101,"neow_bonus":"BOSS_RELIC","is_prod":false,"is_daily":false,"chose_seed":false,"campfire_upgraded":0,"win_rate":0,"timestamp":1559310785,"path_taken":["M","?","M","?","?","E","R","M","T","R","E","M","E","?","R","BOSS","M","?","?","?","$","R","E","R","T","R","?","R","?","?","R","BOSS","M","?","$","M","?","R","M","R","T","?","E","?","R","M","R","BOSS","R","$","E","BOSS"],"build_version":"2019-01-23","purchased_purges":2,"victory":true,"max_hp_per_floor":[70,70,70,70,70,70,70,70,70,70,70,70,70,70,70,70,70,70,70,70,70,70,70,84,84,84,84,84,84,84,84,84,84,84,84,84,84,84,84,84,84,84,84,84,84,84,84,84,84,84,84,84,84,84,84],"card_choices":[{"not_picked":["PiercingWail","Dodge and Roll"],"picked":"Well Laid Plans","floor":1.0},{"not_picked":["Dodge and Roll","Leg Sweep"],"picked":"Predator","floor":3.0},{"not_picked":["Deflect","Well Laid Plans"],"picked":"Backflip","floor":6.0},{"not_picked":["Slice","Bouncing Flask","Catalyst"],"picked":"Infinite Blades","floor":8.0},{"not_picked":["Distraction","Prepared","Sucker Punch"],"picked":"Footwork","floor":11.0},{"not_picked":["Choke","Flying Knee","Masterful Stab"],"picked":"Blade Dance","floor":12.0},{"not_picked":["Acrobatics","Dash","Eviscerate"],"picked":"Burst","floor":12.0},{"not_picked":["PiercingWail","Dodge and Roll","Crippling Poison"],"picked":"Blur","floor":13},{"not_picked":["Corpse Explosion","After Image","Doppelganger"],"picked":"Adrenaline","floor":16},{"not_picked":["Underhanded Strike","Dodge and Roll","Flying Knee+1"],"picked":"Accuracy","floor":18},{"not_picked":["Dodge and Roll","Quick Slash","Heel Hook"],"picked":"Cloak And Dagger+1","floor":18},{"not_picked":["Heel Hook","Concentrate","PiercingWail"],"picked":"Venomology","floor":24},{"not_picked":["Poisoned Stab","Dagger Spray","Masterful Stab"],"picked":"Endless Agony","floor":28},{"not_picked":["Crippling Poison+1","Distraction+1","Sucker Punch"],"picked":"Outmaneuver+1","floor":28},{"not_picked":["Phantasmal Killer+1","Die Die Die","Wraith Form v2"],"picked":"Adrenaline+1","floor":33},{"not_picked":["Poisoned Stab","Dodge and Roll+1","Caltrops"],"picked":"Blade Dance+1","floor":35},{"not_picked":["Quick Slash","Tactician+1","Outmaneuver+1","Poisoned Stab"],"picked":"SKIP","floor":35},{"not_picked":["Reflex+1","Skewer","Acrobatics+1"],"picked":"Deflect+1","floor":38},{"not_picked":["Underhanded Strike+1","Tools of the Trade","Poisoned Stab"],"picked":"Infinite Blades+1","floor":38},{"not_picked":["Dodge and Roll+1","Deadly Poison+1","Heel Hook"],"picked":"PiercingWail+1","floor":39},{"not_picked":["Flying Knee+1","Dagger Spray+1","Bane+1"],"picked":"Acrobatics+1","floor":39},{"not_picked":["Poisoned Stab+1","Blur+1","Prepared+1"],"picked":"Blade Dance+1","floor":41},{"not_picked":["Underhanded Strike","Backflip+1","Skewer","Dagger Throw"],"picked":"SKIP","floor":41},{"not_picked":["Dagger Spray","Accuracy","Adrenaline+1"],"picked":"Finisher+1","floor":45},{"not_picked":["Outmaneuver+1","Bane+1","Catalyst+1"],"picked":"Slice+1","floor":48},{"not_picked":["Underhanded Strike+1","Dash+1","Quick Slash+1","Flying Knee+1"],"picked":"SKIP","floor":48},{"not_picked":["Dagger Spray+1","Unload+1","Prepared+1","Outmaneuver+1"],"picked":"SKIP","floor":54}],"player_experience":445994,"relics_obtained":[{"floor":6.0,"key":"Shovel"},{"floor":7.0,"key":"Question Card"},{"floor":9.0,"key":"Prayer Wheel"},{"floor":10.0,"key":"Bottled Lightning"},{"floor":11.0,"key":"Paper Crane"},{"floor":13,"key":"Blue Candle"},{"floor":15,"key":"Mercury Hourglass"},{"floor":23,"key":"Art of War"},{"floor":24,"key":"Mango"},{"floor":25,"key":"Happy Flower"},{"floor":26,"key":"Ornamental Fan"},{"floor":27,"key":"Toxic Egg 2"},{"floor":29,"key":"Tiny Chest"},{"floor":32,"key":"Dream Catcher"},{"floor":40,"key":"Anchor"},{"floor":42,"key":"Nunchaku"},{"floor":44,"key":"Vajra"},{"floor":45,"key":"Molten Egg 2"},{"floor":49,"key":"PreservedInsect"},{"floor":52,"key":"Kunai"},{"floor":54,"key":"The Specimen"}],"event_choices":[{"damage_healed":0.0,"max_hp_gain":0.0,"max_hp_loss":0.0,"gold_gain":0.0,"event_name":"Golden Idol","player_choice":"Take Damage","floor":2.0,"gold_loss":0.0,"damage_taken":17.0,"relics_obtained":["Golden Idol"]},{"cards_removed":["Strike_G"],"damage_healed":0.0,"max_hp_gain":0.0,"max_hp_loss":0.0,"gold_gain":0.0,"event_name":"The Cleric","player_choice":"Card Removal","floor":4.0,"gold_loss":50.0,"damage_taken":0.0},{"damage_healed":23,"gold_gain":0,"player_choice":"Banana","damage_taken":0,"max_hp_gain":0,"max_hp_loss":0,"event_name":"Big Fish","floor":14,"gold_loss":0},{"cards_removed":["Poisoned Stab"],"damage_healed":0,"gold_gain":0,"player_choice":"Gave Gold","damage_taken":0,"max_hp_gain":0,"max_hp_loss":0,"event_name":"Beggar","floor":19,"gold_loss":75},{"damage_healed":0,"gold_gain":0,"player_choice":"Ignored","damage_taken":0,"max_hp_gain":0,"max_hp_loss":0,"event_name":"Ghosts","floor":20,"gold_loss":0},{"damage_healed":0,"gold_gain":0,"player_choice":"Trade","damage_taken":0,"relics_obtained":["GremlinMask"],"max_hp_gain":0,"max_hp_loss":0,"event_name":"FaceTrader","floor":21,"gold_loss":0},{"damage_healed":0,"gold_gain":0,"player_choice":"Gave Idol","damage_taken":0,"relics_obtained":["Bloody Idol"],"max_hp_gain":0,"max_hp_loss":0,"event_name":"Forgotten Altar","floor":30,"relics_lost":["Golden Idol"],"gold_loss":0},{"damage_healed":0,"gold_gain":0,"cards_transformed":["Heel Hook","Backflip"],"player_choice":"Became Test Subject","damage_taken":0,"max_hp_gain":0,"max_hp_loss":0,"event_name":"Drug Dealer","floor":31,"gold_loss":0,"cards_obtained":["Tactician","Blur"]},{"cards_removed":["Blade Dance"],"damage_healed":5,"gold_gain":0,"player_choice":"Offered Common","damage_taken":0,"max_hp_gain":0,"max_hp_loss":0,"event_name":"Bonfire Elementals","floor":36,"gold_loss":0},{"cards_removed":["Blade Dance"],"damage_healed":5,"gold_gain":0,"player_choice":"Offered Special","damage_taken":0,"max_hp_gain":0,"max_hp_loss":0,"event_name":"Bonfire Elementals","floor":36,"gold_loss":0},{"damage_healed":0,"gold_gain":0,"player_choice":"Bought 2 Potions","damage_taken":0,"max_hp_gain":0,"max_hp_loss":0,"event_name":"The Woman in Blue","floor":46,"gold_loss":0}],"is_beta":false,"boss_relics":[{"not_picked":["Sozu","Philosopher\u0027s Stone"],"picked":"Pandora\u0027s Box"},{"not_picked":["Velvet Choker","Snecko Eye"],"picked":"Empty Cage"}],"items_purged_floors":[5,22],"is_endless":false,"potions_floor_spawned":[3,8,11,13,18,38,39,54],"ascension_level":0}