{"gold_per_floor":[117,129,129,142,124,157,168,168,214,244,255,266,216,232,232,337,337,348,35,49,49,66,101,101,112,139,171,171,201,217,248,248,353,353,364,364,49,65,81,110,110,144,169,215,244,244,244,22,22,22],"floor_reached":51,"playtime":3046,"items_purged":["Defend_B","Self Repair+1"],"score":907,"play_id":"bac7dae2-2448-4360-9e95-1fbfdd961168","local_time":"20180623192211","is_ascension_mode":false,"campfire_choices":[{"data":"Buffer","floor":8,"key":"SMITH"},{"data":"Defragment","floor":15,"key":"SMITH"},{"data":"Electrodynamics","floor":24,"key":"SMITH"},{"data":"Storm","floor":32,"key":"SMITH"},{"data":"Self Repair","floor":41,"key":"SMITH"},{"data":"Sunder","floor":46,"key":"SMITH"},{"data":"Skim","floor":49,"key":"SMITH"}],"neow_cost":"NONE","seed_source_timestamp":16052928357662,"circlet_count":0,"master_deck":["Strike_B+1","Strike_B+1","Defend_B+1","Defend_B+1","Defend_B+1","Zap","Dualcast","Skim+1","Streamline+1","Consume+1","Buffer+1","Echo Form","Cold Snap+1","Sunder+1","Defragment+1","Electrodynamics+1","Sweeping Beam","Double Energy+1","Coolheaded+1","Storm+1","Turbo+1","White Noise+1","Seek+1","Defragment+1","Storm+1","Hologram+1","Multi-Cast+1","Defragment+1"],"relics":["Black Star","Anchor","Bag of Marbles","Lantern","Bottled Flame","Meat on the Bone","Velvet Choker","Molten Egg 2","Juzu Bracelet","Bag of Preparation","Vajra","Toxic Egg 2","Ornamental Fan","Tiny Chest","Frozen Egg 2","Gremlin Horn","Coffee Dripper","Toolbox","Happy Flower","War Paint","Omamori","Dream Catcher","Whetstone","Unceasing Top","Blood Vial","Orichalcum"],"potions_floor_usage":[6,11,22,33],"damage_taken":[{"damage":7,"enemies":"Small Slimes","floor":1,"turns":4},{"damage":0,"enemies":"Cultist","floor":2,"turns":3},{"damage":6,"enemies":"Jaw Worm","floor":4,"turns":5},{"damage":7,"enemies":"Exordium Thugs","floor":5,"turns":4},{"damage":14,"enemies":"3 Sentries","floor":6,"turns":7},{"damage":7,"enemies":"Blue Slaver","floor":7,"turns":4},{"damage":0,"enemies":"Lagavulin","floor":10,"turns":7},{"damage":0,"enemies":"Red Slaver","floor":11,"turns":4},{"damage":1,"enemies":"Large Slime","floor":12,"turns":6},{"damage":2,"enemies":"2 Fungi Beasts","floor":14,"turns":4},{"damage":35,"enemies":"The Guardian","floor":16,"turns":10},{"damage":5,"enemies":"Spheric Guardian","floor":18,"turns":4},{"damage":24,"enemies":"2 Thieves","floor":20,"turns":3},{"damage":14,"enemies":"Snake Plant","floor":22,"turns":5},{"damage":29,"enemies":"Book of Stabbing","floor":23,"turns":7},{"damage":12,"enemies":"Snecko","floor":25,"turns":4},{"damage":18,"enemies":"Gremlin Leader","floor":27,"turns":8},{"damage":17,"enemies":"Chosen and Byrds","floor":30,"turns":5},{"damage":13,"enemies":"Slavers","floor":31,"turns":2},{"damage":14,"enemies":"Automaton","floor":33,"turns":8},{"damage":25,"enemies":"3 Darklings","floor":35,"turns":3},{"damage":0,"enemies":"3 Shapes","floor":38,"turns":4},{"damage":5,"enemies":"Maw","floor":39,"turns":4},{"damage":0,"enemies":"Nemesis","floor":40,"turns":5},{"damage":0,"enemies":"Giant Head","floor":42,"turns":8},{"damage":8,"floor":44,"turns":2},{"damage":15,"enemies":"2 Orb Walkers","floor":45,"turns":3},{"damage":49,"enemies":"Donu and Deca","floor":50,"turns":5}],"seed_played":"-6750950762391688333","potions_obtained":[{"floor":4,"key":"Fire Potion"},{"floor":6,"key":"FocusPotion"},{"floor":7,"key":"Block Potion"},{"floor":11,"key":"SpeedPotion"},{"floor":23,"key":"Poison Potion"},{"floor":27,"key":"EssenceOfSteel"},{"floor":30,"key":"Fire Potion"},{"floor":33,"key":"Energy Potion"}],"is_trial":false,"path_per_floor":["M","M","?","M","M","E","M","R","T","E","M","M","?","M","R","B",null,"M","$","M","?","M","E","R","M","T","E","?","?","M","E","R","B",null,"M","?","$","M","M","E","R","E","T","?","E","R","?","$","R","B"],"character_chosen":"DEFECT","items_purchased":["Molten Egg 2","Toolbox","Defragment+1","Defragment+1","Swift Potion"],"campfire_rested":0,"item_purchase_floors":[19,37,37,48,48],"current_hp_per_floor":[68,68,68,69,69,62,62,62,62,69,75,75,75,75,75,47,75,70,70,46,40,52,49,49,56,56,59,59,59,56,43,43,48,75,57,57,57,75,75,75,75,75,75,74,75,75,75,75,75,38],"gold":22,"neow_bonus":"BOSS_RELIC","is_prod":false,"is_daily":false,"chose_seed":false,"campfire_upgraded":7,"win_rate":0,"timestamp":1529774531,"path_taken":["M","M","?","M","M","E","M","R","T","E","M","M","?","M","R","BOSS","M","$","M","?","M","E","R","M","T","E","?","?","M","E","R","BOSS","M","?","$","M","M","E","R","E","T","?","E","R","?","?","R","BOSS"],"build_version":"2018-06-21v2","purchased_purges":2,"victory":true,"max_hp_per_floor":[75,75,75,75,75,75,75,75,75,75,75,75,75,75,75,75,75,75,75,75,75,75,75,75,75,75,75,75,75,75,75,75,75,75,75,75,75,75,75,75,75,75,75,75,75,75,75,75,75,75],"card_choices":[{"not_picked":["Barrage","Redo","Rebound"],"picked":"SKIP","floor":1},{"not_picked":["Aggregate","Redo"],"picked":"Self Repair","floor":2},{"not_picked":["Rebound","Leap"],"picked":"Skim","floor":4},{"not_picked":["Lockon","Consume"],"picked":"Streamline","floor":5},{"not_picked":["Blizzard","Rebound"],"picked":"Consume","floor":6},{"not_picked":["Cold Snap","Go for the Eyes"],"picked":"Buffer","floor":7},{"not_picked":["Cold Snap","Hologram"],"picked":"Echo Form","floor":10},{"not_picked":["Gash","Go for the Eyes"],"picked":"Cold Snap","floor":11},{"not_picked":["Self Repair","Storm"],"picked":"Sunder","floor":12},{"not_picked":["Gash","Steam"],"picked":"Defragment","floor":14},{"not_picked":["Hyperbeam","Machine Learning"],"picked":"Electrodynamics","floor":16},{"not_picked":["Go for the Eyes","Compile Driver+1"],"picked":"Sweeping Beam","floor":18},{"not_picked":["Hologram","Reinforced Body"],"picked":"Double Energy+1","floor":20},{"not_picked":["Blizzard+1","Compile Driver+1"],"picked":"Coolheaded","floor":22},{"not_picked":["Steam+1","Force Field"],"picked":"Self Repair","floor":23},{"not_picked":["Rip and Tear+1","Steam+1"],"picked":"Storm","floor":25},{"not_picked":["Steam","Conserve Battery"],"picked":"Turbo","floor":27},{"not_picked":["Melter+1","Steam+1","Sunder+1"],"picked":"SKIP","floor":30},{"not_picked":["Chaos+1","Turbo+1"],"picked":"White Noise+1","floor":31},{"not_picked":["Machine Learning+1","Biased Cognition+1"],"picked":"Seek+1","floor":33},{"not_picked":["Steam+1","Redo+1","Rebound+1"],"picked":"SKIP","floor":35},{"not_picked":["Recycle+1","Redo+1"],"picked":"Storm+1","floor":38},{"not_picked":["Turbo+1","Gash+1"],"picked":"Hologram+1","floor":39},{"not_picked":["Coolheaded+1","Turbo+1","Gash+1"],"picked":"SKIP","floor":40},{"not_picked":["Hello World+1","Barrage+1"],"picked":"Multi-Cast+1","floor":42},{"not_picked":["Reinforced Body+1","Streamline+1","Barrage+1"],"picked":"SKIP","floor":45}],"player_experience":266400,"relics_obtained":[{"floor":6,"key":"Anchor"},{"floor":6,"key":"Bag of Marbles"},{"floor":9,"key":"Lantern"},{"floor":10,"key":"Bottled Flame"},{"floor":10,"key":"Meat on the Bone"},{"floor":23,"key":"Juzu Bracelet"},{"floor":23,"key":"Bag of Preparation"},{"floor":26,"key":"Vajra"},{"floor":27,"key":"Toxic Egg 2"},{"floor":27,"key":"Ornamental Fan"},{"floor":31,"key":"Frozen Egg 2"},{"floor":31,"key":"Gremlin Horn"},{"floor":40,"key":"Happy Flower"},{"floor":40,"key":"War Paint"},{"floor":42,"key":"Omamori"},{"floor":42,"key":"Dream Catcher"},{"floor":43,"key":"Whetstone"},{"floor":44,"key":"Unceasing Top"},{"floor":45,"key":"Blood Vial"},{"floor":45,"key":"Orichalcum"}],"event_choices":[{"event_name":"Bonfire Elementals","player_choice":"BASIC","floor":3,"damage_taken":0},{"event_name":"The Cleric","player_choice":"Card Removal","floor":13,"damage_taken":0},{"event_name":"Nest","player_choice":"Joined the Cult","floor":21,"damage_taken":0},{"event_name":"Back to Basics","player_choice":"Simplicity","floor":28,"damage_taken":0},{"event_name":"Wheel of Change","player_choice":"Relic","floor":29,"damage_taken":0},{"event_name":"Falling","player_choice":"Removed Attack","floor":36,"damage_taken":0},{"event_name":"Mysterious Sphere","player_choice":"Fight","floor":44,"damage_taken":0},{"event_name":"Purifier","player_choice":"One Purge","floor":47,"damage_taken":0}],"boss_relics":[{"not_picked":["Eternal Feather","Fusion Hammer"],"picked":"Velvet Choker"},{"not_picked":["Calling Bell","Orrery"],"picked":"Coffee Dripper"}],"items_purged_floors":[19,48],"is_endless":false,"potions_floor_spawned":[4,6,7,11,23,27,30,33,35,38,40],"ascension_level":0}