{"gold_per_floor":[110,125,41,59,78,78,1,1,1,13,13,43,63,63,63,136,136,148,167,187,112,112],"floor_reached":22,"playtime":763,"items_purged":[],"score":376,"play_id":"a595aaef-ee13-456c-8112-a33a84b61783","local_time":"20190124164326","is_ascension_mode":true,"campfire_choices":[{"data":"Neutralize","floor":6.0,"key":"SMITH"},{"data":"Well Laid Plans","floor":8.0,"key":"SMITH"},{"data":"Survivor","floor":11.0,"key":"SMITH"},{"data":"Grand Finale","floor":15.0,"key":"SMITH"}],"neow_cost":"NONE","seed_source_timestamp":14462648515373,"circlet_count":0,"master_deck":["AscendersBane","Defend_G","Defend_G","Defend_G","Defend_G","Defend_G","Strike_G","Strike_G","Strike_G","Strike_G","Survivor+1","Neutralize+1","Infinite Blades","Endless Agony","Infinite Blades","Backstab","Well Laid Plans+1","Grand Finale+1","Escape Plan"],"special_seed":0,"relics":["Ring of the Snake","NeowsBlessing","Bottled Tornado","Incense Burner","Blood Vial","Runic Pyramid"],"potions_floor_usage":[20],"damage_taken":[{"damage":0.0,"enemies":"Cultist","floor":1.0,"turns":1.0},{"damage":0.0,"enemies":"Small Slimes","floor":2.0,"turns":1.0},{"damage":0.0,"enemies":"Jaw Worm","floor":4.0,"turns":1.0},{"damage":2.0,"enemies":"Looter","floor":5.0,"turns":4.0},{"damage":9.0,"enemies":"Exordium Thugs","floor":10.0,"turns":4.0},{"damage":10.0,"enemies":"3 Sentries","floor":12.0,"turns":9.0},{"damage":1.0,"enemies":"3 Louse","floor":13.0,"turns":5.0},{"damage":20.0,"enemies":"Slime Boss","floor":16.0,"turns":9.0},{"damage":25.0,"enemies":"Shell Parasite","floor":18.0,"turns":5.0},{"damage":18,"enemies":"2 Thieves","floor":19,"turns":4},{"damage":7,"enemies":"Snake Plant","floor":20,"turns":4},{"damage":0,"enemies":"Cultist and Chosen","floor":22,"turns":2}],"seed_played":"4310850172565683715","potions_obtained":[{"floor":1.0,"key":"Fire Potion"},{"floor":5.0,"key":"SteroidPotion"},{"floor":10.0,"key":"FearPotion"},{"floor":18.0,"key":"Fire Potion"},{"floor":19,"key":"SpeedPotion"}],"is_trial":false,"path_per_floor":["M","M","$","M","M","R","$","R","T","M","R","E","M","?","R","B",null,"M","M","M","?","M"],"character_chosen":"THE_SILENT","items_purchased":["Infinite Blades","Well Laid Plans"],"campfire_rested":0,"item_purchase_floors":[3,7],"current_hp_per_floor":[59,59,59,59,57,57,57,57,57,48,48,38,37,19,19,1,50,27,11,6,6,8],"gold":112,"neow_bonus":"THREE_ENEMY_KILL","is_prod":false,"is_daily":false,"chose_seed":false,"campfire_upgraded":4,"win_rate":0,"timestamp":1548319406,"path_taken":["M","M","$","M","?","R","$","R","T","M","R","E","M","?","R","BOSS","M","M","M","?","M"],"build_version":"2019-01-23","purchased_purges":0,"victory":false,"max_hp_per_floor":[66,66,66,66,66,66,66,66,66,66,66,66,66,66,66,66,66,66,66,66,66,66],"card_choices":[{"not_picked":["Masterful Stab","Sucker Punch"],"picked":"Infinite Blades","floor":1.0},{"not_picked":["Acrobatics","Dagger Spray"],"picked":"Endless Agony","floor":2.0},{"not_picked":["Acrobatics","Skewer","Flying Knee"],"picked":"SKIP","floor":4.0},{"not_picked":["Dagger Spray","Outmaneuver"],"picked":"Backstab","floor":5.0},{"not_picked":["Poisoned Stab","Flying Knee","Prepared"],"picked":"SKIP","floor":10.0},{"not_picked":["Noxious Fumes","Deadly Poison"],"picked":"Grand Finale","floor":12.0},{"not_picked":["Setup","Dagger Spray","Reflex"],"picked":"SKIP","floor":13.0},{"not_picked":["Blade Dance","Deflect","Flechettes"],"picked":"SKIP","floor":18.0},{"not_picked":["Sucker Punch","Terror"],"picked":"Escape Plan","floor":19},{"not_picked":["Slice","Flying Knee","Cloak And Dagger+1"],"picked":"SKIP","floor":20}],"player_experience":2200351,"relics_obtained":[{"floor":9.0,"key":"Bottled Tornado"},{"floor":12.0,"key":"Incense Burner"}],"event_choices":[{"damage_healed":0.0,"max_hp_gain":0.0,"max_hp_loss":0.0,"gold_gain":0.0,"event_name":"Scrap Ooze","player_choice":"Success","floor":14.0,"gold_loss":0.0,"damage_taken":18.0,"relics_obtained":["Blood Vial"]},{"cards_removed":["Strike_G"],"damage_healed":0,"gold_gain":0,"player_choice":"Gave Gold","damage_taken":0,"max_hp_gain":0,"max_hp_loss":0,"event_name":"Beggar","floor":21,"gold_loss":75}],"is_beta":false,"boss_relics":[{"not_picked":["Fusion Hammer","WristBlade"],"picked":"Runic Pyramid"}],"items_purged_floors":[],"is_endless":false,"potions_floor_spawned":[1,5,10,18,19],"killed_by":"Cultist and Chosen","ascension_level":20}