{"gold_per_floor":[112,125,139,139,214,214,294,294,320,16,35,67,67,87,87,163,163,173,191,91,103,103,103,103,103,103,119,119,519,552,568,568,647,647,659,659,362,362,382,382,410,410,410,429,429,444,457,469,469,469,469,469,469,70,101,101],"floor_reached":56,"playtime":1811,"items_purged":["Strike_R","Strike_R","Defend_R","Strike_R+1"],"score":1844,"play_id":"2cc90e8c-0ef9-4d4c-b01a-148d8f68e30b","local_time":"20190126180415","is_ascension_mode":true,"campfire_choices":[{"data":"Shockwave","floor":6.0,"key":"SMITH"},{"data":"Limit Break","floor":8.0,"key":"SMITH"},{"data":"Sword Boomerang","floor":15.0,"key":"SMITH"},{"data":"Bash","floor":23.0,"key":"SMITH"},{"data":"Shrug It Off","floor":25.0,"key":"SMITH"},{"floor":28.0,"key":"RECALL"},{"data":"Reaper","floor":32.0,"key":"SMITH"},{"floor":40.0,"key":"REST"},{"data":"Reaper","floor":42.0,"key":"SMITH"},{"floor":49.0,"key":"REST"},{"floor":53.0,"key":"REST"}],"neow_cost":"TEN_PERCENT_HP_LOSS","seed_source_timestamp":31224493705491,"circlet_count":0,"master_deck":["AscendersBane","Strike_R+1","Bash+1","Limit Break+1","Shrug It Off+1","Shockwave+1","Sword Boomerang+1","Reaper+1","Double Tap+1","Exhume+1","Feed+1","Impervious+1","Reaper+1","Impervious+1"],"special_seed":0,"relics":["Burning Blood","Pear","Anchor","Brimstone","Matryoshka","Philosopher\u0027s Stone","Boot","Old Coin","Toxic Egg 2","Whetstone","Astrolabe","Potion Belt","The Courier","Molten Egg 2","Red Skull","Paper Frog","Bottled Flame"],"potions_floor_usage":[56,56,56,56],"damage_taken":[{"damage":10.0,"enemies":"Small Slimes","floor":1.0,"turns":4.0},{"damage":16.0,"enemies":"Jaw Worm","floor":2.0,"turns":5.0},{"damage":2.0,"enemies":"Cultist","floor":3.0,"turns":4.0},{"damage":14.0,"enemies":"Exordium Wildlife","floor":11.0,"turns":4.0},{"damage":1.0,"enemies":"3 Sentries","floor":12.0,"turns":4.0},{"damage":9.0,"enemies":"3 Louse","floor":14.0,"turns":3.0},{"damage":21.0,"enemies":"The Guardian","floor":16.0,"turns":6.0},{"damage":26.0,"enemies":"2 Thieves","floor":18.0,"turns":3.0},{"damage":7.0,"enemies":"Shell Parasite","floor":19.0,"turns":3.0},{"damage":5.0,"enemies":"Snecko","floor":21.0,"turns":4.0},{"damage":16.0,"enemies":"Centurion and Healer","floor":27.0,"turns":5.0},{"damage":13.0,"enemies":"Colosseum Slavers","floor":29.0,"turns":3.0},{"damage":21.0,"enemies":"Colosseum Nobs","floor":29.0,"turns":4.0},{"damage":51.0,"enemies":"Slavers","floor":30.0,"turns":5.0},{"damage":27.0,"enemies":"Shelled Parasite and Fungi","floor":31.0,"turns":4.0},{"damage":11.0,"enemies":"Champ","floor":33.0,"turns":6.0},{"damage":4.0,"enemies":"3 Darklings","floor":35.0,"turns":3.0},{"damage":28.0,"enemies":"3 Shapes","floor":39.0,"turns":3.0},{"damage":5.0,"enemies":"Giant Head","floor":41.0,"turns":5.0},{"damage":3.0,"enemies":"Writhing Mass","floor":44.0,"turns":3.0},{"damage":73.0,"enemies":"Sphere and 2 Shapes","floor":46.0,"turns":4.0},{"damage":43.0,"enemies":"3 Darklings","floor":47.0,"turns":3.0},{"damage":20.0,"enemies":"Jaw Worm Horde","floor":48.0,"turns":5.0},{"damage":119.0,"enemies":"Awakened One","floor":50.0,"turns":8.0},{"damage":202.0,"enemies":"Donu and Deca","floor":51.0,"turns":8.0},{"damage":117.0,"enemies":"Shield and Spear","floor":55.0,"turns":5.0},{"damage":78,"enemies":"The Heart","floor":56,"turns":3}],"seed_played":"1323101421482745619","potions_obtained":[{"floor":2.0,"key":"AttackPotion"},{"floor":11.0,"key":"FearPotion"},{"floor":12.0,"key":"BloodPotion"},{"floor":18.0,"key":"Weak Potion"},{"floor":19.0,"key":"AttackPotion"},{"floor":31.0,"key":"EssenceOfSteel"},{"floor":39.0,"key":"Poison Potion"},{"floor":41.0,"key":"SkillPotion"},{"floor":48.0,"key":"FearPotion"}],"is_trial":false,"path_per_floor":["M","M","M","?","?","R","T","R","T","$","M","E","?","M","R","B",null,"M","M","$","M","$","R","?","R","T","M","R","?","E","M","R","B",null,"M","?","$","?","M","R","E","R","T","M","?","M","M","M","R","B","B",null,"R","$","E","B"],"character_chosen":"IRONCLAD","items_purchased":["Brimstone","Potion Belt","Impervious+1","Paper Frog"],"campfire_rested":3,"item_purchase_floors":[10,37,54,54],"current_hp_per_floor":[64,54,58,58,47,47,57,57,57,57,49,54,54,58,58,43,69,58,57,57,73,73,73,51,51,51,83,83,83,80,77,77,83,83,83,83,83,79,83,83,83,83,83,87,74,33,55,95,95,103,20,85,107,107,50,0],"gold":101,"neow_bonus":"THREE_RARE_CARDS","is_prod":false,"is_daily":false,"chose_seed":false,"campfire_upgraded":7,"win_rate":0,"timestamp":1548497055,"path_taken":["M","M","M","?","?","R","?","R","T","$","?","E","?","M","R","BOSS","M","M","$","M","$","R","?","R","T","M","R","?","E","M","R","BOSS","M","?","$","?","M","R","E","R","T","M","?","M","M","?","R","BOSS","BOSS","R","$","E","BOSS"],"build_version":"2019-01-23","purchased_purges":4,"victory":false,"max_hp_per_floor":[68,68,68,68,68,68,78,78,78,78,78,78,78,78,78,78,78,78,78,78,78,78,78,83,83,83,83,83,83,83,83,83,83,83,83,83,83,79,83,83,83,83,83,87,87,87,91,95,95,103,107,107,107,107,107,107],"card_choices":[{"not_picked":["Double Tap","Impervious"],"picked":"Limit Break","floor":0.0},{"not_picked":["Anger","Clothesline","Twin Strike"],"picked":"SKIP","floor":1.0},{"not_picked":["Seeing Red","Heavy Blade","Armaments"],"picked":"SKIP","floor":2.0},{"not_picked":["Armaments","Feel No Pain"],"picked":"Shrug It Off","floor":3.0},{"not_picked":["Pommel Strike","Iron Wave"],"picked":"Sword Boomerang","floor":11.0},{"not_picked":["Rupture","Heavy Blade","Headbutt"],"picked":"SKIP","floor":12.0},{"not_picked":["Sentinel","Cleave","Spot Weakness"],"picked":"SKIP","floor":14.0},{"not_picked":["Bludgeon","Exhume"],"picked":"Reaper","floor":16.0},{"not_picked":["Rampage","Feel No Pain","Armaments"],"picked":"SKIP","floor":18.0},{"not_picked":["Armaments","Headbutt+1","Clothesline"],"picked":"SKIP","floor":19.0},{"not_picked":["Clothesline+1","True Grit","Metallicize"],"picked":"SKIP","floor":21.0},{"not_picked":["Shrug It Off","Headbutt","Warcry"],"picked":"SKIP","floor":27.0},{"not_picked":["Wild Strike+1","Sentinel+1"],"picked":"Double Tap+1","floor":30.0},{"not_picked":["Wild Strike","Rupture","Shrug It Off+1"],"picked":"SKIP","floor":31.0},{"not_picked":["Dark Embrace","Demon Form"],"picked":"Exhume+1","floor":33.0},{"not_picked":["Sentinel+1","Wild Strike+1","Armaments+1"],"picked":"SKIP","floor":35.0},{"not_picked":["Sword Boomerang","Thunderclap","Burning Pact+1"],"picked":"SKIP","floor":39.0},{"not_picked":["Rampage","Havoc+1"],"picked":"Reaper","floor":41.0},{"not_picked":["Shrug It Off+1","Perfected Strike+1","Pommel Strike+1"],"picked":"SKIP","floor":44.0},{"not_picked":["Hemokinesis+1","Twin Strike+1","Inflame"],"picked":"SKIP","floor":46.0},{"not_picked":["Fire Breathing+1","Thunderclap+1","True Grit+1"],"picked":"SKIP","floor":47.0},{"not_picked":["Flex+1","Uppercut+1","Fire Breathing+1"],"picked":"SKIP","floor":48.0},{"not_picked":["Pommel Strike+1","Spot Weakness+1","Thunderclap+1"],"picked":"SKIP","floor":55.0}],"player_experience":2284027,"relics_obtained":[{"floor":7.0,"key":"Pear"},{"floor":9.0,"key":"Anchor"},{"floor":12.0,"key":"Matryoshka"},{"floor":26.0,"key":"Boot"},{"floor":29.0,"key":"Old Coin"},{"floor":29.0,"key":"Toxic Egg 2"},{"floor":30.0,"key":"Whetstone"},{"floor":41.0,"key":"The Courier"},{"floor":43.0,"key":"Molten Egg 2"},{"floor":43.0,"key":"Red Skull"},{"floor":55.0,"key":"Bottled Flame"}],"event_choices":[{"damage_healed":0.0,"max_hp_gain":0.0,"max_hp_loss":0.0,"gold_gain":0.0,"cards_transformed":["Strike_R"],"event_name":"Living Wall","player_choice":"Change","floor":4.0,"gold_loss":0.0,"damage_taken":0.0,"cards_obtained":["Shockwave"]},{"damage_healed":0.0,"max_hp_gain":0.0,"max_hp_loss":0.0,"gold_gain":75.0,"event_name":"World of Goop","player_choice":"Gather Gold","floor":5.0,"gold_loss":0.0,"damage_taken":11.0},{"damage_healed":0.0,"max_hp_gain":0.0,"max_hp_loss":0.0,"gold_gain":0.0,"event_name":"The Cleric","player_choice":"Leave","floor":13.0,"gold_loss":0.0,"damage_taken":0.0},{"damage_healed":0.0,"max_hp_gain":5.0,"max_hp_loss":0.0,"gold_gain":0.0,"event_name":"Forgotten Altar","player_choice":"Shed Blood","floor":24.0,"gold_loss":0.0,"damage_taken":27.0},{"damage_healed":0.0,"max_hp_gain":0.0,"max_hp_loss":0.0,"gold_gain":0.0,"event_name":"Colosseum","player_choice":"Fight","floor":29.0,"gold_loss":0.0,"damage_taken":0.0},{"damage_healed":0.0,"max_hp_gain":0.0,"max_hp_loss":0.0,"gold_gain":0.0,"event_name":"Colosseum","player_choice":"Fought Nobs","floor":29.0,"gold_loss":0.0,"damage_taken":0.0},{"cards_removed":["Hemokinesis"],"damage_healed":0.0,"max_hp_gain":0.0,"max_hp_loss":0.0,"gold_gain":0.0,"event_name":"Falling","player_choice":"Removed Attack","floor":36.0,"gold_loss":0.0,"damage_taken":0.0},{"damage_healed":0.0,"max_hp_gain":0.0,"max_hp_loss":4.0,"gold_gain":0.0,"event_name":"Winding Halls","player_choice":"Max HP","floor":38.0,"gold_loss":0.0,"damage_taken":0.0},{"damage_healed":0.0,"max_hp_gain":0.0,"max_hp_loss":0.0,"gold_gain":0.0,"event_name":"Wheel of Change","player_choice":"Damaged","floor":45.0,"gold_loss":0.0,"damage_taken":13.0}],"is_beta":false,"boss_relics":[{"not_picked":["Lizard Tail","Tiny House"],"picked":"Philosopher\u0027s Stone"},{"not_picked":["Runic Cube","Black Blood"],"picked":"Astrolabe"}],"items_purged_floors":[10,20,37,54],"is_endless":false,"potions_floor_spawned":[2,11,12,18,19,31,33,39,41,48],"killed_by":"The Heart","ascension_level":20}