{"path_per_floor":["M","M","M","T","$","R","M","R","T","E","R","E","$","M","R","B",null,"M","M","M","?","?","R","?","R","T","?","$","R","E"],"character_chosen":"DEFECT","items_purchased":["Blood Vial"],"gold_per_floor":[118,131,145,170,13,13,30,30,30,58,58,90,15,27,27,130,130,146,156,167,167,167,167,167,167,193,108,8,8,34,34],"floor_reached":31,"campfire_rested":1,"playtime":1068,"item_purchase_floors":[],"current_hp_per_floor":[75,71,63,63,63,63,60,60,60,59,59,41,41,38,60,44,75,56,37,23,23,48,48,40,40,40,40,40,40,5,0],"items_purged":["Defend_B","Strike_B"],"gold":34,"score":261,"play_id":"6e944cae-2b38-47ab-b93b-384d74f13412","local_time":"20180619204737","is_prod":false,"is_daily":false,"chose_seed":false,"is_ascension_mode":false,"campfire_upgraded":6,"win_rate":0,"timestamp":1529434057,"campfire_choices":[{"data":"Tempest","floor":6.0,"key":"SMITH"},{"data":"Zap","floor":8.0,"key":"SMITH"},{"data":"Dualcast","floor":11.0,"key":"SMITH"},{"floor":15.0,"key":"REST"},{"data":"Double Energy","floor":23.0,"key":"SMITH"},{"data":"Turbo","floor":25.0,"key":"SMITH"},{"data":"Fusion","floor":29.0,"key":"SMITH"}],"path_taken":["M","M","M","?","$","R","M","R","T","E","R","E","?","M","R","BOSS","M","M","M","?","?","R","?","R","T","?","$","R","E","M"],"build_version":"2018-06-14v2","seed_source_timestamp":0,"purchased_purges":2,"victory":false,"master_deck":["Strike_B","Strike_B+1","Defend_B","Defend_B","Defend_B","Zap+1","Dualcast+1","Cold Snap+1","Tempest+1","Barrage","Multi-Cast","Fusion+1","Scrape","Thunder Strike","Double Energy+1","Turbo+1","Lockon+1"],"max_hp_per_floor":[75,75,75,75,75,75,75,75,75,75,75,75,75,75,75,75,75,75,75,75,75,75,75,75,75,75,75,75,75,75,75],"special_seed":0,"relics":["Philosopher\u0027s Stone","Whetstone","Blood Vial","Gambling Chip","Bronze Scales","Thread and Needle","Inserter","Dream Catcher","Incense Burner","Unceasing Top"],"card_choices":[{"not_picked":["Conserve Battery","Auto Shields"],"picked":"Cold Snap","floor":1.0},{"not_picked":["Redo","Go for the Eyes"],"picked":"Tempest","floor":2.0},{"not_picked":["Leap","Go for the Eyes"],"picked":"Barrage","floor":3.0},{"not_picked":["Force Field","Go for the Eyes","Steam"],"picked":"SKIP","floor":7.0},{"not_picked":["Compile Driver","Stack"],"picked":"Multi-Cast","floor":10.0},{"not_picked":["Auto Shields","Gash"],"picked":"Fusion","floor":12.0},{"not_picked":["Beam Cell","Gash"],"picked":"Scrape","floor":14.0},{"not_picked":["Seek","Buffer"],"picked":"Thunder Strike","floor":16.0},{"not_picked":["Chill+1","Stack"],"picked":"Double Energy","floor":18.0},{"not_picked":["Leap","Conserve Battery"],"picked":"Turbo","floor":19.0},{"not_picked":["Chaos","Conserve Battery"],"picked":"Lockon+1","floor":20.0},{"not_picked":["Darkness","Stack","Recycle"],"picked":"SKIP","floor":30.0}],"player_experience":256569,"potions_floor_usage":[],"damage_taken":[{"damage":0.0,"enemies":"Cultist","floor":1.0,"turns":3.0},{"damage":4.0,"enemies":"Jaw Worm","floor":2.0,"turns":3.0},{"damage":8.0,"enemies":"2 Louse","floor":3.0,"turns":2.0},{"damage":5.0,"enemies":"Looter","floor":7.0,"turns":3.0},{"damage":3.0,"enemies":"Gremlin Nob","floor":10.0,"turns":3.0},{"damage":20.0,"enemies":"3 Sentries","floor":12.0,"turns":4.0},{"damage":5.0,"enemies":"Exordium Wildlife","floor":14.0,"turns":2.0},{"damage":18.0,"enemies":"The Guardian","floor":16.0,"turns":7.0},{"damage":19.0,"enemies":"2 Thieves","floor":18.0,"turns":3.0},{"damage":21.0,"enemies":"Chosen","floor":19.0,"turns":4.0},{"damage":25.0,"enemies":"Sentry and Sphere","floor":20.0,"turns":4.0},{"damage":37.0,"enemies":"Book of Stabbing","floor":30.0,"turns":4.0},{"damage":9,"enemies":"Centurion and Healer","floor":31,"turns":2}],"relics_obtained":[{"floor":4.0,"key":"Whetstone"},{"floor":9.0,"key":"Gambling Chip"},{"floor":10.0,"key":"Bronze Scales"},{"floor":12.0,"key":"Thread and Needle"},{"floor":26.0,"key":"Dream Catcher"},{"floor":30.0,"key":"Unceasing Top"}],"event_choices":[{"event_name":"Bonfire Elementals","player_choice":"BASIC","floor":21.0,"damage_taken":0.0},{"event_name":"The Library","player_choice":"Heal","floor":22.0,"damage_taken":0.0},{"event_name":"Knowing Skull","player_choice":"","floor":24.0,"damage_taken":0.0},{"event_name":"Addict","player_choice":"Obtained Relic","floor":27.0,"damage_taken":0.0}],"boss_relics":[{"not_picked":["Orrery","Calling Bell"],"picked":"Inserter"}],"items_purged_floors":[],"is_endless":false,"potions_floor_spawned":[3,10,14,18,20],"seed_played":"6555609982633475099","killed_by":"Centurion and Healer","ascension_level":0,"potions_obtained":[{"floor":3.0,"key":"Swift Potion"},{"floor":10.0,"key":"FocusPotion"},{"floor":14.0,"key":"Swift Potion"},{"floor":18.0,"key":"Regen Potion"},{"floor":20.0,"key":"Ancient Potion"}],"is_trial":false}