{"gold_per_floor":[119,32,48,64,83,83,100,100,100,120,140,152,152,169,169,246,246,256,246,257,267,267],"floor_reached":22,"playtime":1090,"items_purged":[],"score":326,"play_id":"2a1467cb-db5d-4521-8b47-66752011ee49","local_time":"20181216133931","is_ascension_mode":true,"campfire_choices":[{"data":"Shockwave","floor":6.0,"key":"SMITH"},{"data":"Inflame","floor":8.0,"key":"SMITH"},{"data":"Disarm","floor":13.0,"key":"SMITH"},{"data":"Dual Wield","floor":15.0,"key":"SMITH"}],"neow_cost":"TEN_PERCENT_HP_LOSS","seed_source_timestamp":6818568110503,"circlet_count":0,"master_deck":["AscendersBane","Strike_R","Strike_R","Strike_R","Strike_R","Strike_R","Defend_R","Defend_R","Defend_R","Defend_R","Bash","Double Tap","Deep Breath","Shockwave+1","Disarm+1","Inflame+1","Berserk","Rage","Dual Wield+1","Berserk","Shrug It Off+1","Pommel Strike+1","Shrug It Off"],"special_seed":0,"relics":["Burning Blood","Runic Pyramid"],"potions_floor_usage":[],"damage_taken":[{"damage":6.0,"enemies":"Cultist","floor":1.0,"turns":3.0},{"damage":11.0,"enemies":"Jaw Worm","floor":3.0,"turns":5.0},{"damage":12.0,"enemies":"Small Slimes","floor":4.0,"turns":5.0},{"damage":1.0,"enemies":"Exordium Wildlife","floor":5.0,"turns":6.0},{"damage":44.0,"enemies":"Gremlin Gang","floor":7.0,"turns":5.0},{"damage":4.0,"enemies":"Blue Slaver","floor":10.0,"turns":6.0},{"damage":4.0,"enemies":"2 Fungi Beasts","floor":11.0,"turns":5.0},{"damage":8.0,"enemies":"Looter","floor":12.0,"turns":4.0},{"damage":4.0,"enemies":"Large Slime","floor":14.0,"turns":6.0},{"damage":36.0,"enemies":"The Guardian","floor":16.0,"turns":12.0},{"damage":25.0,"enemies":"Shell Parasite","floor":18.0,"turns":9.0},{"damage":22.0,"enemies":"2 Thieves","floor":19.0,"turns":5.0},{"damage":14.0,"enemies":"Centurion and Healer","floor":20.0,"turns":7.0},{"damage":1,"enemies":"Shelled Parasite and Fungi","floor":21,"turns":9},{"damage":21,"enemies":"Snake Plant","floor":22,"turns":2}],"seed_played":"-3507692000439992387","potions_obtained":[{"floor":3.0,"key":"SpeedPotion"},{"floor":7.0,"key":"Regen Potion"},{"floor":10.0,"key":"GamblersBrew"},{"floor":16.0,"key":"Ancient Potion"}],"is_trial":false,"path_per_floor":["M","$","M","M","M","R","M","R","T","M","M","M","R","M","R","B",null,"M","M","M","M","M"],"character_chosen":"IRONCLAD","items_purchased":["Deep Breath"],"campfire_rested":0,"item_purchase_floors":[2],"current_hp_per_floor":[68,68,63,57,62,62,24,24,24,40,42,40,40,42,42,12,54,35,19,11,16,0],"gold":267,"neow_bonus":"THREE_RARE_CARDS","is_prod":false,"is_daily":false,"chose_seed":false,"campfire_upgraded":4,"win_rate":0,"timestamp":1544938771,"path_taken":["M","$","M","M","M","R","M","R","T","M","M","M","R","M","R","BOSS","M","M","M","?","M"],"build_version":"2018-12-13","purchased_purges":0,"victory":false,"max_hp_per_floor":[68,68,68,68,68,68,68,68,68,68,68,68,68,68,68,68,68,68,68,68,68,68],"card_choices":[{"not_picked":["Brutality","Exhume"],"picked":"Double Tap","floor":0.0},{"not_picked":["Twin Strike","Pommel Strike","Iron Wave"],"picked":"SKIP","floor":1.0},{"not_picked":["Clash","Thunderclap"],"picked":"Shockwave","floor":3.0},{"not_picked":["Flex","Flame Barrier","Clash"],"picked":"SKIP","floor":4.0},{"not_picked":["Heavy Blade","Anger"],"picked":"Disarm","floor":5.0},{"not_picked":["Sever Soul","Body Slam"],"picked":"Inflame","floor":7.0},{"not_picked":["Body Slam","Sword Boomerang"],"picked":"Berserk","floor":10.0},{"not_picked":["Iron Wave","Blood for Blood"],"picked":"Rage","floor":11.0},{"not_picked":["Sever Soul","Anger","Wild Strike"],"picked":"SKIP","floor":12.0},{"not_picked":["Pommel Strike","Cleave"],"picked":"Dual Wield","floor":14.0},{"not_picked":["Immolate","Double Tap"],"picked":"Berserk","floor":16.0},{"not_picked":["Reckless Charge","Combust"],"picked":"Shrug It Off+1","floor":18.0},{"not_picked":["Twin Strike","Body Slam"],"picked":"Pommel Strike+1","floor":19.0},{"not_picked":["Pommel Strike","Perfected Strike"],"picked":"Shrug It Off","floor":20.0},{"not_picked":["Havoc","Cleave+1","Warcry"],"picked":"SKIP","floor":21}],"player_experience":1278796,"relics_obtained":[],"event_choices":[],"is_beta":false,"boss_relics":[{"not_picked":["Coffee Dripper","Runic Dome"],"picked":"Runic Pyramid"}],"items_purged_floors":[],"is_endless":false,"potions_floor_spawned":[3,7,10,16,19],"killed_by":"Snake Plant","ascension_level":15}