{"gold_per_floor":[16,26,26,26,42,42,117,117,117,142,142,171,185,218,218,322,322,335,346,445,88,103,103,128,128,152,162,187,187,187,220,220,315,315,327,344,444,444,459,459,473,473,473,491,391,391,404,424,424,424],"floor_reached":51,"playtime":4383,"items_purged":["Strike_R","Strike_R"],"score":875,"play_id":"340d7e7f-ade8-4b89-8fe5-757f1f28c3a7","local_time":"20190716055813","is_ascension_mode":true,"campfire_choices":[{"data":"Searing Blow","floor":6,"key":"SMITH"},{"data":"Searing Blow+1","floor":8,"key":"SMITH"},{"data":"Searing Blow+2","floor":11,"key":"SMITH"},{"floor":15,"key":"REST"},{"data":"Searing Blow+3","floor":23,"key":"SMITH"},{"data":"Searing Blow+4","floor":25,"key":"SMITH"},{"data":"Searing Blow+5","floor":30,"key":"SMITH"},{"data":"Searing Blow+6","floor":32,"key":"SMITH"},{"data":"Searing Blow+7","floor":40,"key":"SMITH"},{"data":"Searing Blow+8","floor":42,"key":"SMITH"},{"floor":49,"key":"REST"}],"neow_cost":"NO_GOLD","seed_source_timestamp":161467070731224,"circlet_count":0,"master_deck":["Strike_R","Strike_R","Defend_R","Defend_R","Defend_R","Bash","Forethought","Apotheosis+1","Ghostly Armor","Searing Blow+9","Feed+1","Blood for Blood+1","Rampage+1","Brutality","Rage","Finesse","Master of Strategy","Shockwave","Double Tap","Disarm","Metallicize+1","Bludgeon+1","Headbutt+1","Disarm","Shrug It Off+1"],"relics":["Black Blood","Sundial","Molten Egg 2","Red Skull","Pocketwatch","Velvet Choker","Dodecahedron","Anchor","Omamori","Girya","Nunchaku","Pen Nib"],"potions_floor_usage":[12,24,24,27,28,33,50,50],"damage_taken":[{"damage":10,"enemies":"Jaw Worm","floor":1,"turns":4},{"damage":1,"enemies":"Small Slimes","floor":2,"turns":4},{"damage":0,"enemies":"Cultist","floor":5,"turns":3},{"damage":12,"enemies":"Lagavulin","floor":10,"turns":6},{"damage":18,"enemies":"Gremlin Nob","floor":12,"turns":5},{"damage":6,"enemies":"Looter","floor":13,"turns":2},{"damage":20,"enemies":"Lagavulin","floor":14,"turns":8},{"damage":36,"enemies":"Hexaghost","floor":16,"turns":6},{"damage":11,"enemies":"Shell Parasite","floor":18,"turns":5},{"damage":2,"enemies":"Spheric Guardian","floor":19,"turns":3},{"damage":9,"enemies":"Snake Plant","floor":22,"turns":5},{"damage":34,"enemies":"Slavers","floor":24,"turns":5},{"damage":3,"enemies":"3 Cultists","floor":27,"turns":4},{"damage":2,"enemies":"Book of Stabbing","floor":28,"turns":5},{"damage":0,"enemies":"Slavers","floor":31,"turns":5},{"damage":42,"enemies":"Collector","floor":33,"turns":6},{"damage":0,"enemies":"3 Shapes","floor":35,"turns":4},{"damage":11,"enemies":"3 Darklings","floor":36,"turns":5},{"damage":45,"enemies":"Mind Bloom Boss Battle","floor":37,"turns":4},{"damage":23,"enemies":"Maw","floor":39,"turns":6},{"damage":4,"enemies":"4 Shapes","floor":41,"turns":6},{"damage":15,"enemies":"Jaw Worm Horde","floor":44,"turns":4},{"damage":10,"enemies":"Writhing Mass","floor":47,"turns":3},{"damage":18,"enemies":"Transient","floor":48,"turns":5},{"damage":64,"enemies":"Donu and Deca","floor":50,"turns":6}],"seed_played":"-7839747599781775887","potions_obtained":[{"floor":1,"key":"Weak Potion"},{"floor":10,"key":"Ancient Potion"},{"floor":16,"key":"Dexterity Potion"},{"floor":24,"key":"Dexterity Potion"},{"floor":27,"key":"EssenceOfSteel"},{"floor":31,"key":"Strength Potion"},{"floor":41,"key":"Strength Potion"},{"floor":47,"key":"SteroidPotion"}],"is_trial":false,"path_per_floor":["M","M","?","?","M","R","?","R","T","E","R","E","M","E","R","B",null,"M","M","?","$","M","R","E","R","T","M","E","?","R","E","R","B",null,"M","M","?","?","M","R","M","R","T","M","$","?","M","M","R","B",null],"character_chosen":"IRONCLAD","items_purchased":["Finesse","Master of Strategy"],"campfire_rested":2,"item_purchase_floors":[21,21],"current_hp_per_floor":[76,80,80,80,80,80,69,69,69,63,63,55,59,49,76,50,96,95,99,99,99,96,96,72,72,72,79,83,83,83,93,93,57,112,116,115,80,80,67,67,77,77,77,76,76,76,76,68,105,55],"gold":424,"neow_bonus":"RANDOM_COLORLESS_2","is_prod":false,"is_daily":false,"chose_seed":false,"campfire_upgraded":9,"win_rate":0,"timestamp":1563274693,"path_taken":["M","M","?","?","?","R","?","R","T","E","R","E","M","E","R","BOSS","M","M","?","$","M","R","E","R","T","M","E","?","R","E","R","BOSS","M","M","?","?","M","R","M","R","T","M","$","?","M","M","R","BOSS"],"build_version":"2019-07-05","purchased_purges":2,"victory":true,"max_hp_per_floor":[80,80,80,80,80,80,80,80,80,80,80,84,88,92,92,96,96,100,100,100,100,100,100,104,104,104,108,108,108,108,112,112,112,112,116,116,116,116,116,116,120,120,120,124,124,124,124,124,124,128],"card_choices":[{"not_picked":["Headbutt","Cleave"],"picked":"Ghostly Armor","floor":1},{"not_picked":["Corruption","Armaments","Warcry"],"picked":"SKIP","floor":2},{"not_picked":["Twin Strike","Heavy Blade","Body Slam"],"picked":"SKIP","floor":5},{"not_picked":["Evolve","Armaments"],"picked":"Feed","floor":10},{"not_picked":["Power Through","Anger+1"],"picked":"Blood for Blood+1","floor":12},{"not_picked":["Sword Boomerang+1","Wild Strike+1","Twin Strike+1"],"picked":"SKIP","floor":13},{"not_picked":["Disarm","Perfected Strike+1"],"picked":"Rampage+1","floor":14},{"not_picked":["Fiend Fire+1","Limit Break"],"picked":"Brutality","floor":16},{"not_picked":["Twin Strike+1","Reckless Charge+1","Pommel Strike+1"],"picked":"SKIP","floor":18},{"not_picked":["Twin Strike+1","Rampage+1"],"picked":"Rage","floor":19},{"not_picked":["Wild Strike+1","Havoc","Cleave+1"],"picked":"SKIP","floor":22},{"not_picked":["Feel No Pain+1","Warcry","Rage"],"picked":"SKIP","floor":24},{"not_picked":["Headbutt+1","Shrug It Off"],"picked":"Shockwave","floor":27},{"not_picked":["Clash+1","Rage"],"picked":"Double Tap","floor":28},{"not_picked":["Feel No Pain","Ghostly Armor"],"picked":"Metallicize+1","floor":31},{"not_picked":["Reaper+1","Juggernaut"],"picked":"Bludgeon+1","floor":33},{"not_picked":["Perfected Strike+1","Sword Boomerang+1","Iron Wave+1"],"picked":"SKIP","floor":35},{"not_picked":["Heavy Blade+1","Armaments"],"picked":"Headbutt+1","floor":36},{"not_picked":["Anger+1","Heavy Blade+1"],"picked":"Disarm","floor":37},{"not_picked":["Heavy Blade+1","Havoc","Metallicize"],"picked":"SKIP","floor":39},{"not_picked":["Body Slam+1","Iron Wave+1","Infernal Blade"],"picked":"SKIP","floor":41},{"not_picked":["True Grit","Flex+1","Pommel Strike+1"],"picked":"SKIP","floor":44},{"not_picked":["True Grit","Fire Breathing"],"picked":"Shrug It Off+1","floor":47},{"not_picked":["Metallicize+1","Seeing Red+1","Flex"],"picked":"SKIP","floor":48}],"player_experience":191820,"relics_obtained":[{"floor":9,"key":"Sundial"},{"floor":10,"key":"Molten Egg 2"},{"floor":12,"key":"Red Skull"},{"floor":14,"key":"Pocketwatch"},{"floor":24,"key":"Dodecahedron"},{"floor":26,"key":"Anchor"},{"floor":28,"key":"Omamori"},{"floor":31,"key":"Girya"},{"floor":37,"key":"Nunchaku"},{"floor":43,"key":"Pen Nib"}],"event_choices":[{"damage_healed":0,"gold_gain":0,"cards_transformed":["Strike_R"],"player_choice":"Change","damage_taken":0,"max_hp_gain":0,"max_hp_loss":0,"event_name":"Living Wall","floor":3,"gold_loss":0,"cards_obtained":["Searing Blow"]},{"damage_healed":0,"gold_gain":0,"player_choice":"Forge","damage_taken":0,"max_hp_gain":0,"max_hp_loss":0,"event_name":"Accursed Blacksmith","floor":4,"gold_loss":0,"cards_upgraded":["Apotheosis"]},{"damage_healed":0,"gold_gain":75,"player_choice":"Gather Gold","damage_taken":11,"max_hp_gain":0,"max_hp_loss":0,"event_name":"World of Goop","floor":7,"gold_loss":0},{"damage_healed":0,"gold_gain":99,"player_choice":"Stole From Cult","damage_taken":0,"max_hp_gain":0,"max_hp_loss":0,"event_name":"Nest","floor":20,"gold_loss":0},{"damage_healed":0,"gold_gain":0,"player_choice":"Read","damage_taken":0,"max_hp_gain":0,"max_hp_loss":0,"event_name":"The Library","floor":29,"gold_loss":0,"cards_obtained":["Disarm"]},{"damage_healed":0,"gold_gain":0,"player_choice":"Fight","damage_taken":0,"max_hp_gain":0,"max_hp_loss":0,"event_name":"MindBloom","floor":37,"gold_loss":0},{"damage_healed":0,"gold_gain":0,"player_choice":"Ignored","damage_taken":0,"max_hp_gain":0,"max_hp_loss":0,"event_name":"Mysterious Sphere","floor":38,"gold_loss":0},{"cards_removed":["Defend_R"],"damage_healed":0,"gold_gain":0,"player_choice":"Removed Skill","damage_taken":0,"max_hp_gain":0,"max_hp_loss":0,"event_name":"Falling","floor":46,"gold_loss":0}],"is_beta":false,"boss_relics":[{"not_picked":["Orrery","Mark of Pain"],"picked":"Velvet Choker"},{"not_picked":["Runic Pyramid","Snecko Eye"],"picked":"Black Blood"}],"items_purged_floors":[21,45],"is_endless":false,"potions_floor_spawned":[1,10,16,24,27,31,41,44,47],"ascension_level":2}