{"gold_per_floor":[99,99,99,99,99,99,56,56,56,56,56,56,56,56,56,56,56,56,56,56,56,56,56,56,56,56,56,56,56,56,56,56,56,56,56,56,56,2,2,2,2,2,2,2,2,2,2,2,2,2,2,2,2,2,2,2],"floor_reached":57,"playtime":2223,"items_purged":[],"score":3033,"play_id":"9fa46b14-322e-476e-9b95-8fbdffe672ff","local_time":"20190609191410","is_ascension_mode":true,"campfire_choices":[{"data":"Predator","floor":6.0,"key":"SMITH"},{"data":"Neutralize","floor":10.0,"key":"SMITH"},{"data":"Deadly Poison","floor":15.0,"key":"SMITH"},{"data":"Acrobatics","floor":23.0,"key":"SMITH"},{"data":"Catalyst","floor":25.0,"key":"SMITH"},{"data":"Catalyst","floor":27.0,"key":"SMITH"},{"data":"Well Laid Plans","floor":32.0,"key":"SMITH"},{"data":"Backflip","floor":40.0,"key":"SMITH"},{"floor":49.0,"key":"RECALL"},{"data":"Purity","floor":53.0,"key":"SMITH"}],"neow_cost":"NONE","seed_source_timestamp":30290539201068,"circlet_count":0,"master_deck":["AscendersBane","Survivor+1","Neutralize+1","Well Laid Plans+1","Predator+1","Tactician+1","Well Laid Plans+1","Phantasmal Killer+1","Deadly Poison+1","Grand Finale+1","Adrenaline+1","Catalyst+1","Acrobatics+1","Outmaneuver+1","Catalyst+1","Blur+1","Ghostly+1","Ghostly+1","Ghostly+1","Backflip+1","Wraith Form v2","Purity+1"],"special_seed":0,"relics":["Ectoplasm","Centennial Puzzle","Darkstone Periapt","Pandora\u0027s Box","Orichalcum","Art of War","Empty Cage","Mark of the Bloom","Unceasing Top","Boot","Bottled Tornado","CultistMask","StoneCalendar"],"potions_floor_usage":[56,56],"damage_taken":[{"damage":1.0,"enemies":"Small Slimes","floor":1.0,"turns":4.0},{"damage":0.0,"enemies":"2 Louse","floor":2.0,"turns":4.0},{"damage":0.0,"enemies":"Cultist","floor":8.0,"turns":4.0},{"damage":2.0,"enemies":"Lagavulin","floor":11.0,"turns":6.0},{"damage":4.0,"enemies":"2 Fungi Beasts","floor":13.0,"turns":3.0},{"damage":10.0,"enemies":"Hexaghost","floor":16.0,"turns":8.0},{"damage":23.0,"enemies":"Chosen","floor":18.0,"turns":4.0},{"damage":4.0,"enemies":"3 Byrds","floor":20.0,"turns":5.0},{"damage":0.0,"enemies":"3 Cultists","floor":28.0,"turns":2.0},{"damage":0.0,"enemies":"Centurion and Healer","floor":29.0,"turns":4.0},{"damage":0.0,"enemies":"Shelled Parasite and Fungi","floor":31.0,"turns":4.0},{"damage":8.0,"enemies":"Collector","floor":33.0,"turns":5.0},{"damage":0.0,"enemies":"3 Darklings","floor":35.0,"turns":4.0},{"damage":0.0,"enemies":"Orb Walker","floor":39.0,"turns":2.0},{"damage":0.0,"enemies":"2 Orb Walkers","floor":42.0,"turns":3.0},{"damage":0.0,"enemies":"Reptomancer","floor":44.0,"turns":3.0},{"damage":0.0,"enemies":"3 Darklings","floor":46.0,"turns":3.0},{"damage":0.0,"enemies":"Nemesis","floor":47.0,"turns":5.0},{"damage":0.0,"enemies":"Donu and Deca","floor":50.0,"turns":5.0},{"damage":0.0,"enemies":"Awakened One","floor":51.0,"turns":5.0},{"damage":0.0,"enemies":"Shield and Spear","floor":55.0,"turns":3.0},{"damage":19,"enemies":"The Heart","floor":56,"turns":7}],"seed_played":"1348205518815947048","potions_obtained":[{"floor":1.0,"key":"FearPotion"},{"floor":13.0,"key":"Regen Potion"},{"floor":16.0,"key":"SteroidPotion"},{"floor":18.0,"key":"SmokeBomb"},{"floor":31.0,"key":"Block Potion"},{"floor":44.0,"key":"GamblersBrew"}],"is_trial":false,"path_per_floor":["M","M","?","?","?","R","$","M","T","R","E","?","M","$","R","B",null,"M","?","M","T","$","R","$","R","T","R","M","M","?","M","R","B",null,"M","?","?","$","M","R","?","?","T","E","?","M","E","?","R","B","B",null,"R","$","E","B",null],"character_chosen":"THE_SILENT","items_purchased":["Tactician","Backflip"],"campfire_rested":0,"item_purchase_floors":[7,38],"current_hp_per_floor":[58,58,51,51,31,31,31,31,31,31,29,29,25,25,25,15,53,42,38,34,34,34,34,34,34,34,34,34,34,33,33,33,25,31,31,31,31,31,31,31,31,31,31,31,31,31,31,31,31,31,31,31,31,31,31,12],"gold":2,"neow_bonus":"BOSS_RELIC","is_prod":false,"is_daily":false,"chose_seed":false,"campfire_upgraded":9,"win_rate":0,"timestamp":1560078850,"path_taken":["M","M","?","?","?","R","?","?","T","R","E","?","M","$","R","BOSS","M","?","?","?","?","R","$","R","T","R","M","M","?","M","R","BOSS","M","?","?","$","M","R","?","?","T","E","?","?","E","?","R","BOSS","BOSS","R","$","E","BOSS"],"build_version":"2019-01-23","purchased_purges":0,"victory":true,"max_hp_per_floor":[66,66,66,66,66,66,66,66,66,66,66,66,66,66,66,66,66,66,66,66,66,66,66,66,66,66,66,66,66,33,33,33,33,33,33,33,33,33,33,33,31,31,31,31,31,31,31,31,31,31,31,31,31,31,31,31],"card_choices":[{"not_picked":["Dagger Spray","Slice"],"picked":"Well Laid Plans","floor":1.0},{"not_picked":["Cloak And Dagger","Backstab"],"picked":"Predator","floor":2.0},{"not_picked":["Blade Dance","Poisoned Stab"],"picked":"Well Laid Plans","floor":8.0},{"not_picked":["Terror","Slice"],"picked":"Phantasmal Killer","floor":11.0},{"not_picked":["Poisoned Stab","Backflip"],"picked":"Deadly Poison","floor":13.0},{"not_picked":["Unload","A Thousand Cuts"],"picked":"Grand Finale","floor":16.0},{"not_picked":["Slice","Sucker Punch","Blade Dance"],"picked":"SKIP","floor":18.0},{"not_picked":["Caltrops","Dagger Throw","Outmaneuver"],"picked":"SKIP","floor":20.0},{"not_picked":["Caltrops","Poisoned Stab","Escape Plan"],"picked":"SKIP","floor":29.0},{"not_picked":["Quick Slash","Die Die Die","Dagger Throw"],"picked":"SKIP","floor":31.0},{"not_picked":["Concentrate+1","Bane","Deadly Poison"],"picked":"SKIP","floor":35.0},{"not_picked":["Bane","Caltrops+1","Dash"],"picked":"SKIP","floor":39.0},{"not_picked":["Distraction","Accuracy"],"picked":"Wraith Form v2","floor":44.0},{"not_picked":["Blind","Violence"],"picked":"Purity","floor":45.0},{"not_picked":["Heel Hook","Deflect","PiercingWail"],"picked":"SKIP","floor":46.0},{"not_picked":["Malaise","Backflip+1","Underhanded Strike"],"picked":"SKIP","floor":47.0},{"not_picked":["Deadly Poison","Deflect","Backflip"],"picked":"SKIP","floor":55.0}],"player_experience":5031993,"relics_obtained":[{"floor":9.0,"key":"Centennial Puzzle"},{"floor":11.0,"key":"Darkstone Periapt"},{"floor":21.0,"key":"Orichalcum"},{"floor":26.0,"key":"Art of War"},{"floor":42.0,"key":"Unceasing Top"},{"floor":44.0,"key":"Boot"},{"floor":47.0,"key":"Bottled Tornado"},{"floor":55.0,"key":"StoneCalendar"}],"event_choices":[{"cards_removed":["Strike_G"],"damage_healed":0.0,"max_hp_gain":0.0,"max_hp_loss":0.0,"gold_gain":0.0,"event_name":"Golden Wing","player_choice":"Card Removal","floor":3.0,"gold_loss":0.0,"damage_taken":7.0},{"damage_healed":0.0,"max_hp_gain":0.0,"max_hp_loss":0.0,"gold_gain":0.0,"event_name":"Golden Idol","player_choice":"Ignored","floor":4.0,"gold_loss":0.0,"damage_taken":0.0},{"damage_healed":0.0,"max_hp_gain":0.0,"max_hp_loss":0.0,"gold_gain":0.0,"event_name":"Shining Light","player_choice":"Entered Light","floor":5.0,"gold_loss":0.0,"damage_taken":20.0,"cards_upgraded":["Strike_G","Defend_G"]},{"damage_healed":0.0,"max_hp_gain":0.0,"max_hp_loss":0.0,"gold_gain":0.0,"event_name":"The Cleric","player_choice":"Leave","floor":12.0,"gold_loss":0.0,"damage_taken":0.0},{"damage_healed":0.0,"max_hp_gain":0.0,"max_hp_loss":0.0,"gold_gain":0.0,"event_name":"The Woman in Blue","player_choice":"Bought 0 Potions","floor":19.0,"gold_loss":0.0,"damage_taken":0.0},{"damage_healed":0.0,"max_hp_gain":0.0,"max_hp_loss":33.0,"gold_gain":0.0,"event_name":"Ghosts","player_choice":"Became a Ghost","floor":30.0,"gold_loss":0.0,"damage_taken":0.0,"cards_obtained":["Ghostly","Ghostly","Ghostly"]},{"damage_healed":0.0,"max_hp_gain":0.0,"max_hp_loss":0.0,"gold_gain":0.0,"event_name":"MindBloom","player_choice":"Upgrade","floor":36.0,"gold_loss":0.0,"damage_taken":0.0,"cards_upgraded":["Survivor","Tactician","Well Laid Plans","Phantasmal Killer","Grand Finale","Sucker Punch","Adrenaline","Outmaneuver","Blur","Ghostly","Ghostly","Ghostly"],"relics_obtained":["Mark of the Bloom"]},{"cards_removed":["Sucker Punch"],"damage_healed":0.0,"max_hp_gain":0.0,"max_hp_loss":0.0,"gold_gain":0.0,"event_name":"Falling","player_choice":"Removed Attack","floor":37.0,"gold_loss":0.0,"damage_taken":0.0},{"damage_healed":0.0,"max_hp_gain":0.0,"max_hp_loss":2.0,"gold_gain":0.0,"event_name":"Winding Halls","player_choice":"Max HP","floor":41.0,"gold_loss":0.0,"damage_taken":0.0},{"damage_healed":0.0,"max_hp_gain":0.0,"max_hp_loss":0.0,"gold_gain":0.0,"event_name":"Mysterious Sphere","player_choice":"Fight","floor":42.0,"gold_loss":0.0,"damage_taken":0.0},{"damage_healed":0.0,"max_hp_gain":0.0,"max_hp_loss":0.0,"gold_gain":0.0,"event_name":"SensoryStone","player_choice":"Memory 1","floor":45.0,"gold_loss":0.0,"damage_taken":0.0},{"damage_healed":0.0,"max_hp_gain":0.0,"max_hp_loss":0.0,"gold_gain":0.0,"event_name":"FaceTrader","player_choice":"Trade","floor":48.0,"gold_loss":0.0,"damage_taken":0.0,"relics_obtained":["CultistMask"]}],"is_beta":false,"boss_relics":[{"not_picked":["Runic Pyramid","Fusion Hammer"],"picked":"Pandora\u0027s Box"},{"not_picked":["Eternal Feather","WristBlade"],"picked":"Empty Cage"}],"items_purged_floors":[],"is_endless":false,"potions_floor_spawned":[1,13,16,18,28,31,35,44,46],"ascension_level":20}