{"gold_per_floor":[99,99,99,24,24,24,24,24,24,24,24,24,24,24,24,24,24,24,24,24,24],"floor_reached":21,"playtime":406,"items_purged":["Strike_B"],"score":352,"play_id":"43e01e74-f2e9-469e-95f4-93df88d86b05","local_time":"20181219124106","is_ascension_mode":true,"campfire_choices":[{"data":"Streamline","floor":6,"key":"SMITH"},{"data":"Dualcast","floor":10,"key":"SMITH"},{"data":"Redo","floor":15,"key":"SMITH"}],"neow_cost":"NONE","seed_source_timestamp":12182504506359,"circlet_count":0,"master_deck":["AscendersBane","Strike_B+1","Strike_B","Strike_B","Defend_B","Defend_B","Defend_B","Zap+1","Dualcast+1","Streamline+1","Creative AI","Redo+1","Creative AI"],"relics":["Ectoplasm","Golden Idol","Symbiotic Virus","Pear","Coffee Dripper"],"potions_floor_usage":[12,16],"damage_taken":[{"damage":1,"enemies":"Small Slimes","floor":1,"turns":4},{"damage":2,"enemies":"Jaw Worm","floor":5,"turns":2},{"damage":0,"enemies":"2 Louse","floor":8,"turns":1},{"damage":14,"enemies":"Gremlin Nob","floor":12,"turns":3},{"damage":3,"enemies":"Large Slime","floor":13,"turns":4},{"damage":8,"enemies":"Lagavulin","floor":14,"turns":5},{"damage":16,"enemies":"Slime Boss","floor":16,"turns":6},{"damage":33,"enemies":"3 Byrds","floor":18,"turns":4},{"damage":24,"enemies":"Chosen","floor":21,"turns":3}],"seed_played":"-1970960159558802825","potions_obtained":[{"floor":1,"key":"Strength Potion"},{"floor":8,"key":"Swift Potion"},{"floor":14,"key":"Block Potion"},{"floor":16,"key":"EssenceOfSteel"}],"is_trial":false,"path_per_floor":["M","?","?","$","M","R","?","M","T","R","?","E","M","E","R","B",null,"M","?","$","M"],"character_chosen":"DEFECT","items_purchased":[],"campfire_rested":0,"item_purchase_floors":[],"current_hp_per_floor":[63,42,42,42,40,40,33,33,33,33,33,19,16,18,18,2,56,23,2,2,0],"gold":24,"neow_bonus":"BOSS_RELIC","is_prod":false,"is_daily":false,"chose_seed":false,"campfire_upgraded":3,"win_rate":0,"timestamp":1545194466,"path_taken":["M","?","?","$","M","R","?","M","T","R","?","E","?","E","R","BOSS","M","?","$","M"],"build_version":"2018-12-13","purchased_purges":1,"victory":false,"max_hp_per_floor":[71,71,64,64,64,64,64,64,64,64,64,64,64,74,74,74,74,74,79,79,79],"card_choices":[{"not_picked":["Storm","Stack"],"picked":"Streamline","floor":1},{"not_picked":["Sweeping Beam","Compile Driver","Doom and Gloom"],"picked":"SKIP","floor":5},{"not_picked":["Hello World","Heatsinks","Sweeping Beam"],"picked":"SKIP","floor":8},{"not_picked":["Rebound","Recycle"],"picked":"Creative AI","floor":12},{"not_picked":["Redo","Conserve Battery","Turbo"],"picked":"SKIP","floor":13},{"not_picked":["Conserve Battery","Turbo"],"picked":"Redo","floor":13},{"not_picked":["Conserve Battery","Lockon","FTL"],"picked":"SKIP","floor":14},{"not_picked":["Fission","Amplify"],"picked":"Creative AI","floor":16},{"not_picked":["Compile Driver","Gash","Sweeping Beam"],"picked":"SKIP","floor":18}],"player_experience":1373022,"relics_obtained":[{"floor":12,"key":"Symbiotic Virus"},{"floor":14,"key":"Pear"}],"event_choices":[{"damage_healed":0,"gold_gain":0,"player_choice":"Entered Light","damage_taken":21,"max_hp_gain":0,"max_hp_loss":0,"event_name":"Shining Light","floor":2,"gold_loss":0,"cards_upgraded":["Strike_B","Zap"]},{"damage_healed":0,"gold_gain":0,"player_choice":"Lose Max HP","damage_taken":0,"relics_obtained":["Golden Idol"],"max_hp_gain":0,"max_hp_loss":7,"event_name":"Golden Idol","floor":3,"gold_loss":0},{"cards_removed":["Defend_B"],"damage_healed":0,"gold_gain":0,"player_choice":"Card Removal","damage_taken":7,"max_hp_gain":0,"max_hp_loss":0,"event_name":"Golden Wing","floor":7,"gold_loss":0},{"damage_healed":0,"gold_gain":0,"player_choice":"Ignored","damage_taken":0,"max_hp_gain":0,"max_hp_loss":0,"event_name":"Liars Game","floor":11,"gold_loss":0},{"damage_healed":0,"gold_gain":0,"player_choice":"Shed Blood","damage_taken":26,"max_hp_gain":5,"max_hp_loss":0,"event_name":"Forgotten Altar","floor":19,"gold_loss":0}],"is_beta":false,"boss_relics":[{"not_picked":["White Beast Statue","Tiny House"],"picked":"Coffee Dripper"}],"items_purged_floors":[4],"is_endless":false,"potions_floor_spawned":[1,8,14,16,18],"killed_by":"Chosen","ascension_level":18}