{"gold_per_floor":[116,116,41,59,59,59,69,83,110,135,151,151,162,178,178,283,283,302,319,319,219,235,235,248,248,248,248,248,248,279,293,293,398,398,413,413,288,338,357,357,357,357,357,207,235,235,248,262,262,262],"floor_reached":51,"playtime":1513,"items_purged":["Strike_G","Strike_G","Strike_G+1","Defend_G+1"],"score":872,"play_id":"df5bcb4f-ccf7-427a-92d2-7725059bf921","local_time":"20190717134936","is_ascension_mode":false,"campfire_choices":[{"data":"Corpse Explosion","floor":6.0,"key":"SMITH"},{"data":"Catalyst","floor":12.0,"key":"SMITH"},{"data":"Well Laid Plans","floor":15.0,"key":"SMITH"},{"data":"Night Terror","floor":23.0,"key":"SMITH"},{"data":"Acrobatics","floor":25.0,"key":"SMITH"},{"data":"Calculated Gamble","floor":27.0,"key":"SMITH"},{"data":"Strike_G","floor":32.0,"key":"PURGE"},{"data":"Defend_G+1","floor":40,"key":"PURGE"},{"data":"Defend_G+1","floor":42,"key":"PURGE"},{"data":"Defend_G+1","floor":49,"key":"PURGE"}],"neow_cost":"NONE","seed_source_timestamp":16717749062121,"circlet_count":0,"master_deck":["Neutralize+1","Corpse Explosion+1","Backflip+1","Deadly Poison+1","Well Laid Plans+1","Adrenaline+1","Catalyst+1","Calculated Gamble+1","Night Terror+1","Acrobatics+1","Burst+1","Catalyst+1"],"special_seed":0,"relics":["Ring of the Snake","War Paint","Whetstone","Bag of Preparation","Velvet Choker","Mummified Hand","Shuriken","Peace Pipe","Coffee Dripper","Mark of the Bloom","Ginger","Vajra","Art of War"],"potions_floor_usage":[50],"damage_taken":[{"damage":0.0,"enemies":"2 Louse","floor":1.0,"turns":2.0},{"damage":0.0,"enemies":"Cultist","floor":4.0,"turns":4.0},{"damage":0.0,"enemies":"Small Slimes","floor":7.0,"turns":3.0},{"damage":3.0,"enemies":"Red Slaver","floor":8.0,"turns":4.0},{"damage":15.0,"enemies":"Gremlin Nob","floor":10.0,"turns":4.0},{"damage":4.0,"enemies":"Large Slime","floor":11.0,"turns":4.0},{"damage":0.0,"enemies":"2 Fungi Beasts","floor":13.0,"turns":2.0},{"damage":0.0,"enemies":"Looter","floor":14.0,"turns":2.0},{"damage":0.0,"enemies":"Hexaghost","floor":16.0,"turns":3.0},{"damage":0.0,"enemies":"Shell Parasite","floor":18.0,"turns":2.0},{"damage":6.0,"enemies":"2 Thieves","floor":19.0,"turns":2.0},{"damage":0.0,"enemies":"Cultist and Chosen","floor":22.0,"turns":3.0},{"damage":0.0,"enemies":"Shelled Parasite and Fungi","floor":24.0,"turns":2.0},{"damage":0.0,"enemies":"Book of Stabbing","floor":30.0,"turns":3.0},{"damage":0.0,"enemies":"Centurion and Healer","floor":31.0,"turns":2.0},{"damage":22,"enemies":"Automaton","floor":33,"turns":3},{"damage":0,"enemies":"Orb Walker","floor":35,"turns":3},{"damage":0,"enemies":"2 Orb Walkers","floor":38,"turns":2},{"damage":0,"enemies":"3 Darklings","floor":39,"turns":1},{"damage":0,"enemies":"Nemesis","floor":45,"turns":1},{"damage":0,"enemies":"Sphere and 2 Shapes","floor":47,"turns":1},{"damage":0,"enemies":"4 Shapes","floor":48,"turns":1},{"damage":0,"enemies":"Awakened One","floor":50,"turns":3}],"seed_played":"9111705377946691295","potions_obtained":[{"floor":1.0,"key":"FearPotion"},{"floor":7.0,"key":"PowerPotion"},{"floor":13.0,"key":"EssenceOfSteel"},{"floor":22.0,"key":"Block Potion"},{"floor":24.0,"key":"Swift Potion"}],"is_trial":false,"path_per_floor":["M","?","$","M","?","R","M","M","T","E","M","R","M","M","R","B",null,"M","M","?","$","M","R","M","R","T","R","?","?","E","M","R","B",null,"M","?","$","?","M","R","?","R","T","$","E","?","M","M","R","B",null],"character_chosen":"THE_SILENT","items_purchased":[],"campfire_rested":0,"item_purchase_floors":[],"current_hp_per_floor":[70,63,63,63,63,63,63,60,60,45,41,41,41,41,41,41,70,70,64,64,64,64,64,64,64,64,64,64,64,64,64,64,42,70,70,70,70,70,70,70,70,70,70,70,70,70,70,70,70,70],"gold":262,"neow_bonus":"TRANSFORM_CARD","is_prod":false,"is_daily":false,"chose_seed":false,"campfire_upgraded":6,"win_rate":0,"timestamp":1563342576,"path_taken":["M","?","$","M","?","R","M","?","T","E","M","R","M","M","R","BOSS","M","M","?","$","M","R","?","R","T","R","?","?","E","M","R","BOSS","M","?","$","?","M","R","?","R","T","?","E","?","M","M","R","BOSS"],"build_version":"2019-07-05","purchased_purges":4,"victory":true,"max_hp_per_floor":[70,70,70,70,70,70,70,70,70,70,70,70,70,70,70,70,70,70,70,70,70,70,70,70,70,70,70,70,70,70,70,70,70,70,70,70,70,70,70,70,70,70,70,70,70,70,70,70,70,70],"card_choices":[{"not_picked":["Distraction","Dodge and Roll"],"picked":"Backflip","floor":1.0},{"not_picked":["Dagger Throw","Cloak And Dagger"],"picked":"Deadly Poison","floor":4.0},{"not_picked":["Terror","Prepared"],"picked":"Grand Finale","floor":7.0},{"not_picked":["Predator","Quick Slash"],"picked":"Well Laid Plans","floor":8.0},{"not_picked":["Predator","Masterful Stab"],"picked":"Adrenaline","floor":10.0},{"not_picked":["Heel Hook","PiercingWail"],"picked":"Catalyst","floor":11.0},{"not_picked":["Sucker Punch","Underhanded Strike","Escape Plan"],"picked":"SKIP","floor":13.0},{"not_picked":["Bouncing Flask","Outmaneuver"],"picked":"Calculated Gamble","floor":14.0},{"not_picked":["Unload","Grand Finale"],"picked":"Night Terror","floor":16.0},{"not_picked":["Flechettes","Noxious Fumes"],"picked":"Acrobatics","floor":18.0},{"not_picked":["Dash","Outmaneuver","Sucker Punch"],"picked":"SKIP","floor":19.0},{"not_picked":["Slice+1","PiercingWail","Flying Knee"],"picked":"SKIP","floor":22.0},{"not_picked":["Bane","Backflip+1","Glass Knife"],"picked":"SKIP","floor":24.0},{"not_picked":["Outmaneuver","Envenom","Blade Dance+1"],"picked":"SKIP","floor":30.0},{"not_picked":["Flying Knee","Quick Slash+1","Crippling Poison"],"picked":"SKIP","floor":31.0},{"not_picked":["Malaise","Venomology"],"picked":"Burst","floor":33},{"not_picked":["Heel Hook+1","Terror+1","Predator"],"picked":"SKIP","floor":35},{"not_picked":["Quick Slash+1","Sucker Punch","Venomology"],"picked":"SKIP","floor":39},{"not_picked":["Eviscerate+1","Dodge and Roll+1"],"picked":"Catalyst+1","floor":45},{"not_picked":["Slice+1","Bane+1","Sucker Punch+1"],"picked":"SKIP","floor":47},{"not_picked":["Dodge and Roll","Endless Agony","Acrobatics"],"picked":"SKIP","floor":48}],"player_experience":5750651,"relics_obtained":[{"floor":9.0,"key":"Whetstone"},{"floor":10.0,"key":"Bag of Preparation"},{"floor":26.0,"key":"Shuriken"},{"floor":30.0,"key":"Peace Pipe"},{"floor":38,"key":"Ginger"},{"floor":43,"key":"Vajra"},{"floor":45,"key":"Art of War"}],"event_choices":[{"damage_healed":0.0,"max_hp_gain":0.0,"max_hp_loss":0.0,"gold_gain":0.0,"event_name":"Scrap Ooze","player_choice":"Success","floor":2.0,"gold_loss":0.0,"damage_taken":7.0,"relics_obtained":["War Paint"]},{"damage_healed":0.0,"max_hp_gain":0.0,"max_hp_loss":0.0,"gold_gain":0.0,"event_name":"Upgrade Shrine","player_choice":"Upgraded","floor":5.0,"gold_loss":0.0,"damage_taken":0.0,"cards_upgraded":["Deadly Poison"]},{"cards_removed":["Grand Finale"],"damage_healed":0.0,"max_hp_gain":0.0,"max_hp_loss":0.0,"gold_gain":0.0,"event_name":"WeMeetAgain","player_choice":"Gave Card","floor":20.0,"gold_loss":0.0,"damage_taken":0.0,"relics_obtained":["Mummified Hand"]},{"damage_healed":0.0,"max_hp_gain":0.0,"max_hp_loss":0.0,"gold_gain":0.0,"event_name":"Cursed Tome","player_choice":"Ignored","floor":28.0,"gold_loss":0.0,"damage_taken":0.0},{"damage_healed":0.0,"max_hp_gain":0.0,"max_hp_loss":0.0,"gold_gain":0.0,"event_name":"Ghosts","player_choice":"Ignored","floor":29.0,"gold_loss":0.0,"damage_taken":0.0},{"damage_healed":0,"gold_gain":0,"player_choice":"Upgrade","damage_taken":0,"relics_obtained":["Mark of the Bloom"],"max_hp_gain":0,"max_hp_loss":0,"event_name":"MindBloom","floor":36,"gold_loss":0,"cards_upgraded":["Defend_G","Defend_G","Defend_G","Defend_G","Survivor","Adrenaline","Burst"]},{"damage_healed":0,"gold_gain":0,"player_choice":"Fight","damage_taken":0,"max_hp_gain":0,"max_hp_loss":0,"event_name":"Mysterious Sphere","floor":38,"gold_loss":0},{"cards_removed":["Survivor"],"damage_healed":0,"gold_gain":0,"player_choice":"Removed Skill","damage_taken":0,"max_hp_gain":0,"max_hp_loss":0,"event_name":"Falling","floor":41,"gold_loss":0},{"cards_removed":["Defend_G"],"damage_healed":0,"gold_gain":0,"player_choice":"Purged","damage_taken":0,"max_hp_gain":0,"max_hp_loss":0,"event_name":"Purifier","floor":46,"gold_loss":0}],"is_beta":false,"boss_relics":[{"not_picked":["Black Star","Eternal Feather"],"picked":"Velvet Choker"},{"not_picked":["Ring of the Serpent","Calling Bell"],"picked":"Coffee Dripper"}],"items_purged_floors":[3,21,37,44],"is_endless":false,"potions_floor_spawned":[1,7,13,22,24,31,33,39,45],"ascension_level":0}