{"gold_per_floor":[117,129,146,161,173,173,173,173,197,212,262,278,278,297,297,297],"floor_reached":16,"playtime":482,"items_purged":[],"score":168,"play_id":"3da61d58-f6da-4891-8888-fe6df0eb9ab3","local_time":"20181112215356","is_ascension_mode":true,"campfire_choices":[{"data":"Neutralize","floor":6,"key":"SMITH"},{"data":"All Out Attack","floor":8,"key":"SMITH"},{"data":"Prepared","floor":15,"key":"SMITH"}],"neow_cost":"NONE","seed_source_timestamp":11467760486703,"circlet_count":0,"master_deck":["AscendersBane","Defend_G","Defend_G","Defend_G","Defend_G","Defend_G","Strike_G","Strike_G","Strike_G","Strike_G","Survivor","Neutralize+1","PiercingWail","All Out Attack+1","Dagger Throw","Accuracy","Prepared+1","Backflip"],"relics":["Ring of the Snake","NeowsBlessing","Juzu Bracelet"],"potions_floor_usage":[4,16],"damage_taken":[{"damage":0,"enemies":"2 Louse","floor":1,"turns":1},{"damage":0,"enemies":"Cultist","floor":2,"turns":1},{"damage":0,"enemies":"Jaw Worm","floor":3,"turns":1},{"damage":1,"enemies":"Exordium Thugs","floor":4,"turns":5},{"damage":6,"enemies":"Gremlin Gang","floor":5,"turns":4},{"damage":0,"enemies":"2 Fungi Beasts","floor":10,"turns":2},{"damage":1,"enemies":"3 Louse","floor":12,"turns":3},{"damage":9,"enemies":"Exordium Wildlife","floor":14,"turns":4},{"damage":45,"enemies":"Hexaghost","floor":16,"turns":14}],"seed_played":"2814277782791235761","potions_obtained":[{"floor":3,"key":"Poison Potion"},{"floor":4,"key":"Poison Potion"},{"floor":10,"key":"GamblersBrew"}],"is_trial":false,"path_per_floor":["M","M","M","M","M","R","?","R","T","M","?","M","?","M","R","B"],"character_chosen":"THE_SILENT","items_purchased":[],"campfire_rested":0,"item_purchase_floors":[],"current_hp_per_floor":[59,59,59,58,52,52,52,52,52,52,52,51,51,42,42,0],"gold":297,"neow_bonus":"THREE_ENEMY_KILL","is_prod":false,"is_daily":false,"chose_seed":false,"campfire_upgraded":3,"win_rate":0,"timestamp":1542030836,"path_taken":["M","M","M","M","M","R","?","R","T","M","?","M","?","M","R","BOSS"],"build_version":"2018-11-08","purchased_purges":0,"victory":false,"max_hp_per_floor":[66,66,66,66,66,66,66,66,66,66,66,66,66,66,66,66],"card_choices":[{"not_picked":["Terror","Underhanded Strike"],"picked":"PiercingWail","floor":1},{"not_picked":["Quick Slash","Outmaneuver"],"picked":"All Out Attack","floor":2},{"not_picked":["Blur","Slice"],"picked":"Dagger Throw","floor":3},{"not_picked":["Bane","Catalyst","Infinite Blades"],"picked":"SKIP","floor":4},{"not_picked":["Distraction","Cloak And Dagger","Poisoned Stab"],"picked":"SKIP","floor":5},{"not_picked":["Distraction","Cloak And Dagger","Poisoned Stab"],"picked":"SKIP","floor":5},{"not_picked":["Dagger Throw","Backflip"],"picked":"Prepared","floor":10},{"not_picked":["Sucker Punch","Dagger Throw","Deflect"],"picked":"SKIP","floor":12},{"not_picked":["Venomology","Slice"],"picked":"Backflip","floor":14}],"player_experience":1032793,"relics_obtained":[{"floor":9,"key":"Juzu Bracelet"}],"event_choices":[{"damage_healed":0,"gold_gain":0,"cards_transformed":["Strike_G"],"player_choice":"Change","damage_taken":0,"max_hp_gain":0,"max_hp_loss":0,"event_name":"Living Wall","floor":7,"gold_loss":0,"cards_obtained":["Accuracy"]},{"damage_healed":0,"gold_gain":50,"player_choice":"Pray","damage_taken":0,"max_hp_gain":0,"max_hp_loss":0,"event_name":"Golden Shrine","floor":11,"gold_loss":0},{"damage_healed":0,"gold_gain":0,"player_choice":"Ignored","damage_taken":0,"max_hp_gain":0,"max_hp_loss":0,"event_name":"Liars Game","floor":13,"gold_loss":0}],"is_beta":true,"boss_relics":[],"items_purged_floors":[],"is_endless":false,"potions_floor_spawned":[3,4,10],"killed_by":"Hexaghost","ascension_level":15}