{"gold_per_floor":[114,127,127,52,52,79,79,129,129,143,162,62,78,78,78,78],"floor_reached":16,"playtime":296,"items_purged":["Strike_G","Strike_G"],"score":250,"play_id":"6987e031-2d0c-4b1d-9b3e-20c1d3621e93","local_time":"20190125180924","is_ascension_mode":true,"campfire_choices":[{"data":"All Out Attack","floor":7,"key":"SMITH"},{"data":"Footwork","floor":15,"key":"SMITH"}],"neow_cost":"NONE","seed_source_timestamp":29652630633491,"circlet_count":0,"master_deck":["AscendersBane","Defend_G","Defend_G","Defend_G","Defend_G+1","Defend_G","Strike_G","Strike_G+1","Survivor","Neutralize","Sucker Punch","Leg Sweep","All Out Attack+1","Footwork+1"],"relics":["Ring of the Snake","NeowsBlessing","Bag of Preparation","Pear"],"potions_floor_usage":[16,16],"damage_taken":[{"damage":0,"enemies":"Small Slimes","floor":1,"turns":1},{"damage":0,"enemies":"2 Louse","floor":2,"turns":1},{"damage":0,"enemies":"3 Sentries","floor":6,"turns":2},{"damage":0,"enemies":"Cultist","floor":10,"turns":3},{"damage":3,"enemies":"Large Slime","floor":11,"turns":5},{"damage":1,"enemies":"2 Fungi Beasts","floor":13,"turns":3},{"damage":46,"enemies":"Slime Boss","floor":16,"turns":9}],"seed_played":"-2408665150909725954","potions_obtained":[{"floor":2,"key":"SkillPotion"},{"floor":6,"key":"SneckoOil"},{"floor":11,"key":"AttackPotion"}],"is_trial":false,"path_per_floor":["M","M","?","$","?","E","R","?","T","M","M","$","M","?","R","B"],"character_chosen":"THE_SILENT","items_purchased":[],"campfire_rested":0,"item_purchase_floors":[],"current_hp_per_floor":[59,59,59,59,59,59,59,53,63,63,60,60,59,36,36,0],"gold":78,"neow_bonus":"THREE_ENEMY_KILL","is_prod":false,"is_daily":false,"chose_seed":false,"campfire_upgraded":2,"win_rate":0,"timestamp":1548410964,"path_taken":["M","M","?","$","?","E","R","?","T","M","M","$","?","?","R","BOSS"],"build_version":"2019-01-23","purchased_purges":2,"victory":false,"max_hp_per_floor":[66,66,66,66,66,66,66,66,76,76,76,76,76,76,76,76],"card_choices":[{"not_picked":["Sucker Punch","Terror","Backflip"],"picked":"SKIP","floor":1},{"not_picked":["Concentrate","Deflect"],"picked":"Sucker Punch","floor":2},{"not_picked":["Flying Knee","Noxious Fumes"],"picked":"All Out Attack","floor":6},{"not_picked":["Deflect","Blade Dance","Leg Sweep"],"picked":"SKIP","floor":10},{"not_picked":["Deflect","Blade Dance","Leg Sweep"],"picked":"SKIP","floor":10},{"not_picked":["Backflip","Slice","Blade Dance"],"picked":"SKIP","floor":11},{"not_picked":["Backflip","Accuracy"],"picked":"Footwork","floor":13}],"player_experience":1344687,"relics_obtained":[{"floor":6,"key":"Bag of Preparation"},{"floor":9,"key":"Pear"}],"event_choices":[{"damage_healed":0,"gold_gain":0,"cards_transformed":["Strike_G"],"player_choice":"Change","damage_taken":0,"max_hp_gain":0,"max_hp_loss":0,"event_name":"Living Wall","floor":3,"gold_loss":0,"cards_obtained":["Leg Sweep"]},{"damage_healed":0,"gold_gain":0,"player_choice":"Leave","damage_taken":0,"max_hp_gain":0,"max_hp_loss":0,"event_name":"The Cleric","floor":5,"gold_loss":0},{"damage_healed":0,"gold_gain":50,"player_choice":"Touch","damage_taken":6,"max_hp_gain":0,"max_hp_loss":0,"event_name":"FaceTrader","floor":8,"gold_loss":0},{"damage_healed":0,"gold_gain":0,"player_choice":"Entered Light","damage_taken":23,"max_hp_gain":0,"max_hp_loss":0,"event_name":"Shining Light","floor":14,"gold_loss":0,"cards_upgraded":["Defend_G","Strike_G"]}],"is_beta":true,"boss_relics":[],"items_purged_floors":[4,12],"is_endless":false,"potions_floor_spawned":[2,6,11],"killed_by":"Slime Boss","ascension_level":20}