{"gold_per_floor":[115,125,50,0,17,17,46,46,72,107,107,107],"floor_reached":12,"playtime":881,"items_purged":["Strike_R"],"score":108,"play_id":"dff32382-b0c5-45ae-ada6-9ed6bbdbbede","local_time":"20190725072025","is_ascension_mode":true,"campfire_choices":[{"data":"Fiend Fire","floor":6,"key":"SMITH"},{"data":"Rage","floor":8,"key":"SMITH"}],"neow_cost":"NONE","seed_source_timestamp":412334992076268,"circlet_count":0,"master_deck":["Strike_R","Strike_R","Strike_R","Defend_R","Defend_R+1","Defend_R+1","Defend_R","Bash","Cleave","Rage+1","Fiend Fire+1","Barricade","Reaper"],"relics":["Burning Blood","Centennial Puzzle","War Paint","Lantern"],"potions_floor_usage":[7],"damage_taken":[{"damage":13,"enemies":"Jaw Worm","floor":1,"turns":4},{"damage":1,"enemies":"Cultist","floor":2,"turns":3},{"damage":1,"enemies":"Small Slimes","floor":5,"turns":3},{"damage":13,"enemies":"Gremlin Nob","floor":7,"turns":3},{"damage":40,"enemies":"3 Sentries","floor":10,"turns":9},{"damage":47,"enemies":"Lagavulin","floor":12,"turns":7}],"seed_played":"-7412400504798604667","potions_obtained":[{"floor":1,"key":"Fire Potion"}],"is_trial":false,"path_per_floor":["M","M","$","?","M","R","E","R","T","E","?","E"],"character_chosen":"IRONCLAD","items_purchased":[],"campfire_rested":0,"item_purchase_floors":[],"current_hp_per_floor":[81,86,86,86,88,88,81,81,81,47,39,0],"gold":107,"neow_bonus":"TEN_PERCENT_HP_BONUS","is_prod":false,"is_daily":false,"chose_seed":false,"campfire_upgraded":2,"win_rate":0,"timestamp":1564057225,"path_taken":["M","M","$","?","M","R","E","R","T","E","?","E"],"build_version":"2019-07-17","purchased_purges":1,"victory":false,"max_hp_per_floor":[88,88,88,88,88,88,88,88,88,88,88,88],"card_choices":[{"not_picked":["Corruption","Armaments"],"picked":"Cleave","floor":1},{"not_picked":["Corruption","Clash"],"picked":"Rage","floor":2},{"not_picked":["Havoc","Clothesline"],"picked":"Fiend Fire","floor":5},{"not_picked":["Dual Wield","Clothesline"],"picked":"Barricade","floor":7},{"not_picked":["Pummel","Clash"],"picked":"Reaper","floor":10}],"player_experience":296593,"relics_obtained":[{"floor":7,"key":"Centennial Puzzle"},{"floor":9,"key":"War Paint"},{"floor":10,"key":"Lantern"}],"event_choices":[{"cards_removed":["Strike_R"],"damage_healed":0,"gold_gain":0,"player_choice":"Card Removal","damage_taken":0,"max_hp_gain":0,"max_hp_loss":0,"event_name":"The Cleric","floor":4,"gold_loss":50},{"damage_healed":0,"gold_gain":0,"player_choice":"Damaged","damage_taken":8,"max_hp_gain":0,"max_hp_loss":0,"event_name":"Wheel of Change","floor":11,"gold_loss":0}],"is_beta":false,"boss_relics":[],"items_purged_floors":[3],"is_endless":false,"potions_floor_spawned":[1],"killed_by":"Lagavulin","ascension_level":5}