{"path_per_floor":["M","M","M","?","M","E","M","E","T","E","$","E","M","?","R","B",null,"M","?","?","?","M","E","$","E","T","$","E","R","M"],"character_chosen":"DEFECT","items_purchased":["Capacitor","Molten Egg 2","FTL","Pen Nib"],"gold_per_floor":[114,129,144,108,123,153,168,198,198,228,183,513,528,528,528,628,628,643,643,568,587,602,632,342,372,372,222,252,252,267,267],"floor_reached":31,"campfire_rested":1,"playtime":1929,"current_hp_per_floor":[74,63,63,63,63,63,60,74,80,57,57,43,50,50,50,14,101,98,98,98,84,77,38,38,24,30,30,9,56,46,0],"items_purged":[],"gold":267,"score":423,"play_id":"7dd6c941-13c2-4de1-af69-b4ffcb22483b","local_time":"20180502171516","daily_mods":["Allstar","Cursed Run","Elite Swarm"],"is_prod":false,"is_daily":true,"chose_seed":false,"is_ascension_mode":false,"campfire_upgraded":1,"timestamp":1525252516,"path_taken":["M","M","?","?","M","E","M","E","T","E","$","E","?","?","R","BOSS","M","?","?","?","M","E","$","E","T","$","E","R","M","E"],"build_version":"2018-05-01v2","seed_source_timestamp":0,"purchased_purges":1,"victory":false,"master_deck":["Strike_B","Strike_B+1","Defend_B","Defend_B+1","Defend_B","Defend_B","Zap+1","Dualcast","Dramatic Entrance","Secret Technique+1","Secret Weapon","Mind Blast","Sadistic Nature","Streamline","Skim","Cold Snap","Nova+1","Decay","Echo Form","Capacitor","Redo","Rebound","Barrage","Pain","Fission","Coolheaded+1","Heatsinks","Amplify","FTL+1","All For One+1","Pain","Reboot"],"max_hp_per_floor":[75,75,75,75,75,75,75,89,95,95,95,95,95,95,95,101,101,101,101,101,101,101,101,101,101,107,107,107,107,107,107],"relics":["Cursed Key","Darkstone Periapt","Du-Vu Doll","War Paint","Mango","Vajra","Dead Branch","Old Coin","Nuclear Battery","Red Mask","Whetstone","Molten Egg 2","Gambling Chip","Symbiotic Virus","Pen Nib","Regal Pillow"],"card_choices":[{"not_picked":["Rebound","Axe Kick"],"picked":"Streamline","floor":1},{"not_picked":["Hologram","Reprieve"],"picked":"Skim","floor":2},{"not_picked":["Leap","Hologram"],"picked":"Cold Snap","floor":5},{"not_picked":["Prime","Amplify"],"picked":"Nova","floor":8},{"not_picked":["Redo","Multi-Cast"],"picked":"Echo Form","floor":10},{"not_picked":["Meteor Strike","Fusion"],"picked":"Redo","floor":12},{"not_picked":["Leap","Chaos"],"picked":"Rebound","floor":13},{"not_picked":["Fusion","Prime"],"picked":"Fission","floor":16},{"not_picked":["FTL","Force Field"],"picked":"Coolheaded","floor":18},{"not_picked":["Stack","Go for the Eyes"],"picked":"Heatsinks","floor":22},{"not_picked":["Reboot","Rainbow"],"picked":"Amplify","floor":23},{"not_picked":["Seek","Machine Learning"],"picked":"All For One","floor":25},{"not_picked":["Nova","Prime"],"picked":"Reboot","floor":28}],"player_experience":450105,"potions_floor_usage":[6,6,8,22,23,30,31],"damage_taken":[{"damage":1,"enemies":"Cultist","floor":1,"turns":5},{"damage":11,"enemies":"Jaw Worm","floor":2,"turns":2},{"damage":0,"enemies":"Small Slimes","floor":3,"turns":2},{"damage":0,"enemies":"2 Fungi Beasts","floor":5,"turns":3},{"damage":0,"enemies":"Gremlin Nob","floor":6,"turns":3},{"damage":3,"enemies":"Lots of Slimes","floor":7,"turns":3},{"damage":0,"enemies":"Lagavulin","floor":8,"turns":6},{"damage":23,"enemies":"3 Sentries","floor":10,"turns":6},{"damage":14,"enemies":"Lagavulin","floor":12,"turns":5},{"damage":0,"enemies":"Blue Slaver","floor":13,"turns":2},{"damage":42,"enemies":"The Guardian","floor":16,"turns":10},{"damage":3,"enemies":"Shell Parasite","floor":18,"turns":2},{"damage":14,"enemies":"√…√Ê«øµ¡","floor":21,"turns":4},{"damage":7,"enemies":"3 Byrds","floor":22,"turns":4},{"damage":39,"enemies":"Book of Stabbing","floor":23,"turns":5},{"damage":14,"enemies":"Gremlin Leader","floor":25,"turns":6},{"damage":21,"enemies":"Book of Stabbing","floor":28,"turns":3},{"damage":13,"enemies":"Snake Plant","floor":30,"turns":3},{"damage":47,"enemies":"Slavers","floor":31,"turns":3}],"event_choices":[{"event_name":"World of Goop","player_choice":"Left","floor":4,"damage_taken":0},{"event_name":"Living Wall","player_choice":"Change","floor":14,"damage_taken":0},{"event_name":"Drug Dealer","player_choice":"Ignored","floor":19,"damage_taken":0},{"event_name":"Beggar","player_choice":"Gave Gold","floor":20,"damage_taken":0},{"event_name":"Masked Bandits","player_choice":"Fought over 568 gold","floor":21,"damage_taken":0}],"boss_relics":[{"not_picked":["White Beast Statue","Snecko Eye"],"picked":"Nuclear Battery"}],"potions_floor_spawned":[1,3,5,8,10,21,25,28,30],"seed_played":"-1337817561481805192","killed_by":"Slavers","ascension_level":0,"is_trial":false}