{"gold_per_floor":[210,49,49,69,80,80,107,107,107,120,120,138,138,168,168,168],"floor_reached":16,"playtime":447,"items_purged":[],"score":270,"play_id":"15b048c5-1310-4766-82a1-9975e0d06959","local_time":"20190423195955","is_ascension_mode":true,"campfire_choices":[{"data":"Fission","floor":6.0,"key":"SMITH"},{"data":"Zap","floor":8.0,"key":"SMITH"},{"data":"Sunder","floor":13.0,"key":"SMITH"},{"data":"Dualcast","floor":15,"key":"SMITH"}],"neow_cost":"NONE","seed_source_timestamp":99942483900022,"circlet_count":0,"master_deck":["AscendersBane","Strike_B","Strike_B","Defend_B","Defend_B","Defend_B","Defend_B","Zap+1","Dualcast+1","Ball Lightning","Fission+1","Capacitor","Stack","Doom and Gloom","Sunder+1","Self Repair","Double Energy","Electrodynamics"],"special_seed":0,"relics":["Cracked Core","PreservedInsect","Cables","Prayer Wheel","Bag of Preparation"],"potions_floor_usage":[14],"damage_taken":[{"damage":7.0,"enemies":"Jaw Worm","floor":1.0,"turns":4.0},{"damage":1.0,"enemies":"Cultist","floor":4.0,"turns":3.0},{"damage":9.0,"enemies":"2 Louse","floor":5.0,"turns":2.0},{"damage":31.0,"enemies":"Gremlin Nob","floor":7.0,"turns":4.0},{"damage":8.0,"enemies":"Blue Slaver","floor":10.0,"turns":3.0},{"damage":1.0,"enemies":"3 Louse","floor":12.0,"turns":3.0},{"damage":0,"enemies":"3 Sentries","floor":14,"turns":3},{"damage":27,"enemies":"The Guardian","floor":16,"turns":7}],"seed_played":"1377849232922018416","potions_obtained":[{"floor":1.0,"key":"Regen Potion"},{"floor":7.0,"key":"Ancient Potion"},{"floor":10.0,"key":"Block Potion"},{"floor":12.0,"key":"Fire Potion"}],"is_trial":false,"path_per_floor":["M","$","?","M","M","R","E","R","T","M","?","M","R","E","R","B"],"character_chosen":"DEFECT","items_purchased":["PreservedInsect"],"campfire_rested":0,"item_purchase_floors":[2],"current_hp_per_floor":[57,57,57,56,47,47,16,16,16,17,17,16,16,23,23,0],"gold":168,"neow_bonus":"HUNDRED_GOLD","is_prod":false,"is_daily":false,"chose_seed":false,"campfire_upgraded":4,"win_rate":0,"timestamp":1556020795,"path_taken":["M","$","?","M","M","R","E","R","T","M","?","M","R","E","R","BOSS"],"build_version":"2019-01-23","purchased_purges":0,"victory":false,"max_hp_per_floor":[71,71,71,71,71,71,71,71,71,71,71,71,71,71,71,71],"card_choices":[{"not_picked":["Chaos","Streamline"],"picked":"Ball Lightning","floor":1.0},{"not_picked":["Force Field","Sweeping Beam","Steam"],"picked":"SKIP","floor":4.0},{"not_picked":["Force Field","Sweeping Beam","Steam"],"picked":"SKIP","floor":4.0},{"not_picked":["Auto Shields","Amplify"],"picked":"Capacitor","floor":5.0},{"not_picked":["Leap","Stack","Redo"],"picked":"SKIP","floor":7.0},{"not_picked":["Redo","Hologram"],"picked":"Stack","floor":10.0},{"not_picked":["Scrape","Compile Driver"],"picked":"Doom and Gloom","floor":10.0},{"not_picked":["Melter","Rebound"],"picked":"Self Repair","floor":12.0},{"not_picked":["Force Field","Rebound"],"picked":"Double Energy","floor":12.0},{"not_picked":["Buffer","Sunder"],"picked":"Electrodynamics","floor":14}],"player_experience":4462924,"relics_obtained":[{"floor":7.0,"key":"Cables"},{"floor":9.0,"key":"Prayer Wheel"},{"floor":14,"key":"Bag of Preparation"}],"event_choices":[{"damage_healed":0.0,"max_hp_gain":0.0,"max_hp_loss":0.0,"gold_gain":0.0,"cards_transformed":["Strike_B"],"event_name":"Living Wall","player_choice":"Change","floor":3.0,"gold_loss":0.0,"damage_taken":0.0,"cards_obtained":["Fission"]},{"damage_healed":0.0,"max_hp_gain":0.0,"max_hp_loss":0.0,"gold_gain":0.0,"cards_transformed":["Strike_B"],"event_name":"Transmorgrifier","player_choice":"Transformed","floor":11.0,"gold_loss":0.0,"damage_taken":0.0,"cards_obtained":["Sunder"]}],"is_beta":false,"boss_relics":[],"items_purged_floors":[],"is_endless":false,"potions_floor_spawned":[1,7,10,12],"killed_by":"The Guardian","ascension_level":20}