{"gold_per_floor":[110,35,35,35,35,35,35,35,35,35,35,35,46,57,57,135,135,146,165,176,226,126,126,142,142,169,195,195,209,209,209,209,286,286,303,303,303,303,403,403,403,413,413,288,302,302,352,383,383,383,383,383,27,57,57],"floor_reached":56,"playtime":1193,"items_purged":["Searing Blow","Anger","Writhe","Anger+1"],"score":2053,"play_id":"0ecf286c-f3b2-4b5f-a318-614f0741773d","local_time":"20181218142413","is_ascension_mode":true,"campfire_choices":[{"data":"Searing Blow+1","floor":6.0,"key":"SMITH"},{"data":"Searing Blow+2","floor":8.0,"key":"SMITH"},{"data":"Searing Blow+3","floor":12.0,"key":"SMITH"},{"data":"Searing Blow+4","floor":15.0,"key":"SMITH"},{"data":"Searing Blow+5","floor":23.0,"key":"SMITH"},{"data":"Searing Blow+6","floor":25.0,"key":"SMITH"},{"data":"Searing Blow+7","floor":28.0,"key":"SMITH"},{"data":"Searing Blow+8","floor":32.0,"key":"SMITH"},{"data":"Searing Blow+9","floor":40.0,"key":"SMITH"},{"data":"Searing Blow+10","floor":46.0,"key":"SMITH"},{"floor":49.0,"key":"RECALL"},{"data":"Searing Blow+11","floor":52.0,"key":"SMITH"}],"neow_cost":"NONE","seed_source_timestamp":7605467102069,"circlet_count":0,"master_deck":["AscendersBane","Bash","Fiend Fire","Searing Blow+12","Double Tap+1","Limit Break","Feed","Rage+1","Battle Trance","Armaments","Feed","Dark Shackles","Shrug It Off","Burning Pact+1","Apotheosis","Exhume"],"special_seed":0,"relics":["Pandora\u0027s Box","Sundial","Runic Dome","Ginger","Enchiridion","Velvet Choker","Unceasing Top","Nunchaku","Gremlin Horn","Pocketwatch"],"potions_floor_usage":[55],"damage_taken":[{"damage":10.0,"enemies":"Small Slimes","floor":1.0,"turns":3.0},{"damage":8.0,"enemies":"2 Louse","floor":13.0,"turns":2.0},{"damage":0.0,"enemies":"Cultist","floor":14.0,"turns":1.0},{"damage":30.0,"enemies":"Hexaghost","floor":16.0,"turns":4.0},{"damage":0.0,"enemies":"Chosen","floor":18.0,"turns":1.0},{"damage":0.0,"enemies":"Shell Parasite","floor":19.0,"turns":1.0},{"damage":3.0,"enemies":"Cultist and Chosen","floor":20.0,"turns":4.0},{"damage":0.0,"enemies":"Chosen and Byrds","floor":24.0,"turns":2.0},{"damage":15.0,"enemies":"Book of Stabbing","floor":27.0,"turns":3.0},{"damage":0.0,"enemies":"Centurion and Healer","floor":29.0,"turns":3.0},{"damage":25.0,"enemies":"Automaton","floor":33.0,"turns":4.0},{"damage":4.0,"enemies":"3 Shapes","floor":35.0,"turns":4.0},{"damage":0.0,"enemies":"Mind Bloom Boss Battle","floor":39.0,"turns":1.0},{"damage":0.0,"enemies":"3 Darklings","floor":42.0,"turns":2.0},{"damage":0.0,"enemies":"Transient","floor":45.0,"turns":5.0},{"damage":5.0,"enemies":"Giant Head","floor":48.0,"turns":2.0},{"damage":11.0,"enemies":"Time Eater","floor":50.0,"turns":3.0},{"damage":12.0,"enemies":"Shield and Spear","floor":54.0,"turns":3.0},{"damage":54,"enemies":"The Heart","floor":55,"turns":5}],"seed_played":"8810955452126573272","potions_obtained":[{"floor":1.0,"key":"Fire Potion"},{"floor":11.0,"key":"Fire Potion"},{"floor":16.0,"key":"Energy Potion"},{"floor":24.0,"key":"Weak Potion"},{"floor":27.0,"key":"Swift Potion"},{"floor":35.0,"key":"SpeedPotion"},{"floor":42.0,"key":"Ancient Potion"}],"is_trial":false,"path_per_floor":["M","$","?","?","?","R","$","R","T","$","?","R","M","M","R","B",null,"M","M","M","?","$","R","M","R","T","E","R","M","?","?","R","B",null,"M","?","?","?","?","R","T","M","T","$","M","R","?","E","R","B",null,"R","$","E","B",null],"character_chosen":"IRONCLAD","items_purchased":["Apotheosis"],"campfire_rested":0,"item_purchase_floors":[53],"current_hp_per_floor":[61,61,61,61,38,38,38,38,38,38,38,38,33,36,36,6,65,68,71,74,74,74,74,80,80,80,65,65,68,47,47,47,22,84,87,87,109,109,109,109,109,109,109,109,109,109,109,104,104,93,107,107,107,95,41],"gold":57,"neow_bonus":"BOSS_RELIC","is_prod":false,"is_daily":false,"chose_seed":false,"campfire_upgraded":11,"win_rate":0,"timestamp":1545114253,"path_taken":["M","$","?","?","?","R","?","R","T","$","?","R","M","M","R","BOSS","M","?","M","?","$","R","M","R","T","E","R","M","?","?","R","BOSS","M","?","?","?","?","R","?","M","T","$","M","R","?","E","R","BOSS","R","$","E","BOSS"],"build_version":"2018-12-13","purchased_purges":4,"victory":true,"max_hp_per_floor":[78,78,78,78,78,78,78,78,78,78,78,78,81,84,84,84,84,87,90,96,96,96,96,102,102,102,102,102,105,105,105,105,105,105,112,112,112,112,112,112,112,112,112,112,112,112,112,112,112,112,112,112,112,112,112],"card_choices":[{"not_picked":["Feel No Pain","Body Slam","Bloodletting"],"picked":"SKIP","floor":1.0},{"not_picked":["Thunderclap","Pommel Strike","Warcry"],"picked":"SKIP","floor":13.0},{"not_picked":["Reckless Charge","Wild Strike"],"picked":"Feed","floor":14.0},{"not_picked":["Anger","Shrug It Off"],"picked":"Rage+1","floor":18.0},{"not_picked":["Anger","Sword Boomerang","Havoc"],"picked":"SKIP","floor":19.0},{"not_picked":["Pummel+1","True Grit"],"picked":"Battle Trance","floor":20.0},{"not_picked":["Infernal Blade","Headbutt","Spot Weakness"],"picked":"SKIP","floor":24.0},{"not_picked":["Whirlwind","Clash","Barricade"],"picked":"SKIP","floor":27.0},{"not_picked":["Fire Breathing","Anger","True Grit"],"picked":"SKIP","floor":29.0},{"not_picked":["Double Tap","Dark Embrace"],"picked":"Feed","floor":33.0},{"not_picked":["Clothesline","Heavy Blade","Perfected Strike"],"picked":"SKIP","floor":35.0},{"not_picked":["Purity","Good Instincts"],"picked":"Dark Shackles","floor":36.0},{"not_picked":["Uppercut+1","Pummel+1","Wild Strike"],"picked":"SKIP","floor":42.0},{"not_picked":["Fire Breathing+1","Dual Wield+1"],"picked":"Shrug It Off","floor":45.0},{"not_picked":["Twin Strike","Body Slam"],"picked":"Burning Pact+1","floor":48.0},{"not_picked":["Shrug It Off","Pommel Strike+1"],"picked":"Exhume","floor":54.0}],"player_experience":1342264,"relics_obtained":[{"floor":9.0,"key":"Sundial"},{"floor":27.0,"key":"Ginger"},{"floor":30.0,"key":"Enchiridion"},{"floor":41.0,"key":"Unceasing Top"},{"floor":43.0,"key":"Nunchaku"},{"floor":48.0,"key":"Gremlin Horn"},{"floor":54.0,"key":"Pocketwatch"}],"event_choices":[{"damage_healed":0.0,"max_hp_gain":0.0,"max_hp_loss":0.0,"gold_gain":0.0,"event_name":"Living Wall","player_choice":"Grow","floor":3.0,"gold_loss":0.0,"damage_taken":0.0,"cards_upgraded":["Searing Blow"]},{"damage_healed":0.0,"max_hp_gain":0.0,"max_hp_loss":0.0,"gold_gain":0.0,"event_name":"Liars Game","player_choice":"Ignored","floor":4.0,"gold_loss":0.0,"damage_taken":0.0},{"damage_healed":0.0,"max_hp_gain":0.0,"max_hp_loss":0.0,"gold_gain":0.0,"event_name":"Shining Light","player_choice":"Entered Light","floor":5.0,"gold_loss":0.0,"damage_taken":23.0,"cards_upgraded":["Anger","Double Tap"]},{"damage_healed":0.0,"max_hp_gain":0.0,"max_hp_loss":0.0,"gold_gain":0.0,"event_name":"Lab","player_choice":"Got Potions","floor":11.0,"gold_loss":0.0,"damage_taken":0.0},{"damage_healed":0.0,"max_hp_gain":0.0,"max_hp_loss":0.0,"gold_gain":50.0,"event_name":"Nest","player_choice":"Stole From Cult","floor":21.0,"gold_loss":0.0,"damage_taken":0.0},{"damage_healed":0.0,"max_hp_gain":0.0,"max_hp_loss":0.0,"gold_gain":0.0,"event_name":"Cursed Tome","player_choice":"Obtained Book","floor":30.0,"gold_loss":0.0,"damage_taken":21.0},{"damage_healed":0.0,"max_hp_gain":0.0,"max_hp_loss":0.0,"gold_gain":0.0,"cards_transformed":["Infernal Blade"],"event_name":"Transmorgrifier","player_choice":"Transformed","floor":31.0,"gold_loss":0.0,"damage_taken":0.0,"cards_obtained":["Armaments"]},{"damage_healed":0.0,"max_hp_gain":0.0,"max_hp_loss":0.0,"gold_gain":0.0,"event_name":"SensoryStone","player_choice":"Memory 1","floor":36.0,"gold_loss":0.0,"damage_taken":0.0},{"damage_healed":22.0,"max_hp_gain":0.0,"max_hp_loss":0.0,"gold_gain":0.0,"event_name":"Winding Halls","player_choice":"Writhe","floor":37.0,"gold_loss":0.0,"damage_taken":0.0,"cards_obtained":["Writhe"]},{"cards_removed":["Feed"],"damage_healed":0.0,"max_hp_gain":0.0,"max_hp_loss":0.0,"gold_gain":0.0,"event_name":"Falling","player_choice":"Removed Attack","floor":38.0,"gold_loss":0.0,"damage_taken":0.0},{"damage_healed":0.0,"max_hp_gain":0.0,"max_hp_loss":0.0,"gold_gain":0.0,"event_name":"MindBloom","player_choice":"Fight","floor":39.0,"gold_loss":0.0,"damage_taken":0.0},{"damage_healed":0.0,"max_hp_gain":0.0,"max_hp_loss":0.0,"gold_gain":50.0,"event_name":"Golden Shrine","player_choice":"Pray","floor":47.0,"gold_loss":0.0,"damage_taken":0.0}],"is_beta":false,"boss_relics":[{"not_picked":["Ectoplasm","Runic Cube"],"picked":"Runic Dome"},{"not_picked":["Tiny House","Sozu"],"picked":"Velvet Choker"}],"items_purged_floors":[2,22,44,53],"is_endless":false,"potions_floor_spawned":[1,13,16,19,24,27,35,42,48],"ascension_level":17}