{"gold_per_floor":[113,113,38,54,54,54,80,3,3,15,43,60,73,108,108,181,181,196,96,115,129,129,163,176,202,228,278,67,100,100,113,113,187,187,202,202,222,233,245,245,272,272,272,300,317,343,223,253,265,277,289,301,313,51,81,81],"floor_reached":57,"playtime":2167,"items_purged":["Defend_G","Bullet Time","Dash","Survivor","Grand Finale"],"score":4000,"play_id":"1d5455af-8772-4b08-8528-b59a9dc0b57d","local_time":"20190317214959","is_ascension_mode":true,"campfire_choices":[{"data":"Neutralize","floor":6.0,"key":"SMITH"},{"data":"Well Laid Plans","floor":15.0,"key":"SMITH"},{"data":"Tactician","floor":30.0,"key":"SMITH"},{"data":"Acrobatics","floor":32.0,"key":"SMITH"},{"data":"Backflip","floor":40.0,"key":"SMITH"},{"data":"Blur","floor":42.0,"key":"SMITH"},{"floor":49.0,"key":"RECALL"},{"data":"PiercingWail","floor":53,"key":"SMITH"}],"neow_cost":"NONE","seed_source_timestamp":47413095053423,"circlet_count":0,"master_deck":["AscendersBane","Neutralize+1","Well Laid Plans+1","Acrobatics+1","Blur+1","PiercingWail+1","Infinite Blades","Tactician+1","Backflip+1","Eviscerate"],"special_seed":0,"relics":["Ring of the Snake","NeowsBlessing","Singing Bowl","Incense Burner","Turnip","Pandora\u0027s Box","Lantern","Vajra","Ancient Tea Set","Shuriken","Empty Cage","CultistMask","The Courier","Pear","Pantograph","Bronze Scales","MawBank","Gremlin Horn"],"potions_floor_usage":[56],"damage_taken":[{"damage":0.0,"enemies":"Jaw Worm","floor":1.0,"turns":1.0},{"damage":0.0,"enemies":"Small Slimes","floor":4.0,"turns":1.0},{"damage":0.0,"enemies":"3 Sentries","floor":7.0,"turns":1.0},{"damage":0.0,"enemies":"Cultist","floor":10.0,"turns":4.0},{"damage":2.0,"enemies":"Lagavulin","floor":11.0,"turns":6.0},{"damage":0.0,"enemies":"Blue Slaver","floor":12.0,"turns":4.0},{"damage":5.0,"enemies":"Gremlin Gang","floor":13.0,"turns":6.0},{"damage":53.0,"enemies":"3 Sentries","floor":14.0,"turns":18.0},{"damage":0.0,"enemies":"Hexaghost","floor":16.0,"turns":8.0},{"damage":0.0,"enemies":"Chosen","floor":18.0,"turns":5.0},{"damage":0.0,"enemies":"Spheric Guardian","floor":20.0,"turns":4.0},{"damage":0.0,"enemies":"Chosen and Byrds","floor":21.0,"turns":4.0},{"damage":0.0,"enemies":"Book of Stabbing","floor":23.0,"turns":3.0},{"damage":0.0,"enemies":"Cultist and Chosen","floor":24.0,"turns":3.0},{"damage":0.0,"enemies":"Slavers","floor":25.0,"turns":4.0},{"damage":0.0,"enemies":"Gremlin Leader","floor":29.0,"turns":3.0},{"damage":0.0,"enemies":"Centurion and Healer","floor":31.0,"turns":2.0},{"damage":0.0,"enemies":"Champ","floor":33.0,"turns":3.0},{"damage":0.0,"enemies":"Orb Walker","floor":35.0,"turns":1.0},{"damage":0.0,"enemies":"3 Shapes","floor":37.0,"turns":1.0},{"damage":0.0,"enemies":"Writhing Mass","floor":38.0,"turns":1.0},{"damage":9.0,"enemies":"Jaw Worm Horde","floor":39.0,"turns":2.0},{"damage":0.0,"enemies":"Giant Head","floor":41.0,"turns":1.0},{"damage":0.0,"enemies":"Reptomancer","floor":44.0,"turns":1.0},{"damage":0.0,"enemies":"Transient","floor":45.0,"turns":6.0},{"damage":0.0,"enemies":"Giant Head","floor":46.0,"turns":1.0},{"damage":0.0,"enemies":"Nemesis","floor":48.0,"turns":1.0},{"damage":0.0,"enemies":"Time Eater","floor":50.0,"turns":5.0},{"damage":0.0,"enemies":"Awakened One","floor":51.0,"turns":2.0},{"damage":0,"enemies":"Shield and Spear","floor":55,"turns":1},{"damage":0,"enemies":"The Heart","floor":56,"turns":5}],"seed_played":"-4013903309576641927","potions_obtained":[{"floor":7.0,"key":"Fire Potion"},{"floor":11.0,"key":"Regen Potion"},{"floor":14.0,"key":"GamblersBrew"},{"floor":16.0,"key":"LiquidBronze"},{"floor":18.0,"key":"PowerPotion"},{"floor":25.0,"key":"Explosive Potion"},{"floor":35.0,"key":"Regen Potion"},{"floor":46.0,"key":"SkillPotion"}],"is_trial":false,"path_per_floor":["M","?","$","M","?","R","E","$","T","M","E","M","M","E","R","B",null,"M","$","M","M","?","E","M","E","T","?","$","E","R","M","R","B",null,"M","?","M","M","M","R","E","R","T","E","M","E","$","E","R","B","B",null,"R","$","E","B",null],"character_chosen":"THE_SILENT","items_purchased":["Well Laid Plans","Tactician","Eviscerate","GhostInAJar"],"campfire_rested":0,"item_purchase_floors":[8,28,54,54],"current_hp_per_floor":[59,52,52,52,52,52,54,54,54,54,54,56,68,17,17,19,63,65,65,67,69,69,71,73,75,75,75,75,75,75,77,77,79,90,92,92,94,96,93,93,95,95,105,107,109,111,111,113,113,122,122,122,122,122,124,124],"gold":81,"neow_bonus":"THREE_ENEMY_KILL","is_prod":false,"is_daily":false,"chose_seed":false,"campfire_upgraded":7,"win_rate":0,"timestamp":1552830599,"path_taken":["M","?","$","M","?","R","E","$","T","M","E","M","M","E","R","BOSS","M","$","M","M","?","E","M","E","T","?","$","E","R","?","R","BOSS","M","?","M","?","M","R","E","R","T","E","M","E","$","E","R","BOSS","BOSS","R","$","E","BOSS"],"build_version":"2019-01-23","purchased_purges":5,"victory":true,"max_hp_per_floor":[66,66,66,66,66,66,68,68,68,68,70,72,74,76,76,78,78,80,80,82,84,84,86,88,90,90,90,90,90,90,92,92,94,94,96,96,98,100,102,102,104,104,114,116,118,120,120,122,122,122,122,122,122,122,124,124],"card_choices":[{"not_picked":["Cloak And Dagger","Flying Knee","Slice"],"picked":"SKIP","floor":1.0},{"not_picked":["Flying Knee","Backflip"],"picked":"Poisoned Stab","floor":4.0},{"not_picked":["Slice","Flechettes","Flying Knee"],"picked":"Singing Bowl","floor":7.0},{"not_picked":["Poisoned Stab","Flechettes"],"picked":"Acrobatics","floor":10.0},{"not_picked":["Catalyst","Unload","Bane"],"picked":"Singing Bowl","floor":11.0},{"not_picked":["Underhanded Strike","Flying Knee","Blade Dance"],"picked":"Singing Bowl","floor":12.0},{"not_picked":["Prepared","Backstab","Crippling Poison"],"picked":"Singing Bowl","floor":13.0},{"not_picked":["Quick Slash","Dagger Spray","Outmaneuver"],"picked":"Singing Bowl","floor":14.0},{"not_picked":["Malaise","Wraith Form v2","Venomology"],"picked":"Singing Bowl","floor":16.0},{"not_picked":["Endless Agony","PiercingWail","Bouncing Flask"],"picked":"Singing Bowl","floor":18.0},{"not_picked":["Slice+1","Flying Knee","Catalyst"],"picked":"Singing Bowl","floor":20.0},{"not_picked":["Dodge and Roll","Infinite Blades","Predator"],"picked":"Singing Bowl","floor":21.0},{"not_picked":["Crippling Poison","Flying Knee","Footwork"],"picked":"Singing Bowl","floor":23.0},{"not_picked":["After Image","Dodge and Roll","Dagger Throw"],"picked":"Singing Bowl","floor":24.0},{"not_picked":["Terror","Dagger Spray","Blur"],"picked":"Singing Bowl","floor":25.0},{"not_picked":["Slice","Flying Knee"],"picked":"Backflip","floor":29.0},{"not_picked":["Distraction","Masterful Stab","Blade Dance"],"picked":"Singing Bowl","floor":31.0},{"not_picked":["Bullet Time","Malaise","Burst"],"picked":"Singing Bowl","floor":33.0},{"not_picked":["Heel Hook","Dagger Throw","Deadly Poison"],"picked":"Singing Bowl","floor":35.0},{"not_picked":["Well Laid Plans","Quick Slash","Poisoned Stab"],"picked":"Singing Bowl","floor":37.0},{"not_picked":["Leg Sweep","Dagger Spray+1","Acrobatics"],"picked":"Singing Bowl","floor":38.0},{"not_picked":["Sucker Punch","Flying Knee","Reflex"],"picked":"Singing Bowl","floor":39.0},{"not_picked":["Well Laid Plans+1","Noxious Fumes","Cloak And Dagger"],"picked":"Singing Bowl","floor":41.0},{"not_picked":["All Out Attack+1","Sucker Punch","Glass Knife"],"picked":"Singing Bowl","floor":44.0},{"not_picked":["Cloak And Dagger","Deflect","Acrobatics+1"],"picked":"Singing Bowl","floor":45.0},{"not_picked":["Underhanded Strike","Acrobatics","Deflect"],"picked":"Singing Bowl","floor":46.0},{"not_picked":["Leg Sweep","Die Die Die","Bouncing Flask+1"],"picked":"Singing Bowl","floor":48.0},{"not_picked":["Eviscerate","Dodge and Roll","Dash+1"],"picked":"Singing Bowl","floor":55}],"player_experience":3666937,"relics_obtained":[{"floor":7.0,"key":"Singing Bowl"},{"floor":11.0,"key":"Incense Burner"},{"floor":14.0,"key":"Turnip"},{"floor":23.0,"key":"Lantern"},{"floor":25.0,"key":"Vajra"},{"floor":26.0,"key":"Ancient Tea Set"},{"floor":29.0,"key":"Shuriken"},{"floor":41.0,"key":"The Courier"},{"floor":43.0,"key":"Pear"},{"floor":44.0,"key":"Pantograph"},{"floor":46.0,"key":"Bronze Scales"},{"floor":48.0,"key":"MawBank"},{"floor":55,"key":"Gremlin Horn"}],"event_choices":[{"cards_removed":["Strike_G"],"damage_healed":0.0,"max_hp_gain":0.0,"max_hp_loss":0.0,"gold_gain":0.0,"event_name":"Golden Wing","player_choice":"Card Removal","floor":2.0,"gold_loss":0.0,"damage_taken":7.0},{"damage_healed":0.0,"max_hp_gain":0.0,"max_hp_loss":0.0,"gold_gain":0.0,"cards_transformed":["Poisoned Stab"],"event_name":"Living Wall","player_choice":"Change","floor":5.0,"gold_loss":0.0,"damage_taken":0.0,"cards_obtained":["Grand Finale"]},{"cards_removed":["Cloak And Dagger"],"damage_healed":0.0,"max_hp_gain":0.0,"max_hp_loss":0.0,"gold_gain":0.0,"event_name":"Back to Basics","player_choice":"Elegance","floor":22.0,"gold_loss":0.0,"damage_taken":0.0},{"damage_healed":0.0,"max_hp_gain":0.0,"max_hp_loss":0.0,"gold_gain":50.0,"event_name":"Golden Shrine","player_choice":"Pray","floor":27.0,"gold_loss":0.0,"damage_taken":0.0},{"damage_healed":0.0,"max_hp_gain":0.0,"max_hp_loss":0.0,"gold_gain":0.0,"event_name":"FaceTrader","player_choice":"Trade","floor":36.0,"gold_loss":0.0,"damage_taken":0.0,"relics_obtained":["CultistMask"]}],"is_beta":false,"boss_relics":[{"not_picked":["Philosopher\u0027s Stone","White Beast Statue"],"picked":"Pandora\u0027s Box"},{"not_picked":["Runic Dome","Tiny House"],"picked":"Empty Cage"}],"items_purged_floors":[3,19,28,47,54],"is_endless":false,"potions_floor_spawned":[7,11,14,16,18,25,31,35,37,38,46,48],"ascension_level":20}