{"gold_per_floor":[118,133,54,54,65,65,99,99,99,115,40,40,65,85,85,178,178,203,203,48,61,80,80,104,104,104,104,142,165,81,206,206,304,304,327,660,494,505,505,536,536,567,615,626,626,476,503,521,521,521,521,521,521,126,153,153],"floor_reached":57,"playtime":2223,"items_purged":["Strike_G","Predator","Phantasmal Killer","Deadly Poison+1","Expertise"],"score":3380,"play_id":"d59fd909-369d-4b2a-b7fc-c517207aeb12","local_time":"20190728124202","is_ascension_mode":true,"campfire_choices":[{"data":"All Out Attack","floor":6.0,"key":"SMITH"},{"data":"Deadly Poison","floor":12.0,"key":"SMITH"},{"data":"Malaise","floor":15.0,"key":"SMITH"},{"data":"Tactician","floor":23.0,"key":"SMITH"},{"data":"Calculated Gamble","floor":25.0,"key":"SMITH"},{"data":"Acrobatics","floor":27.0,"key":"SMITH"},{"data":"All Out Attack+1","floor":32.0,"key":"PURGE"},{"data":"Expertise","floor":41.0,"key":"PURGE"},{"floor":45.0,"key":"RECALL"},{"data":"Backflip","floor":49.0,"key":"SMITH"},{"data":"Slice","floor":53.0,"key":"PURGE"}],"neow_cost":"TEN_PERCENT_HP_LOSS","seed_source_timestamp":68097634328999,"circlet_count":0,"master_deck":["AscendersBane","Survivor","Neutralize","Malaise+1","Terror","Tactician+1","Backflip+1","Grand Finale","Acrobatics+1","Adrenaline","Die Die Die","Adrenaline","Dodge and Roll+1","Calculated Gamble+1","Escape Plan","Well Laid Plans","Well Laid Plans"],"special_seed":0,"relics":["Ring of the Snake","Tingsha","Mango","Pandora\u0027s Box","Red Mask","Peace Pipe","Darkstone Periapt","Black Star","Pen Nib","Sundial","Torii","Question Card","Strawberry","Bird Faced Urn","Juzu Bracelet","Lantern","Happy Flower","Bottled Lightning"],"potions_floor_usage":[56],"damage_taken":[{"damage":5.0,"enemies":"Cultist","floor":1.0,"turns":5.0},{"damage":6.0,"enemies":"2 Louse","floor":2.0,"turns":6.0},{"damage":0.0,"enemies":"Jaw Worm","floor":5.0,"turns":4.0},{"damage":30.0,"enemies":"Gremlin Nob","floor":7.0,"turns":4.0},{"damage":12.0,"enemies":"Exordium Wildlife","floor":10.0,"turns":4.0},{"damage":7.0,"enemies":"Blue Slaver","floor":13.0,"turns":4.0},{"damage":0.0,"enemies":"3 Louse","floor":14.0,"turns":1.0},{"damage":2.0,"enemies":"Hexaghost","floor":16.0,"turns":10.0},{"damage":25.0,"enemies":"2 Thieves","floor":18.0,"turns":3.0},{"damage":0.0,"enemies":"Spheric Guardian","floor":21.0,"turns":2.0},{"damage":0.0,"enemies":"Centurion and Healer","floor":22.0,"turns":1.0},{"damage":0.0,"enemies":"Shelled Parasite and Fungi","floor":24.0,"turns":2.0},{"damage":0.0,"enemies":"Masked Bandits","floor":28.0,"turns":1.0},{"damage":0.0,"enemies":"Sentry and Sphere","floor":29.0,"turns":1.0},{"damage":0.0,"enemies":"Colosseum Slavers","floor":31.0,"turns":2.0},{"damage":0.0,"enemies":"Colosseum Nobs","floor":31.0,"turns":1.0},{"damage":0.0,"enemies":"Champ","floor":33.0,"turns":5.0},{"damage":0.0,"enemies":"Orb Walker","floor":35.0,"turns":1.0},{"damage":0.0,"enemies":"3 Shapes","floor":38.0,"turns":1.0},{"damage":0.0,"enemies":"Nemesis","floor":40.0,"turns":1.0},{"damage":0.0,"enemies":"Giant Head","floor":42.0,"turns":2.0},{"damage":0.0,"enemies":"Spire Growth","floor":44.0,"turns":2.0},{"damage":0.0,"enemies":"Nemesis","floor":47.0,"turns":1.0},{"damage":0.0,"enemies":"4 Shapes","floor":48.0,"turns":1.0},{"damage":0.0,"enemies":"Donu and Deca","floor":50.0,"turns":1.0},{"damage":0.0,"enemies":"Awakened One","floor":51.0,"turns":3.0},{"damage":0.0,"enemies":"Shield and Spear","floor":55.0,"turns":1.0},{"damage":33,"enemies":"The Heart","floor":56,"turns":5}],"seed_played":"-3924333927271154400","potions_obtained":[{"floor":1.0,"key":"Explosive Potion"},{"floor":13.0,"key":"Swift Potion"},{"floor":14.0,"key":"Poison Potion"},{"floor":28.0,"key":"Fruit Juice"},{"floor":29.0,"key":"Block Potion"},{"floor":35.0,"key":"FearPotion"},{"floor":48.0,"key":"Block Potion"}],"is_trial":false,"path_per_floor":["M","M","$","?","M","R","E","?","T","M","$","R","M","M","R","B",null,"M","?","$","M","M","R","M","R","T","R","?","M","$","?","R","B",null,"M","?","$","M","?","E","R","E","T","M","R","$","E","M","R","B","B",null,"R","$","E","B",null],"character_chosen":"THE_SILENT","items_purchased":["Tactician","SkillPotion","Well Laid Plans","Well Laid Plans","Lantern","Energy Potion"],"campfire_rested":0,"item_purchase_floors":[3,20,30,37,54,54],"current_hp_per_floor":[54,48,48,53,53,53,23,23,37,25,25,25,18,18,18,16,59,34,34,34,34,34,34,34,34,34,34,39,39,39,39,39,39,68,68,68,68,68,68,68,68,68,75,75,75,75,75,79,79,83,85,85,85,85,85,54],"gold":153,"neow_bonus":"THREE_RARE_CARDS","is_prod":false,"is_daily":false,"chose_seed":false,"campfire_upgraded":7,"win_rate":0,"timestamp":1564288922,"path_taken":["M","M","$","?","M","R","E","?","T","M","$","R","M","M","R","BOSS","M","?","$","M","M","R","M","R","T","R","?","M","$","?","R","BOSS","M","?","$","M","?","E","R","E","T","M","R","$","E","M","R","BOSS","BOSS","R","$","E","BOSS"],"build_version":"2019-07-17","purchased_purges":5,"victory":true,"max_hp_per_floor":[60,60,60,65,65,65,65,59,73,73,73,73,73,73,73,73,73,73,73,73,73,73,73,73,73,73,73,78,78,78,78,78,78,78,78,78,78,78,78,78,78,78,85,85,85,85,85,85,85,85,85,85,85,85,85,85],"card_choices":[{"not_picked":["Burst","Bullet Time"],"picked":"Malaise","floor":0.0},{"not_picked":["Terror","Cloak And Dagger","Acrobatics"],"picked":"SKIP","floor":1.0},{"not_picked":["Cloak And Dagger","Acrobatics"],"picked":"Terror","floor":1.0},{"not_picked":["Bane","Cloak And Dagger"],"picked":"All Out Attack","floor":2.0},{"not_picked":["Dagger Spray","Setup","Outmaneuver"],"picked":"SKIP","floor":5.0},{"not_picked":["Burst","Dodge and Roll"],"picked":"Deadly Poison","floor":7.0},{"not_picked":["Poisoned Stab","Prepared","All Out Attack"],"picked":"SKIP","floor":10.0},{"not_picked":["Deadly Poison","Flying Knee","Bouncing Flask"],"picked":"SKIP","floor":13.0},{"not_picked":["Leg Sweep","Riddle With Holes"],"picked":"Backflip","floor":14.0},{"not_picked":["Adrenaline","Corpse Explosion"],"picked":"Grand Finale","floor":16.0},{"not_picked":["Setup","Infinite Blades","Deadly Poison+1"],"picked":"SKIP","floor":18.0},{"not_picked":["Cloak And Dagger","Dodge and Roll+1","Infinite Blades+1"],"picked":"SKIP","floor":21.0},{"not_picked":["Cloak And Dagger","Infinite Blades+1"],"picked":"Dodge and Roll+1","floor":21.0},{"not_picked":["Deadly Poison","Endless Agony"],"picked":"Calculated Gamble","floor":22.0},{"not_picked":["Blade Dance","Deadly Poison","Crippling Poison"],"picked":"SKIP","floor":24.0},{"not_picked":["Tactician","Predator"],"picked":"Escape Plan","floor":29.0},{"not_picked":["Cloak And Dagger","Concentrate","Flechettes+1"],"picked":"SKIP","floor":35.0},{"not_picked":["Crippling Poison","Slice","Accuracy"],"picked":"SKIP","floor":38.0},{"not_picked":["Setup","Tactician+1","Accuracy+1"],"picked":"SKIP","floor":40.0},{"not_picked":["Crippling Poison","Deflect","Dagger Spray"],"picked":"SKIP","floor":42.0},{"not_picked":["Bouncing Flask","Sucker Punch","Slice+1","Deflect"],"picked":"SKIP","floor":44.0},{"not_picked":["Blade Dance+1","Deadly Poison","Leg Sweep","Bullet Time"],"picked":"SKIP","floor":47.0},{"not_picked":["Dash","Skewer","Blade Dance","Dagger Throw"],"picked":"SKIP","floor":48.0},{"not_picked":["Dagger Spray+1","Dagger Throw+1","Accuracy","Flying Knee+1"],"picked":"SKIP","floor":55.0}],"player_experience":687405,"relics_obtained":[{"floor":7.0,"key":"Tingsha"},{"floor":9.0,"key":"Mango"},{"floor":28.0,"key":"Red Mask"},{"floor":31.0,"key":"Peace Pipe"},{"floor":31.0,"key":"Darkstone Periapt"},{"floor":40.0,"key":"Pen Nib"},{"floor":40.0,"key":"Sundial"},{"floor":42.0,"key":"Torii"},{"floor":42.0,"key":"Question Card"},{"floor":43.0,"key":"Strawberry"},{"floor":47.0,"key":"Bird Faced Urn"},{"floor":47.0,"key":"Juzu Bracelet"},{"floor":55.0,"key":"Happy Flower"},{"floor":55.0,"key":"Bottled Lightning"}],"event_choices":[{"damage_healed":0.0,"max_hp_gain":5.0,"max_hp_loss":0.0,"gold_gain":0.0,"event_name":"Big Fish","player_choice":"Donut","floor":4.0,"gold_loss":0.0,"damage_taken":0.0},{"damage_healed":0.0,"max_hp_gain":0.0,"max_hp_loss":6.0,"gold_gain":0.0,"event_name":"Golden Idol","player_choice":"Lose Max HP","floor":8.0,"gold_loss":0.0,"damage_taken":0.0,"relics_obtained":["Golden Idol"]},{"damage_healed":0.0,"max_hp_gain":0.0,"max_hp_loss":0.0,"gold_gain":0.0,"cards_transformed":["Eviscerate","Finisher"],"event_name":"Drug Dealer","player_choice":"Became Test Subject","floor":19.0,"gold_loss":0.0,"damage_taken":0.0,"cards_obtained":["Adrenaline","Phantasmal Killer"]},{"damage_healed":0.0,"max_hp_gain":0.0,"max_hp_loss":0.0,"gold_gain":0.0,"event_name":"Masked Bandits","player_choice":"Fought Bandits","floor":28.0,"gold_loss":0.0,"damage_taken":0.0},{"damage_healed":0.0,"max_hp_gain":0.0,"max_hp_loss":0.0,"gold_gain":0.0,"event_name":"Colosseum","player_choice":"Fight","floor":31.0,"gold_loss":0.0,"damage_taken":0.0},{"damage_healed":0.0,"max_hp_gain":0.0,"max_hp_loss":0.0,"gold_gain":0.0,"event_name":"Colosseum","player_choice":"Fought Nobs","floor":31.0,"gold_loss":0.0,"damage_taken":0.0},{"damage_healed":0.0,"max_hp_gain":0.0,"max_hp_loss":0.0,"gold_gain":333.0,"event_name":"The Moai Head","player_choice":"Gave Idol","floor":36.0,"relics_lost":["Golden Idol"],"gold_loss":0.0,"damage_taken":0.0},{"damage_healed":0.0,"max_hp_gain":0.0,"max_hp_loss":0.0,"gold_gain":0.0,"event_name":"Lab","player_choice":"Got Potions","floor":39.0,"gold_loss":0.0,"damage_taken":0.0}],"is_beta":false,"boss_relics":[{"not_picked":["HoveringKite","White Beast Statue"],"picked":"Pandora\u0027s Box"},{"not_picked":["Tiny House","Busted Crown"],"picked":"Black Star"}],"items_purged_floors":[11,20,37,46,54],"is_endless":false,"potions_floor_spawned":[1,13,14,28,29,31,35,42,48],"ascension_level":20}