{"gold_per_floor":[116,116,170,170,345,345,379,379,379,161,161,178,190,204,204,305,305,318,337,262,282,282,282,282,299,299,299,332,98,117,117,117,212,262,276,289,289,307,318,318,338,338,338,363,377,396,396,296,296,296],"floor_reached":51,"playtime":1699,"items_purged":["Doubt","Hyperbeam+1"],"score":947,"play_id":"79a69285-501d-4f47-b7c6-b52d63239e8f","local_time":"20190509233927","is_ascension_mode":false,"campfire_choices":[{"data":"Adrenaline","floor":8.0,"key":"SMITH"},{"data":"Adrenaline","floor":11.0,"key":"SMITH"},{"data":"Terror","floor":15.0,"key":"SMITH"},{"data":"Adrenaline","floor":23.0,"key":"SMITH"},{"data":"Flex","floor":27.0,"key":"SMITH"},{"data":"Grand Finale","floor":32.0,"key":"SMITH"},{"data":"Acrobatics","floor":40,"key":"SMITH"},{"data":"Wraith Form v2","floor":47,"key":"SMITH"},{"data":"Well Laid Plans","floor":49,"key":"SMITH"}],"neow_cost":"","seed_source_timestamp":0,"circlet_count":0,"master_deck":["PanicButton","Adrenaline+1","Adrenaline+1","Adrenaline+1","Adrenaline+1","Wraith Form v2+1","Bullet Time+1","Flex+1","Biased Cognition","Terror+1","Escape Plan","Escape Plan","Backflip+1","Grand Finale+1","After Image","Acrobatics+1","After Image","Well Laid Plans+1","Tactician+1"],"special_seed":0,"relics":["Ring of the Snake","War Paint","Bird Faced Urn","Potion Belt","Black Star","Matryoshka","Dead Branch","Mummified Hand","Pear","Tiny House","Blue Candle","Ancient Tea Set","Question Card","Prayer Wheel","Bottled Lightning"],"potions_floor_usage":[44,50,50,50],"damage_taken":[{"damage":0.0,"enemies":"Cultist","floor":1.0,"turns":2.0},{"damage":0.0,"enemies":"3 Sentries","floor":7.0,"turns":1.0},{"damage":0.0,"enemies":"Jaw Worm","floor":12.0,"turns":1.0},{"damage":0.0,"enemies":"Small Slimes","floor":13.0,"turns":1.0},{"damage":0.0,"enemies":"2 Fungi Beasts","floor":14.0,"turns":1.0},{"damage":1.0,"enemies":"The Guardian","floor":16.0,"turns":3.0},{"damage":0.0,"enemies":"2 Thieves","floor":18.0,"turns":1.0},{"damage":0.0,"enemies":"Spheric Guardian","floor":19.0,"turns":1.0},{"damage":0.0,"enemies":"Centurion and Healer","floor":21.0,"turns":1.0},{"damage":0.0,"enemies":"Snake Plant","floor":25.0,"turns":1.0},{"damage":0.0,"enemies":"Slavers","floor":28.0,"turns":1.0},{"damage":0.0,"enemies":"Cultist and Chosen","floor":30.0,"turns":1.0},{"damage":4.0,"enemies":"Automaton","floor":33.0,"turns":3.0},{"damage":0,"enemies":"3 Shapes","floor":35,"turns":1},{"damage":0,"enemies":"3 Darklings","floor":36,"turns":1},{"damage":0,"enemies":"Maw","floor":38,"turns":1},{"damage":0,"enemies":"4 Shapes","floor":39,"turns":1},{"damage":0,"enemies":"Spire Growth","floor":41,"turns":1},{"damage":0,"enemies":"Reptomancer","floor":44,"turns":1},{"damage":0,"enemies":"3 Darklings","floor":45,"turns":1},{"damage":0,"enemies":"Sphere and 2 Shapes","floor":46,"turns":1},{"damage":0,"enemies":"Time Eater","floor":50,"turns":4}],"seed_played":"8851493145348124621","potions_obtained":[{"floor":13.0,"key":"Explosive Potion"},{"floor":18.0,"key":"Energy Potion"},{"floor":19.0,"key":"AttackPotion"},{"floor":25.0,"key":"LiquidBronze"},{"floor":30.0,"key":"SteroidPotion"},{"floor":36,"key":"SpeedPotion"},{"floor":44,"key":"LiquidBronze"},{"floor":46,"key":"Block Potion"}],"is_trial":true,"path_per_floor":["M","$","?","$","?","?","E","R","T","$","R","M","M","M","R","B",null,"M","M","$","M","$","R","?","M","T","R","E","$","M","?","R","B",null,"M","M","$","M","M","R","M","?","T","E","M","M","R","$","R","B",null],"character_chosen":"THE_SILENT","items_purchased":["Potion Belt","Escape Plan","Escape Plan","Backflip","Grand Finale"],"campfire_rested":0,"item_purchase_floors":[10,20,29,29,29],"current_hp_per_floor":[70,70,70,70,70,70,70,70,70,70,70,70,70,70,70,69,70,70,70,70,70,70,70,70,70,70,70,70,70,70,80,80,76,85,85,85,85,85,85,85,85,85,85,85,85,85,85,85,85,85],"gold":296,"neow_bonus":"","is_prod":false,"is_daily":false,"chose_seed":false,"campfire_upgraded":9,"win_rate":0,"timestamp":1557416367,"path_taken":["M","?","?","$","?","?","E","R","T","$","R","M","?","M","R","BOSS","M","M","$","M","$","R","?","M","T","R","E","$","M","?","R","BOSS","M","M","$","M","M","R","M","?","T","E","?","M","R","$","R","BOSS"],"build_version":"2019-01-23","purchased_purges":2,"victory":true,"max_hp_per_floor":[70,70,70,70,70,70,70,70,70,70,70,70,70,70,70,70,70,70,70,70,70,70,70,70,70,70,70,70,70,70,80,80,80,85,85,85,85,85,85,85,85,85,85,85,85,85,85,85,85,85],"card_choices":[{"not_picked":["Dodge and Roll","Poisoned Stab","Well Laid Plans"],"picked":"SKIP","floor":1.0},{"not_picked":["Caltrops","Footwork","Dash"],"picked":"SKIP","floor":7.0},{"not_picked":["Prepared","Blade Dance","Deflect"],"picked":"SKIP","floor":12.0},{"not_picked":["Skewer","Terror","Setup"],"picked":"SKIP","floor":13.0},{"not_picked":["Skewer","Setup"],"picked":"Terror","floor":13.0},{"not_picked":["Reflex","Footwork","Poisoned Stab"],"picked":"SKIP","floor":14.0},{"not_picked":["Riddle With Holes","PiercingWail","Deflect"],"picked":"SKIP","floor":18.0},{"not_picked":["Flechettes+1","Skewer","Dagger Throw+1"],"picked":"SKIP","floor":19.0},{"not_picked":["Dagger Spray","Accuracy+1","Caltrops"],"picked":"SKIP","floor":21.0},{"not_picked":["Eviscerate","Cloak And Dagger+1","Heel Hook"],"picked":"SKIP","floor":25.0},{"not_picked":["Dagger Spray","Cloak And Dagger","Quick Slash+1"],"picked":"SKIP","floor":28.0},{"not_picked":["Concentrate","Calculated Gamble","Masterful Stab"],"picked":"SKIP","floor":30.0},{"not_picked":["Phantasmal Killer","Die Die Die"],"picked":"After Image","floor":33.0},{"not_picked":["Underhanded Strike","Prepared"],"picked":"Acrobatics","floor":35},{"not_picked":["Expertise","Eviscerate","Terror"],"picked":"SKIP","floor":36},{"not_picked":["Expertise","Acrobatics+1"],"picked":"After Image","floor":38},{"not_picked":["Backflip","Outmaneuver+1","Dodge and Roll"],"picked":"SKIP","floor":39},{"not_picked":["Deadly Poison+1","Dagger Spray","Quick Slash"],"picked":"SKIP","floor":41},{"not_picked":["Quick Slash","Unload","Underhanded Strike+1"],"picked":"Well Laid Plans","floor":44},{"not_picked":["Calculated Gamble+1","Accuracy","Bouncing Flask+1","Dagger Spray"],"picked":"SKIP","floor":45},{"not_picked":["Slice+1","Flying Knee+1","Dagger Spray","Underhanded Strike"],"picked":"SKIP","floor":45},{"not_picked":["Reflex+1","Cloak And Dagger+1","Terror+1"],"picked":"Tactician+1","floor":46},{"not_picked":["Masterful Stab+1","Sucker Punch","Backflip+1","Choke+1"],"picked":"SKIP","floor":46}],"player_experience":4670965,"relics_obtained":[{"floor":7.0,"key":"War Paint"},{"floor":9.0,"key":"Bird Faced Urn"},{"floor":26.0,"key":"Matryoshka"},{"floor":28.0,"key":"Dead Branch"},{"floor":28.0,"key":"Mummified Hand"},{"floor":43,"key":"Ancient Tea Set"},{"floor":43,"key":"Question Card"},{"floor":44,"key":"Prayer Wheel"},{"floor":44,"key":"Bottled Lightning"}],"event_choices":[{"damage_healed":0.0,"max_hp_gain":0.0,"max_hp_loss":0.0,"gold_gain":54.0,"event_name":"Golden Wing","player_choice":"Gained Gold","floor":3.0,"gold_loss":0.0,"damage_taken":0.0},{"damage_healed":0.0,"max_hp_gain":0.0,"max_hp_loss":0.0,"gold_gain":175.0,"event_name":"Liars Game","player_choice":"AGREE","floor":5.0,"gold_loss":0.0,"damage_taken":0.0,"cards_obtained":["Doubt"]},{"damage_healed":0.0,"max_hp_gain":0.0,"max_hp_loss":0.0,"gold_gain":0.0,"event_name":"Living Wall","player_choice":"Grow","floor":6.0,"gold_loss":0.0,"damage_taken":0.0,"cards_upgraded":["Hyperbeam"]},{"damage_healed":0.0,"max_hp_gain":0.0,"max_hp_loss":0.0,"gold_gain":0.0,"event_name":"Ghosts","player_choice":"Ignored","floor":24.0,"gold_loss":0.0,"damage_taken":0.0},{"damage_healed":0.0,"max_hp_gain":0.0,"max_hp_loss":0.0,"gold_gain":0.0,"event_name":"The Mausoleum","player_choice":"Opened","floor":31.0,"gold_loss":0.0,"damage_taken":0.0,"relics_obtained":["Pear"]},{"damage_healed":0,"gold_gain":0,"player_choice":"Gave Potion","damage_taken":0,"relics_obtained":["Blue Candle"],"max_hp_gain":0,"max_hp_loss":0,"event_name":"WeMeetAgain","floor":42,"gold_loss":0}],"is_beta":false,"boss_relics":[{"not_picked":["Astrolabe","Philosopher\u0027s Stone"],"picked":"Black Star"},{"not_picked":["Empty Cage","Runic Dome"],"picked":"Tiny House"}],"items_purged_floors":[10,48],"is_endless":false,"potions_floor_spawned":[13,18,19,25,30,36,38,41,44,46],"ascension_level":0}