{"gold_per_floor":[116,116,128,128,2,2,28,28,28,40,73,89,89,109,109,212,212,228,238,138,138,156,156,156],"floor_reached":24,"playtime":664,"items_purged":["Defend_R","Strike_R"],"score":281,"play_id":"bbbdc547-c620-46c7-9d6d-5612b90f625c","local_time":"20180630191934","is_ascension_mode":false,"campfire_choices":[{"data":"Flex","floor":6,"key":"SMITH"},{"data":"Bash","floor":8,"key":"SMITH"},{"data":"Fire Breathing","floor":15,"key":"SMITH"},{"data":"RitualDagger","floor":23,"key":"SMITH"}],"neow_cost":"NONE","seed_source_timestamp":27470658908077,"circlet_count":0,"master_deck":["Strike_R","Strike_R","Strike_R","Strike_R","Defend_R","Defend_R","Bash+1","Headbutt","Flex+1","Thunderclap","Clash","Fire Breathing+1","Clash","Clash","Demon Form","Carnage+1","RitualDagger+1"],"relics":["Burning Blood","NeowsBlessing","Bronze Scales","Ancient Tea Set","Gremlin Horn","Self Forming Clay","Sozu"],"potions_floor_usage":[18],"damage_taken":[{"damage":0,"enemies":"Jaw Worm","floor":1,"turns":1},{"damage":0,"enemies":"Small Slimes","floor":3,"turns":1},{"damage":0,"enemies":"Lagavulin","floor":7,"turns":1},{"damage":4,"enemies":"2 Louse","floor":10,"turns":2},{"damage":9,"enemies":"3 Sentries","floor":11,"turns":5},{"damage":13,"enemies":"Red Slaver","floor":12,"turns":2},{"damage":0,"enemies":"Large Slime","floor":14,"turns":2},{"damage":0,"enemies":"Slime Boss","floor":16,"turns":3},{"damage":21,"enemies":"Chosen","floor":18,"turns":4},{"damage":15,"enemies":"2 Thieves","floor":19,"turns":2},{"damage":26,"enemies":"Cultist and Chosen","floor":22,"turns":5},{"damage":34,"enemies":"Gremlin Leader","floor":24,"turns":2}],"seed_played":"-7053576474713962141","potions_obtained":[{"floor":7,"key":"Explosive Potion"},{"floor":10,"key":"EntropicBrew"},{"floor":11,"key":"AttackPotion"},{"floor":16,"key":"EssenceOfSteel"}],"is_trial":false,"path_per_floor":["M","?","M","?","$","R","E","R","T","M","E","M","?","M","R","B",null,"M","M","$","?","M","R"],"character_chosen":"IRONCLAD","items_purchased":["Flex"],"campfire_rested":0,"item_purchase_floors":[5],"current_hp_per_floor":[80,73,79,67,67,67,73,73,73,75,72,65,65,71,71,77,80,68,59,59,53,33,33,0],"gold":156,"neow_bonus":"THREE_ENEMY_KILL","is_prod":false,"is_daily":false,"chose_seed":false,"campfire_upgraded":4,"win_rate":0,"timestamp":1530379174,"path_taken":["M","?","?","?","?","R","E","R","T","M","E","M","?","M","R","BOSS","M","M","$","?","M","R","E"],"build_version":"2018-06-28","purchased_purges":2,"victory":false,"max_hp_per_floor":[80,80,80,80,80,80,80,80,80,80,80,80,80,80,80,80,80,83,83,83,83,83,83,83],"card_choices":[{"not_picked":["Armaments","Warcry"],"picked":"Headbutt","floor":1},{"not_picked":["Warcry","Anger","True Grit"],"picked":"SKIP","floor":3},{"not_picked":["Armaments","Second Wind"],"picked":"Thunderclap","floor":7},{"not_picked":["Twin Strike","Armaments"],"picked":"Clash","floor":10},{"not_picked":["Iron Wave","Armaments"],"picked":"Fire Breathing","floor":11},{"not_picked":["Clothesline","Sword Boomerang"],"picked":"Clash","floor":12},{"not_picked":["Armaments","Twin Strike"],"picked":"Clash","floor":14},{"not_picked":["Berserk","Fiend Fire"],"picked":"Demon Form","floor":16},{"not_picked":["Sword Boomerang","Pommel Strike"],"picked":"Carnage+1","floor":18},{"not_picked":["Clothesline+1","Perfected Strike","Wild Strike"],"picked":"SKIP","floor":19},{"not_picked":["Sword Boomerang+1","Pommel Strike","Bloodletting"],"picked":"SKIP","floor":22}],"player_experience":297319,"relics_obtained":[{"floor":7,"key":"Ancient Tea Set"},{"floor":9,"key":"Gremlin Horn"},{"floor":11,"key":"Self Forming Clay"}],"event_choices":[{"event_name":"Golden Wing","player_choice":"Card Removal","floor":2,"damage_taken":0},{"event_name":"Scrap Ooze","player_choice":"success","floor":4,"damage_taken":12},{"event_name":"Liars Game","player_choice":"disagreed","floor":13,"damage_taken":0},{"event_name":"Nest","player_choice":"Joined the Cult","floor":21,"damage_taken":0}],"boss_relics":[{"not_picked":["Eternal Feather","Coffee Dripper"],"picked":"Sozu"}],"items_purged_floors":[5,20],"is_endless":false,"potions_floor_spawned":[7,10,11,16],"killed_by":"Gremlin Leader","ascension_level":0}