{"gold_per_floor":[116,131,131,41,116,133,133,153,209,209,229,229,229,254,254,348,348,367,217,242,292,292],"floor_reached":22,"playtime":622,"items_purged":["Strike_B"],"score":308,"play_id":"d409b7a4-7ab4-4b11-a464-e041696bc5f0","local_time":"20190306172934","is_ascension_mode":true,"campfire_choices":[{"data":"Defragment","floor":7,"key":"SMITH"},{"data":"Dualcast","floor":12,"key":"SMITH"},{"data":"Chaos","floor":15,"key":"SMITH"}],"neow_cost":"TEN_PERCENT_HP_LOSS","seed_source_timestamp":340685895865779,"circlet_count":0,"master_deck":["AscendersBane","Strike_B","Strike_B","Defend_B","Defend_B","Defend_B","Defend_B","Zap","Dualcast+1","Chaos+1","Coolheaded","Double Energy","Conserve Battery","Defragment+1","Coolheaded","Compile Driver","White Noise","Echo Form","All For One","Turbo","Ball Lightning","Aggregate","Compile Driver","Go for the Eyes"],"relics":["Cracked Core","Gambling Chip","Tiny Chest","Golden Idol","Dream Catcher","Orrery"],"potions_floor_usage":[11,20],"damage_taken":[{"damage":3,"enemies":"2 Louse","floor":1,"turns":2},{"damage":4,"enemies":"Jaw Worm","floor":2,"turns":4},{"damage":0,"enemies":"Small Slimes","floor":6,"turns":3},{"damage":10,"enemies":"Red Slaver","floor":8,"turns":4},{"damage":0,"enemies":"Large Slime","floor":11,"turns":3},{"damage":0,"enemies":"2 Fungi Beasts","floor":14,"turns":4},{"damage":4,"enemies":"The Guardian","floor":16,"turns":12},{"damage":38,"enemies":"Chosen","floor":18,"turns":6},{"damage":0,"enemies":"Spheric Guardian","floor":20,"turns":3},{"damage":20,"enemies":"Snake Plant","floor":22,"turns":2}],"seed_played":"6626972424537137068","potions_obtained":[{"floor":1,"key":"LiquidBronze"},{"floor":2,"key":"Fire Potion"},{"floor":18,"key":"Dexterity Potion"}],"is_trial":false,"path_per_floor":["M","M","?","$","?","M","R","M","T","?","M","R","?","M","R","B",null,"M","$","M","?","M"],"character_chosen":"DEFECT","items_purchased":["Double Energy","Conserve Battery","Regen Potion"],"campfire_rested":0,"item_purchase_floors":[4,4,19],"current_hp_per_floor":[61,57,50,50,39,39,39,29,29,29,29,29,24,24,24,20,49,11,11,20,20,0],"gold":292,"neow_bonus":"ONE_RARE_RELIC","is_prod":false,"is_daily":false,"chose_seed":false,"campfire_upgraded":3,"win_rate":0,"timestamp":1551864574,"path_taken":["M","M","?","$","?","M","R","M","T","?","M","R","?","M","R","BOSS","M","$","M","?","M"],"build_version":"2019-01-23","purchased_purges":1,"victory":false,"max_hp_per_floor":[64,64,64,64,64,64,64,64,64,58,58,58,58,58,58,58,58,58,58,58,58,58],"card_choices":[{"not_picked":["Fusion","Steam Power"],"picked":"Chaos","floor":1},{"not_picked":["Auto Shields","Cold Snap"],"picked":"Coolheaded","floor":2},{"not_picked":["Ball Lightning","Stack"],"picked":"Defragment","floor":6},{"not_picked":["Cold Snap","Streamline"],"picked":"Coolheaded","floor":8},{"not_picked":["Undo","Leap"],"picked":"Compile Driver","floor":11},{"not_picked":["Beam Cell","Consume"],"picked":"White Noise","floor":14},{"not_picked":["Rainbow","Fission"],"picked":"Echo Form","floor":16},{"not_picked":["Undo","Darkness"],"picked":"All For One","floor":17},{"not_picked":["Storm","Hologram"],"picked":"Turbo","floor":17},{"not_picked":["Genetic Algorithm","Beam Cell"],"picked":"Ball Lightning","floor":17},{"not_picked":["Melter","Beam Cell"],"picked":"Aggregate","floor":17},{"not_picked":["Chaos","Gash"],"picked":"Compile Driver","floor":17},{"not_picked":["Steam","Scrape"],"picked":"Go for the Eyes","floor":18},{"not_picked":["Melter+1","Redo","Sweeping Beam"],"picked":"SKIP","floor":20}],"player_experience":1139791,"relics_obtained":[{"floor":9,"key":"Tiny Chest"}],"event_choices":[{"cards_removed":["Strike_B"],"damage_healed":0,"gold_gain":0,"player_choice":"Card Removal","damage_taken":7,"max_hp_gain":0,"max_hp_loss":0,"event_name":"Golden Wing","floor":3,"gold_loss":0},{"damage_healed":0,"gold_gain":75,"player_choice":"Gather Gold","damage_taken":11,"max_hp_gain":0,"max_hp_loss":0,"event_name":"World of Goop","floor":5,"gold_loss":0},{"damage_healed":0,"gold_gain":0,"player_choice":"Lose Max HP","damage_taken":0,"relics_obtained":["Golden Idol"],"max_hp_gain":0,"max_hp_loss":6,"event_name":"Golden Idol","floor":10,"gold_loss":0},{"damage_healed":0,"gold_gain":0,"player_choice":"Success","damage_taken":5,"relics_obtained":["Dream Catcher"],"max_hp_gain":0,"max_hp_loss":0,"event_name":"Scrap Ooze","floor":13,"gold_loss":0},{"damage_healed":0,"gold_gain":100,"player_choice":"Bet on Murderer","damage_taken":0,"max_hp_gain":0,"max_hp_loss":0,"event_name":"The Joust","floor":21,"gold_loss":50}],"is_beta":false,"boss_relics":[{"not_picked":["Black Star","Runic Dome"],"picked":"Orrery"}],"items_purged_floors":[19],"is_endless":false,"potions_floor_spawned":[1,2,18],"killed_by":"Snake Plant","ascension_level":15}