{"gold_per_floor":[361,361,373,246,246,279,279,33,33,46,66,66,85,105,105,105],"floor_reached":16,"playtime":402,"items_purged":["Strike_R","Strike_R"],"score":102,"play_id":"bceaac39-7bed-428e-afd9-8c8033673e56","local_time":"20190807060110","is_ascension_mode":false,"campfire_choices":[{"data":"Power Through","floor":7,"key":"SMITH"},{"data":"Juggernaut","floor":12,"key":"SMITH"},{"data":"Defend_R","floor":15,"key":"SMITH"}],"neow_cost":"PERCENT_DAMAGE","seed_source_timestamp":63918718774611,"circlet_count":0,"master_deck":["Strike_R","Strike_R","Defend_R","Defend_R","Defend_R","Defend_R+1","Bash+1","Power Through+1","Juggernaut+1"],"special_seed":0,"relics":["Burning Blood","Omamori","Kunai"],"potions_floor_usage":[6,16,16],"damage_taken":[{"damage":5.0,"enemies":"Small Slimes","floor":1.0,"turns":4.0},{"damage":1.0,"enemies":"2 Louse","floor":3.0,"turns":3.0},{"damage":34,"enemies":"3 Sentries","floor":6,"turns":10},{"damage":6,"enemies":"Jaw Worm","floor":10,"turns":4},{"damage":8,"enemies":"2 Fungi Beasts","floor":11,"turns":5},{"damage":9,"enemies":"Exordium Wildlife","floor":13,"turns":5},{"damage":6,"enemies":"Large Slime","floor":14,"turns":7},{"damage":22,"enemies":"Hexaghost","floor":16,"turns":9}],"seed_played":"2714152072372834467","potions_obtained":[{"floor":11,"key":"SpeedPotion"},{"floor":13,"key":"Ancient Potion"},{"floor":14,"key":"AttackPotion"}],"is_trial":false,"path_per_floor":["M","?","M","$","?","E","R","$","T","M","M","R","M","M","R","B"],"character_chosen":"IRONCLAD","items_purchased":["Fire Potion","Juggernaut"],"campfire_rested":0,"item_purchase_floors":[4,8],"current_hp_per_floor":[57,50,55,55,55,27,27,27,27,27,25,25,22,22,22,0],"gold":105,"neow_bonus":"TWO_FIFTY_GOLD","is_prod":false,"is_daily":false,"chose_seed":false,"campfire_upgraded":3,"win_rate":0,"timestamp":1565125270,"path_taken":["M","?","M","$","?","E","R","$","T","M","M","R","M","M","R","BOSS"],"build_version":"2019-07-17","purchased_purges":2,"victory":false,"max_hp_per_floor":[80,80,80,80,80,80,80,80,80,80,80,80,80,80,80,80],"card_choices":[{"not_picked":["Shrug It Off","Inflame","Sword Boomerang"],"picked":"SKIP","floor":1.0},{"not_picked":["Shrug It Off","Inflame","Sword Boomerang"],"picked":"SKIP","floor":1.0},{"not_picked":["Flame Barrier","Thunderclap","Burning Pact"],"picked":"SKIP","floor":3.0},{"not_picked":["Carnage","Dropkick"],"picked":"Power Through","floor":6},{"not_picked":["Clash","Flame Barrier","Cleave"],"picked":"SKIP","floor":10},{"not_picked":["Rage","Perfected Strike","Clothesline"],"picked":"SKIP","floor":11},{"not_picked":["Warcry","Flex","Armaments"],"picked":"SKIP","floor":13},{"not_picked":["Exhume","Clash","Cleave"],"picked":"SKIP","floor":14}],"player_experience":796129,"relics_obtained":[{"floor":6,"key":"Omamori"},{"floor":9,"key":"Kunai"}],"event_choices":[{"cards_removed":["Strike_R"],"damage_healed":0.0,"max_hp_gain":0.0,"max_hp_loss":0.0,"gold_gain":0.0,"event_name":"Golden Wing","player_choice":"Card Removal","floor":2.0,"gold_loss":0.0,"damage_taken":7.0},{"damage_healed":0,"gold_gain":0,"player_choice":"Grow","damage_taken":0,"max_hp_gain":0,"max_hp_loss":0,"event_name":"Living Wall","floor":5,"gold_loss":0,"cards_upgraded":["Bash"]}],"is_beta":false,"boss_relics":[],"items_purged_floors":[4,8],"is_endless":false,"potions_floor_spawned":[11,13,14],"killed_by":"Hexaghost","ascension_level":0}