{"gold_per_floor":[19,19,32,32,45,45,60,89,89,105,105,35,35,35,35,133,133,152,152,171,197,209,236,250,262,262,262,274,4,4,23,23,123,123,139,186,204,204,204,204,217,217,265,93,93,93,93,103,103,103],"floor_reached":51,"playtime":2822,"items_purged":["Defend_B","Defend_B"],"score":664,"play_id":"a275c4a9-77e5-40bd-8aec-2f6b4bb9ce7a","local_time":"20190614221138","is_ascension_mode":false,"campfire_choices":[{"data":"Rip and Tear","floor":6.0,"key":"SMITH"},{"data":"Dualcast","floor":11.0,"key":"SMITH"},{"data":"Zap","floor":13.0,"key":"SMITH"},{"data":"Coolheaded","floor":15.0,"key":"SMITH"},{"data":"Fission","floor":27.0,"key":"SMITH"},{"data":"Rainbow","floor":30.0,"key":"SMITH"},{"data":"Recycle","floor":32.0,"key":"SMITH"},{"data":"Biased Cognition","floor":40,"key":"SMITH"},{"data":"Beam Cell","floor":42,"key":"SMITH"},{"data":"Capacitor","floor":45,"key":"SMITH"},{"data":"White Noise","floor":47,"key":"SMITH"},{"data":"Glacier","floor":49,"key":"SMITH"}],"neow_cost":"NO_GOLD","seed_source_timestamp":39992761615457,"circlet_count":0,"master_deck":["Defend_B+1","Defend_B","Zap+1","Dualcast+1","Core Surge","Coolheaded+1","Rip and Tear+1","Skim+1","Ball Lightning","Glacier+1","Fission+1","Beam Cell+1","Rainbow+1","Chill","Redo+1","Coolheaded+1","Recycle+1","Biased Cognition+1","White Noise+1","Go for the Eyes+1","Capacitor+1"],"special_seed":0,"relics":["FrozenCore","Odd Mushroom","Cables","Red Mask","Ancient Tea Set","Shuriken","Medical Kit","Busted Crown","Torii","Regal Pillow"],"potions_floor_usage":[38,50,50],"damage_taken":[{"damage":0.0,"enemies":"2 Louse","floor":1.0,"turns":2.0},{"damage":0.0,"enemies":"Small Slimes","floor":3.0,"turns":3.0},{"damage":4.0,"enemies":"Cultist","floor":5.0,"turns":3.0},{"damage":10.0,"enemies":"Exordium Wildlife","floor":7.0,"turns":6.0},{"damage":28.0,"enemies":"The Mushroom Lair","floor":8.0,"turns":4.0},{"damage":7.0,"enemies":"2 Fungi Beasts","floor":10.0,"turns":2.0},{"damage":2.0,"enemies":"The Guardian","floor":16.0,"turns":11.0},{"damage":0.0,"enemies":"Chosen","floor":18.0,"turns":3.0},{"damage":0.0,"enemies":"Shell Parasite","floor":20.0,"turns":5.0},{"damage":0.0,"enemies":"Masked Bandits","floor":21.0,"turns":3.0},{"damage":0.0,"enemies":"Centurion and Healer","floor":22.0,"turns":6.0},{"damage":0.0,"enemies":"Chosen and Byrds","floor":24.0,"turns":4.0},{"damage":0.0,"enemies":"Snecko","floor":25.0,"turns":3.0},{"damage":0.0,"enemies":"3 Cultists","floor":28.0,"turns":5.0},{"damage":0.0,"enemies":"Snake Plant","floor":31.0,"turns":3.0},{"damage":43.0,"enemies":"Champ","floor":33.0,"turns":8.0},{"damage":0.0,"enemies":"3 Shapes","floor":35.0,"turns":3.0},{"damage":0.0,"enemies":"2 Orb Walkers","floor":36.0,"turns":4.0},{"damage":0.0,"enemies":"3 Darklings","floor":37.0,"turns":4.0},{"damage":0,"enemies":"4 Shapes","floor":38,"turns":1},{"damage":0,"enemies":"Jaw Worm Horde","floor":41,"turns":4},{"damage":1,"enemies":"Writhing Mass","floor":48,"turns":5},{"damage":0,"enemies":"Awakened One","floor":50,"turns":9}],"seed_played":"3183639603181709662","potions_obtained":[{"floor":3.0,"key":"EssenceOfSteel"},{"floor":7.0,"key":"Fire Potion"},{"floor":16.0,"key":"Swift Potion"},{"floor":18.0,"key":"Energy Potion"},{"floor":22.0,"key":"SteroidPotion"},{"floor":25.0,"key":"PowerPotion"},{"floor":37.0,"key":"SmokeBomb"},{"floor":41,"key":"GamblersBrew"}],"is_trial":false,"path_per_floor":["M","?","M","?","M","R","M","?","T","M","R","$","R","?","R","B",null,"M","?","M","?","M","T","M","M","T","R","M","$","R","M","R","B",null,"M","?","M","M","?","R","M","R","T","$","R","$","R","M","R","B",null],"character_chosen":"DEFECT","items_purchased":["Glacier","Medical Kit","Capacitor"],"campfire_rested":0,"item_purchase_floors":[12,29,44],"current_hp_per_floor":[75,75,75,75,71,71,61,33,33,26,26,26,26,11,11,9,75,75,75,75,75,75,75,75,75,75,75,75,75,75,75,75,32,75,75,75,75,75,71,71,71,71,71,71,71,71,71,70,70,70],"gold":103,"neow_bonus":"TRANSFORM_TWO_CARDS","is_prod":false,"is_daily":false,"chose_seed":false,"campfire_upgraded":12,"win_rate":0,"timestamp":1560521498,"path_taken":["M","?","M","?","?","R","M","?","T","M","R","$","R","?","R","BOSS","M","?","M","?","M","?","?","M","T","R","M","$","R","M","R","BOSS","M","?","M","M","?","R","M","R","T","$","R","$","R","M","R","BOSS"],"build_version":"2019-01-23","purchased_purges":2,"victory":true,"max_hp_per_floor":[75,75,75,75,75,75,75,75,75,75,75,75,75,75,75,75,75,75,75,75,75,75,75,75,75,75,75,75,75,75,75,75,75,75,75,75,75,75,71,71,71,71,71,71,71,71,71,71,71,71],"card_choices":[{"not_picked":["Barrage","Compile Driver","Coolheaded"],"picked":"SKIP","floor":1.0},{"not_picked":["Chaos","Genetic Algorithm"],"picked":"Rip and Tear","floor":3.0},{"not_picked":["Cold Snap","Ball Lightning"],"picked":"Skim","floor":5.0},{"not_picked":["Stack","Steam","Rebound"],"picked":"SKIP","floor":7.0},{"not_picked":["Blizzard","Static Discharge"],"picked":"Ball Lightning","floor":8.0},{"not_picked":["BootSequence","Coolheaded","Melter"],"picked":"SKIP","floor":10.0},{"not_picked":["Seek","Echo Form"],"picked":"Fission","floor":16.0},{"not_picked":["Lockon","Sweeping Beam+1","Coolheaded"],"picked":"SKIP","floor":18.0},{"not_picked":["Chaos","Storm","Steam"],"picked":"SKIP","floor":20.0},{"not_picked":["Chaos","Storm","Steam"],"picked":"SKIP","floor":20.0},{"not_picked":["Heatsinks","Coolheaded"],"picked":"Chill","floor":21.0},{"not_picked":["Rip and Tear","Sweeping Beam","Multi-Cast"],"picked":"SKIP","floor":22.0},{"not_picked":["Rip and Tear","Sweeping Beam","Multi-Cast"],"picked":"SKIP","floor":22.0},{"not_picked":["Hologram+1","Hello World"],"picked":"Redo+1","floor":24.0},{"not_picked":["Stack","Steam","Gash"],"picked":"SKIP","floor":25.0},{"not_picked":["Streamline+1","Barrage+1"],"picked":"Coolheaded+1","floor":28.0},{"not_picked":["Steam","Rip and Tear+1"],"picked":"Recycle","floor":31.0},{"not_picked":["Hyperbeam","Multi-Cast"],"picked":"Biased Cognition","floor":33.0},{"not_picked":[],"picked":"White Noise","floor":35.0},{"not_picked":[],"picked":"Go for the Eyes+1","floor":36.0},{"not_picked":["Aggregate+1"],"picked":"SKIP","floor":37.0},{"not_picked":["Redo+1"],"picked":"SKIP","floor":41},{"not_picked":["Barrage+1"],"picked":"SKIP","floor":48}],"player_experience":5213946,"relics_obtained":[{"floor":8.0,"key":"Odd Mushroom"},{"floor":9.0,"key":"Cables"},{"floor":21.0,"key":"Red Mask"},{"floor":23.0,"key":"Ancient Tea Set"},{"floor":26.0,"key":"Shuriken"},{"floor":36.0,"key":"Torii"},{"floor":43,"key":"Regal Pillow"}],"event_choices":[{"damage_healed":0.0,"max_hp_gain":0.0,"max_hp_loss":0.0,"gold_gain":0.0,"event_name":"Liars Game","player_choice":"Ignored","floor":2.0,"gold_loss":0.0,"damage_taken":0.0},{"damage_healed":0.0,"max_hp_gain":0.0,"max_hp_loss":0.0,"gold_gain":0.0,"event_name":"NoteForYourself","player_choice":"Ignored","floor":4.0,"gold_loss":0.0,"damage_taken":0.0},{"damage_healed":0.0,"max_hp_gain":0.0,"max_hp_loss":0.0,"gold_gain":0.0,"event_name":"Mushrooms","player_choice":"Fought Mushrooms","floor":8.0,"gold_loss":0.0,"damage_taken":0.0},{"damage_healed":0.0,"max_hp_gain":0.0,"max_hp_loss":0.0,"gold_gain":0.0,"event_name":"Shining Light","player_choice":"Entered Light","floor":14.0,"gold_loss":0.0,"damage_taken":15.0,"cards_upgraded":["Defend_B","Skim"]},{"damage_healed":0.0,"max_hp_gain":0.0,"max_hp_loss":0.0,"gold_gain":0.0,"cards_transformed":["Strike_B","Strike_B"],"event_name":"Drug Dealer","player_choice":"Became Test Subject","floor":19.0,"gold_loss":0.0,"damage_taken":0.0,"cards_obtained":["Beam Cell","Rainbow"]},{"damage_healed":0.0,"max_hp_gain":0.0,"max_hp_loss":0.0,"gold_gain":0.0,"event_name":"Masked Bandits","player_choice":"Fought Bandits","floor":21.0,"gold_loss":0.0,"damage_taken":0.0},{"damage_healed":0.0,"max_hp_gain":0.0,"max_hp_loss":0.0,"gold_gain":0.0,"event_name":"Mysterious Sphere","player_choice":"Fight","floor":36.0,"gold_loss":0.0,"damage_taken":0.0},{"damage_healed":0,"gold_gain":0,"player_choice":"Max HP","damage_taken":0,"max_hp_gain":0,"max_hp_loss":4,"event_name":"Winding Halls","floor":39,"gold_loss":0}],"is_beta":false,"boss_relics":[{"not_picked":["Tiny House","Velvet Choker"],"picked":"FrozenCore"},{"not_picked":["Cursed Key","Black Star"],"picked":"Busted Crown"}],"items_purged_floors":[29,44],"is_endless":false,"potions_floor_spawned":[3,7,16,18,20,22,25,35,37,41,48],"ascension_level":0}