{"gold_per_floor":[110,23,23,37,37,69,69,144,197,231,231,231,19,48,48,48],"floor_reached":16,"playtime":220,"items_purged":[],"score":278,"play_id":"d2d7c936-aa46-4fa2-b90f-a3f6cfe8b62e","local_time":"20190225135240","is_ascension_mode":true,"campfire_choices":[{"floor":11,"key":"REST"},{"data":"Defragment","floor":15,"key":"SMITH"}],"neow_cost":"NONE","seed_source_timestamp":669641968038416,"circlet_count":0,"master_deck":["AscendersBane","Strike_B","Strike_B+1","Defend_B","Defend_B","Defend_B","Defend_B","Zap","Dualcast","Turbo","Defragment+1","Compile Driver","Rip and Tear+1","Coolheaded","Hologram","Leap","Recycle"],"relics":["Cracked Core","NeowsBlessing","Omamori","Boot","Bag of Preparation","Whetstone","DataDisk","Bottled Lightning"],"potions_floor_usage":[],"damage_taken":[{"damage":0,"enemies":"Jaw Worm","floor":1,"turns":1},{"damage":0,"enemies":"2 Louse","floor":4,"turns":1},{"damage":0,"enemies":"3 Sentries","floor":6,"turns":1},{"damage":44,"enemies":"Gremlin Nob","floor":10,"turns":4},{"damage":12,"enemies":"Lagavulin","floor":14,"turns":7},{"damage":0,"enemies":"Slime Boss","floor":16,"turns":5}],"seed_played":"4224525687482534116","potions_obtained":[{"floor":6,"key":"Strength Potion"},{"floor":10,"key":"SpeedPotion"}],"is_trial":false,"path_per_floor":["M","$","?","M","?","E","?","?","T","E","R","?","$","E","R","B"],"character_chosen":"DEFECT","items_purchased":["Defragment","DataDisk","Leap"],"campfire_rested":1,"item_purchase_floors":[2,13,13],"current_hp_per_floor":[64,64,69,69,69,69,58,47,47,3,25,18,18,6,6,6],"gold":48,"neow_bonus":"THREE_ENEMY_KILL","is_prod":false,"is_daily":false,"chose_seed":false,"campfire_upgraded":1,"win_rate":0,"timestamp":1551073960,"path_taken":["M","$","?","M","?","E","?","?","T","E","R","?","?","E","R","BOSS"],"build_version":"2019-01-23","purchased_purges":0,"victory":false,"max_hp_per_floor":[71,71,76,76,76,76,76,76,76,76,76,76,76,76,76,76],"card_choices":[{"not_picked":["Rebound","Double Energy"],"picked":"Turbo","floor":1},{"not_picked":["Leap","Barrage"],"picked":"Compile Driver","floor":4},{"not_picked":["Go for the Eyes","Barrage"],"picked":"Coolheaded","floor":6},{"not_picked":["Leap","Loop"],"picked":"Hologram","floor":10},{"not_picked":["FTL","Static Discharge"],"picked":"Recycle","floor":14}],"player_experience":991929,"relics_obtained":[{"floor":6,"key":"Omamori"},{"floor":9,"key":"Bag of Preparation"},{"floor":10,"key":"Whetstone"},{"floor":14,"key":"Bottled Lightning"}],"event_choices":[{"damage_healed":0,"gold_gain":0,"player_choice":"Donut","damage_taken":0,"max_hp_gain":5,"max_hp_loss":0,"event_name":"Big Fish","floor":3,"gold_loss":0},{"damage_healed":0,"gold_gain":0,"cards_transformed":["Strike_B"],"player_choice":"Change","damage_taken":0,"max_hp_gain":0,"max_hp_loss":0,"event_name":"Living Wall","floor":5,"gold_loss":0,"cards_obtained":["Rip and Tear"]},{"damage_healed":0,"gold_gain":0,"player_choice":"Success","damage_taken":11,"relics_obtained":["Boot"],"max_hp_gain":0,"max_hp_loss":0,"event_name":"Scrap Ooze","floor":7,"gold_loss":0},{"damage_healed":0,"gold_gain":75,"player_choice":"Gather Gold","damage_taken":11,"max_hp_gain":0,"max_hp_loss":0,"event_name":"World of Goop","floor":8,"gold_loss":0},{"cards_removed":["Strike_B"],"damage_healed":0,"gold_gain":0,"player_choice":"Card Removal","damage_taken":7,"max_hp_gain":0,"max_hp_loss":0,"event_name":"Golden Wing","floor":12,"gold_loss":0}],"is_beta":false,"boss_relics":[],"items_purged_floors":[],"is_endless":false,"potions_floor_spawned":[6,10,14],"killed_by":"Slime Boss","ascension_level":20}