{"path_per_floor":["M","M","?","?","?","E","R","M","T","E","R","M","M","M","R","B",null,"M","?","?","?","?","E","M","$","T","M","M","M","R","M","R"],"character_chosen":"IRONCLAD","items_purchased":["Whetstone","Evolve"],"gold_per_floor":[114,131,131,206,206,234,234,250,326,357,357,367,385,401,401,501,501,513,413,413,413,413,441,459,199,199,210,228,239,239,256,256,256],"floor_reached":33,"campfire_rested":2,"playtime":1117,"current_hp_per_floor":[80,80,80,69,69,36,36,41,41,33,33,39,35,41,41,38,80,80,80,80,65,49,19,15,15,15,17,23,14,39,45,70,0],"items_purged":["Pain"],"gold":256,"score":305,"play_id":"c7453da8-68d1-4bd6-87c2-689a5d527194","local_time":"20180324163410","is_prod":false,"is_daily":false,"is_ascension_mode":false,"campfire_upgraded":3,"timestamp":1521905650,"path_taken":["M","M","?","?","?","E","R","M","T","E","R","M","?","M","R","BOSS","M","?","?","?","?","E","M","$","T","M","M","M","R","M","R","BOSS"],"build_version":"2018-03-22v2","purchased_purges":1,"victory":false,"master_deck":["Strike_R+1","Strike_R+1","Strike_R","Strike_R","Strike_R","Defend_R","Defend_R+1","Defend_R","Defend_R","Bash+1","Berserk+1","Perfected Strike+1","Heavy Blade","Perfected Strike+1","Pommel Strike","Wild Strike","Flex+1","Impervious","Doubt","Doubt","Bloodletting","J.A.X.","Perfected Strike","Clash+1","Twin Strike","Evolve","Perfected Strike","Evolve","Wild Strike"],"max_hp_per_floor":[80,80,80,80,80,80,80,80,80,80,80,80,80,80,80,80,80,80,80,80,85,85,85,85,85,85,85,85,85,85,85,85,85],"relics":["Burning Blood","Vajra","Mercury Hourglass","Champion Belt","Calling Bell","War Paint","Art of War","Juzu Bracelet","Nilry\u0027s Codex","Bottled Tornado","Whetstone","Peace Pipe"],"card_choices":[{"not_picked":["Combust","Twin Strike"],"picked":"Perfected Strike","floor":2},{"not_picked":["Wild Strike","Body Slam"],"picked":"Heavy Blade","floor":6},{"not_picked":["True Grit","Inflame"],"picked":"Perfected Strike","floor":8},{"not_picked":["Corruption","Exhume"],"picked":"Pommel Strike","floor":10},{"not_picked":["Whirlwind","Reckless Charge"],"picked":"Wild Strike","floor":12},{"not_picked":["Clothesline","Thunderclap"],"picked":"Flex","floor":13},{"not_picked":["Juggernaut","Barricade"],"picked":"Impervious","floor":16},{"not_picked":["Sentinel","Heavy Blade"],"picked":"Bloodletting","floor":18},{"not_picked":["Limit Break","Intimidate"],"picked":"Clash","floor":23},{"not_picked":["Cleave","Iron Wave"],"picked":"Twin Strike","floor":24},{"not_picked":["Clash","Entrench"],"picked":"Perfected Strike","floor":27},{"not_picked":["Dual Wield","Flame Barrier"],"picked":"Evolve","floor":29},{"not_picked":["Thunderclap","Iron Wave"],"picked":"Wild Strike","floor":31}],"player_experience":181790,"potions_floor_usage":[18,24,27,28,33],"damage_taken":[{"damage":1,"enemies":"2 Louse","floor":1,"turns":4},{"damage":1,"enemies":"Cultist","floor":2,"turns":3},{"damage":39,"enemies":"Lagavulin","floor":6,"turns":7},{"damage":1,"enemies":"Jaw Worm","floor":8,"turns":3},{"damage":14,"enemies":"Gremlin Nob","floor":10,"turns":3},{"damage":0,"enemies":"3 Louse","floor":12,"turns":2},{"damage":10,"enemies":"Exordium Wildlife","floor":13,"turns":2},{"damage":0,"enemies":"Large Slime","floor":14,"turns":4},{"damage":9,"enemies":"Slime Boss","floor":16,"turns":7},{"damage":0,"enemies":"Spheric Guardian","floor":18,"turns":1},{"damage":36,"enemies":"Gremlin Leader","floor":23,"turns":4},{"damage":10,"enemies":"Shell Parasite","floor":24,"turns":2},{"damage":7,"enemies":"3 Cultists","floor":27,"turns":3},{"damage":0,"enemies":"Centurion and Healer","floor":28,"turns":3},{"damage":15,"enemies":"Snake Plant","floor":29,"turns":3},{"damage":0,"enemies":"Sentry and Sphere","floor":31,"turns":2},{"damage":72,"enemies":"Champ","floor":33,"turns":7}],"event_choices":[{"event_name":"The Woman in Blue","player_choice":"Bought 0 Potions","floor":3,"damage_taken":0},{"event_name":"World of Goop","player_choice":"Gather Gold","floor":4,"damage_taken":0},{"event_name":"Living Wall","player_choice":"Grow","floor":5,"damage_taken":0},{"event_name":"Drug Dealer","player_choice":"Got JAXXED","floor":19,"damage_taken":0},{"event_name":"The Library","player_choice":"Read","floor":20,"damage_taken":0},{"event_name":"Forgotten Altar","player_choice":"Shed Blood","floor":21,"damage_taken":0},{"event_name":"Cursed Tome","player_choice":"Obtained Book","floor":22,"damage_taken":0}],"boss_relics":[{"not_picked":["Tiny House","Runic Cube"],"picked":"Calling Bell"}],"potions_floor_spawned":[2,10,12,16,24,27,31],"seed_played":"4408408442957980885","killed_by":"Champ","ascension_level":0,"is_trial":false}