{"gold_per_floor":[12,31,31,31,57,57,92,92,92,115,115,115,138,151,151,151],"floor_reached":16,"playtime":353,"items_purged":[],"score":200,"play_id":"bd7aee51-e75d-4319-8a48-524eecf501fd","local_time":"20190414005736","is_ascension_mode":true,"campfire_choices":[{"data":"Masterful Stab","floor":6,"key":"SMITH"},{"data":"Neutralize","floor":8,"key":"SMITH"},{"data":"Dagger Spray","floor":12,"key":"SMITH"},{"data":"Dash","floor":15,"key":"SMITH"}],"neow_cost":"NO_GOLD","seed_source_timestamp":47292333376253,"circlet_count":0,"master_deck":["AscendersBane","Defend_G","Defend_G","Defend_G","Defend_G","Strike_G","Strike_G","Survivor","Neutralize+1","Dagger Spray+1","Dash+1","Masterful Stab+1","Catalyst","Glass Knife+1"],"special_seed":0,"relics":["Ring of the Snake","Golden Idol","Blood Vial","Molten Egg 2"],"potions_floor_usage":[],"damage_taken":[{"damage":11.0,"enemies":"Jaw Worm","floor":1.0,"turns":7.0},{"damage":0.0,"enemies":"2 Louse","floor":2.0,"turns":2.0},{"damage":18,"enemies":"Gremlin Nob","floor":7,"turns":4},{"damage":0,"enemies":"Cultist","floor":10,"turns":3},{"damage":0,"enemies":"3 Louse","floor":13,"turns":3},{"damage":0,"enemies":"Lots of Slimes","floor":14,"turns":3},{"damage":0,"enemies":"The Guardian","floor":16,"turns":5}],"seed_played":"2336145062607592833","potions_obtained":[{"floor":2.0,"key":"Weak Potion"},{"floor":10,"key":"Regen Potion"}],"is_trial":false,"path_per_floor":["M","M","?","?","T","R","E","R","T","M","?","R","M","M","R","B"],"character_chosen":"THE_SILENT","items_purchased":[],"campfire_rested":0,"item_purchase_floors":[],"current_hp_per_floor":[48,48,48,48,48,48,32,32,32,34,34,34,36,38,38,40],"gold":151,"neow_bonus":"REMOVE_TWO","is_prod":false,"is_daily":false,"chose_seed":false,"campfire_upgraded":4,"win_rate":0,"timestamp":1555174656,"path_taken":["M","M","?","?","?","R","E","R","T","?","?","R","M","?","R","BOSS"],"build_version":"2019-01-23","purchased_purges":0,"victory":false,"max_hp_per_floor":[66,66,66,60,60,60,60,60,60,60,60,60,60,60,60,60],"card_choices":[{"not_picked":["Slice","Bane"],"picked":"Dagger Spray","floor":1.0},{"not_picked":["Acrobatics","Concentrate"],"picked":"Dash","floor":2.0},{"not_picked":["Deflect","Concentrate","PiercingWail"],"picked":"SKIP","floor":7},{"not_picked":["Outmaneuver","Flying Knee+1","Prepared"],"picked":"SKIP","floor":10},{"not_picked":["Acrobatics","Dagger Throw+1"],"picked":"Catalyst","floor":13},{"not_picked":["PiercingWail","Dagger Throw+1"],"picked":"Glass Knife+1","floor":14}],"player_experience":4264754,"relics_obtained":[{"floor":5,"key":"Blood Vial"},{"floor":7,"key":"Molten Egg 2"}],"event_choices":[{"damage_healed":0,"gold_gain":0,"cards_transformed":["Strike_G"],"player_choice":"Change","damage_taken":0,"max_hp_gain":0,"max_hp_loss":0,"event_name":"Living Wall","floor":3,"gold_loss":0,"cards_obtained":["Masterful Stab"]},{"damage_healed":0,"gold_gain":0,"player_choice":"Lose Max HP","damage_taken":0,"relics_obtained":["Golden Idol"],"max_hp_gain":0,"max_hp_loss":6,"event_name":"Golden Idol","floor":4,"gold_loss":0},{"cards_removed":["Strike_G"],"damage_healed":0,"gold_gain":0,"player_choice":"Purged","damage_taken":0,"max_hp_gain":0,"max_hp_loss":0,"event_name":"Purifier","floor":11,"gold_loss":0}],"is_beta":false,"boss_relics":[],"items_purged_floors":[],"is_endless":false,"potions_floor_spawned":[2,10],"killed_by":"The Guardian","ascension_level":20}