{"gold_per_floor":[113,69,69,69,69,97,97,126,126,143,143,161,173,186,186,257,257,270,290,301,319,28,59,59,59],"floor_reached":25,"playtime":887,"items_purged":["Strike_G"],"score":566,"play_id":"c8f22379-630c-4340-ae96-d95245f8a066","local_time":"20181120001053","is_ascension_mode":true,"campfire_choices":[{"data":"Neutralize","floor":7,"key":"SMITH"},{"data":"Well Laid Plans","floor":11,"key":"SMITH"},{"data":"Flechettes","floor":15,"key":"SMITH"}],"neow_cost":"NONE","seed_source_timestamp":19430324162116,"circlet_count":0,"master_deck":["AscendersBane","Defend_G","Defend_G","Defend_G","Defend_G","Defend_G","Strike_G","Strike_G","Survivor","Neutralize+1","Masterful Stab","Venomology","Heel Hook","Well Laid Plans+1","Acrobatics","Flechettes+1","Malaise","Tactician","Adrenaline"],"relics":["Ring of the Snake","NeowsBlessing","Ginger","Pen Nib","Bag of Preparation","Fusion Hammer","Lee\u0027s Waffle","The Specimen"],"potions_floor_usage":[16,18,19,20,23,23,23,25],"damage_taken":[{"damage":0,"enemies":"Small Slimes","floor":1,"turns":1},{"damage":0,"enemies":"3 Sentries","floor":6,"turns":2},{"damage":0,"enemies":"Lagavulin","floor":8,"turns":1},{"damage":0,"enemies":"Jaw Worm","floor":10,"turns":4},{"damage":0,"enemies":"Cultist","floor":12,"turns":3},{"damage":0,"enemies":"2 Fungi Beasts","floor":13,"turns":3},{"damage":0,"enemies":"Large Slime","floor":14,"turns":2},{"damage":56,"enemies":"Slime Boss","floor":16,"turns":11},{"damage":0,"enemies":"Chosen","floor":18,"turns":4},{"damage":0,"enemies":"3 Byrds","floor":19,"turns":6},{"damage":0,"enemies":"Centurion and Healer","floor":20,"turns":7},{"damage":24,"enemies":"3 Cultists","floor":21,"turns":6},{"damage":7,"enemies":"Book of Stabbing","floor":23,"turns":8},{"damage":72,"enemies":"Slavers","floor":25,"turns":9}],"seed_played":"-6200556281312112298","potions_obtained":[{"floor":8,"key":"EssenceOfSteel"},{"floor":19,"key":"Dexterity Potion"}],"is_trial":false,"path_per_floor":["M","$","?","?","$","E","R","E","T","M","R","M","M","M","R","B",null,"M","M","M","M","$","E","?","E"],"character_chosen":"THE_SILENT","items_purchased":["Masterful Stab","Lee\u0027s Waffle"],"campfire_rested":0,"item_purchase_floors":[2,22],"current_hp_per_floor":[59,59,64,64,64,64,64,64,64,64,64,64,64,64,64,8,55,55,55,55,31,78,71,71,0],"gold":59,"neow_bonus":"THREE_ENEMY_KILL","is_prod":false,"is_daily":false,"chose_seed":false,"campfire_upgraded":3,"win_rate":0,"timestamp":1542643853,"path_taken":["M","$","?","?","?","E","R","E","T","M","R","M","M","?","R","BOSS","M","M","M","M","$","E","?","E"],"build_version":"2018-11-15","purchased_purges":1,"victory":false,"max_hp_per_floor":[66,66,71,71,71,71,71,71,71,71,71,71,71,71,71,71,71,71,71,71,71,78,78,78,78],"card_choices":[{"not_picked":["Bane","Underhanded Strike","Dagger Spray"],"picked":"SKIP","floor":1},{"not_picked":["Catalyst","Sucker Punch"],"picked":"Heel Hook","floor":6},{"not_picked":["Doppelganger","Dash","Dagger Spray"],"picked":"SKIP","floor":8},{"not_picked":["Slice","Dagger Spray"],"picked":"Well Laid Plans","floor":10},{"not_picked":["Blade Dance","Well Laid Plans"],"picked":"Acrobatics","floor":12},{"not_picked":["Dagger Throw","Deadly Poison"],"picked":"Flechettes","floor":13},{"not_picked":["Dagger Spray","PiercingWail","Bouncing Flask"],"picked":"SKIP","floor":14},{"not_picked":["Unload","Tools of the Trade"],"picked":"Malaise","floor":16},{"not_picked":["Dagger Throw","Riddle With Holes","Flechettes"],"picked":"SKIP","floor":18},{"not_picked":["Cloak And Dagger+1","Outmaneuver","Terror"],"picked":"SKIP","floor":19},{"not_picked":["Caltrops+1","Quick Slash","Dagger Spray"],"picked":"SKIP","floor":20},{"not_picked":["Slice","Bane"],"picked":"Tactician","floor":21},{"not_picked":["Concentrate","Riddle With Holes"],"picked":"Adrenaline","floor":23}],"player_experience":1110368,"relics_obtained":[{"floor":6,"key":"Ginger"},{"floor":8,"key":"Pen Nib"},{"floor":9,"key":"Bag of Preparation"},{"floor":23,"key":"The Specimen"}],"event_choices":[{"damage_healed":0,"gold_gain":0,"player_choice":"Donut","damage_taken":0,"max_hp_gain":5,"max_hp_loss":0,"event_name":"Big Fish","floor":3,"gold_loss":0},{"damage_healed":0,"gold_gain":0,"cards_transformed":["Strike_G"],"player_choice":"Change","damage_taken":0,"max_hp_gain":0,"max_hp_loss":0,"event_name":"Living Wall","floor":4,"gold_loss":0,"cards_obtained":["Venomology"]},{"cards_removed":["Strike_G"],"damage_healed":0,"gold_gain":0,"player_choice":"Elegance","damage_taken":0,"max_hp_gain":0,"max_hp_loss":0,"event_name":"Back to Basics","floor":24,"gold_loss":0}],"is_beta":true,"boss_relics":[{"not_picked":["Cursed Key","Busted Crown"],"picked":"Fusion Hammer"}],"items_purged_floors":[22],"is_endless":false,"potions_floor_spawned":[8,10,14,19,21],"killed_by":"Slavers","ascension_level":20}