{"path_per_floor":["M","?","M","?","?","R","E","M","T","$","E","R","E","M","R","B",null,"M","$","?","?","M"],"character_chosen":"THE_SILENT","items_purchased":["Toy Ornithopter","Night Terror"],"gold_per_floor":[111,111,131,131,206,206,237,254,280,80,115,115,143,157,157,259,259,269,119,119,44,56],"floor_reached":23,"campfire_rested":1,"playtime":1333,"current_hp_per_floor":[67,67,67,64,53,53,30,26,26,26,27,48,41,41,41,13,74,31,31,31,31,13],"items_purged":[],"gold":56,"score":207,"play_id":"b843e913-d9fd-4ff0-8e46-2e4bcee39729","is_prod":false,"is_daily":false,"is_ascension_mode":false,"campfire_upgraded":2,"path_taken":["M","?","M","?","?","R","E","M","T","$","E","R","E","M","R","BOSS","M","$","?","?","?","E"],"build_version":"2018-02-15-PROD1","purchased_purges":0,"victory":false,"master_deck":["Defend_G","Defend_G","Defend_G","Defend_G+1","Defend_G","Strike_G","Strike_G","Strike_G","Strike_G","Survivor","Neutralize","Prepared+1","Bane+1","Deadly Poison","Deadly Poison","Well Laid Plans+1","Bullet Time","Pain","Injury","Acrobatics+1","Night Terror+1","Escape Plan+1"],"max_hp_per_floor":[70,70,70,70,70,70,72,72,72,72,72,72,74,74,74,74,74,74,74,74,71,71],"relics":["Ring of the Snake","Singing Bowl","Molten Egg 2","War Paint","Toy Ornithopter","Pantograph","Toolbox","Calling Bell","Ornamental Fan","Blood Vial","Shovel"],"card_choices":[{"not_picked":["Poisoned Stab","Caltrops"],"picked":"Prepared"},{"not_picked":["Dagger Throw","Dash"],"picked":"Bane"},{"not_picked":["PiercingWail","Quick Slash"],"picked":"Deadly Poison"},{"not_picked":["Deflect","Blade Dance"],"picked":"Deadly Poison"},{"not_picked":["Flying Knee","Slice"],"picked":"Well Laid Plans"},{"not_picked":["Unload","Glass Knife"],"picked":"Bullet Time"},{"not_picked":["Heel Hook","Flying Knee"],"picked":"Acrobatics"},{"not_picked":["Poisoned Stab","Riddle With Holes"],"picked":"Escape Plan"}],"player_experience":74943,"potions_floor_usage":[11,11,13,16,22],"damage_taken":[{"damage":3,"enemies":"Small Slimes","floor":1,"turns":4},{"damage":0,"enemies":"Cultist","floor":3,"turns":5},{"damage":25,"enemies":"3 Sentries","floor":7,"turns":14},{"damage":4,"enemies":"2 Louse","floor":8,"turns":3},{"damage":5,"enemies":"Lagavulin","floor":11,"turns":6},{"damage":12,"enemies":"3 Sentries","floor":13,"turns":13},{"damage":0,"enemies":"Blue Slaver","floor":14,"turns":3},{"damage":56,"enemies":"Hexaghost","floor":16,"turns":10},{"damage":43,"enemies":"Spheric Guardian","floor":18,"turns":8},{"damage":23,"enemies":"Shell Parasite","floor":22,"turns":8},{"damage":19,"enemies":"Slavers","floor":23,"turns":3}],"event_choices":[{"event_name":"Bonfire Elementals","player_choice":"BASIC","floor":2,"damage_taken":0},{"event_name":"Scrap Ooze","player_choice":"success","floor":4,"damage_taken":3},{"event_name":"World of Goop","player_choice":"Gather Gold","floor":5,"damage_taken":0},{"event_name":"Upgrade Shrine","player_choice":"Upgraded","floor":20,"damage_taken":0},{"event_name":"Beggar","player_choice":"Gave Gold","floor":21,"damage_taken":0}],"boss_relics":[{"not_picked":["Tiny House","Question Card"],"picked":"Calling Bell"}],"potions_floor_spawned":[3,7,8,11,14,18],"seed_played":"4534406189768568737","killed_by":"Slavers","ascension_level":0,"is_trial":false}