{"gold_per_floor":[119,119,136,147,136,136,156,168,168,25,25,25,25,25,25,100,100,111,111,111,130,143,177,177,177,226,147,147,176,136,136],"floor_reached":31,"playtime":1118,"items_purged":["Strike_G"],"score":460,"play_id":"8ae2edda-17e6-4d19-a9d3-e5e4b76dd3db","local_time":"20180826161851","is_ascension_mode":true,"campfire_choices":[{"data":"Burst","floor":6,"key":"SMITH"},{"data":"Deadly Poison","floor":11,"key":"SMITH"},{"data":"Footwork","floor":13,"key":"SMITH"},{"data":"Neutralize","floor":15,"key":"SMITH"},{"data":"Leg Sweep","floor":24,"key":"SMITH"},{"data":"Catalyst","floor":28,"key":"SMITH"}],"neow_cost":"PERCENT_DAMAGE","seed_source_timestamp":23363564330254,"circlet_count":0,"master_deck":["Defend_G","Defend_G","Defend_G","Defend_G","Strike_G+1","Strike_G","Strike_G","Survivor","Neutralize+1","AscendersBane","Burst+1","Footwork+1","PiercingWail","Poisoned Stab+1","Backflip","Deadly Poison+1","Infinite Blades+1","Corpse Explosion","Blur","Leg Sweep+1","Cloak And Dagger","Noxious Fumes+1","Catalyst+1","Acrobatics","Infinite Blades+1"],"relics":["Ring of the Snake","Frozen Egg 2","Sozu","MutagenicStrength","Darkstone Periapt","Whetstone","Blue Candle"],"potions_floor_usage":[31],"damage_taken":[{"damage":0,"enemies":"2 Louse","floor":1,"turns":4},{"damage":4,"enemies":"Jaw Worm","floor":3,"turns":9},{"damage":0,"enemies":"Small Slimes","floor":4,"turns":4},{"damage":0,"enemies":"Exordium Thugs","floor":5,"turns":4},{"damage":13,"enemies":"Lots of Slimes","floor":7,"turns":8},{"damage":0,"enemies":"Large Slime","floor":8,"turns":12},{"damage":12,"enemies":"Slime Boss","floor":16,"turns":17},{"damage":0,"enemies":"Shell Parasite","floor":18,"turns":7},{"damage":0,"enemies":"Spheric Guardian","floor":21,"turns":4},{"damage":0,"enemies":"Snake Plant","floor":22,"turns":4},{"damage":8,"enemies":"Book of Stabbing","floor":23,"turns":9},{"damage":30,"enemies":"Slavers","floor":29,"turns":2},{"damage":16,"enemies":"Cultist and Chosen","floor":31,"turns":4}],"seed_played":"2578600006177895975","potions_obtained":[{"floor":1,"key":"Ancient Potion"},{"floor":16,"key":"GamblersBrew"}],"is_trial":false,"path_per_floor":["M","?","M","M","M","R","M","M","T","$","R","?","R","?","R","B",null,"M","?","?","M","M","E","R","?","T","$","R","E","$"],"character_chosen":"THE_SILENT","items_purchased":["Infinite Blades+1","Catalyst","Infinite Blades+1"],"campfire_rested":0,"item_purchase_floors":[10,27,30],"current_hp_per_floor":[44,37,33,33,33,33,20,20,20,20,20,20,20,20,20,8,52,52,52,52,52,52,44,44,44,44,44,44,14,14,0],"gold":136,"neow_bonus":"THREE_RARE_CARDS","is_prod":false,"is_daily":false,"chose_seed":false,"campfire_upgraded":6,"win_rate":0,"timestamp":1535271531,"path_taken":["M","?","M","M","?","R","M","M","T","$","R","?","R","?","R","BOSS","M","?","?","?","M","E","R","?","T","$","R","E","$","?"],"build_version":"2018-08-23v2","purchased_purges":1,"victory":false,"max_hp_per_floor":[66,66,66,66,66,66,66,66,66,66,66,66,66,66,66,66,66,66,66,66,66,66,66,66,66,66,66,66,66,66,66],"card_choices":[{"not_picked":["Storm of Steel","Phantasmal Killer"],"picked":"Burst","floor":0},{"not_picked":["Cloak And Dagger","Dagger Throw"],"picked":"Footwork","floor":1},{"not_picked":["Quick Slash","Choke"],"picked":"PiercingWail","floor":3},{"not_picked":["Flechettes","Catalyst"],"picked":"Poisoned Stab","floor":4},{"not_picked":["Dagger Throw","Infinite Blades"],"picked":"Backflip","floor":5},{"not_picked":["Deflect","Cloak And Dagger"],"picked":"Deadly Poison","floor":7},{"not_picked":["Acrobatics","Accuracy","Heel Hook"],"picked":"SKIP","floor":8},{"not_picked":["Die Die Die","Night Terror"],"picked":"Corpse Explosion","floor":16},{"not_picked":["Prepared","Dagger Throw+1","Poisoned Stab"],"picked":"SKIP","floor":18},{"not_picked":["Concentrate","Predator"],"picked":"Blur","floor":21},{"not_picked":["Outmaneuver","Quick Slash+1"],"picked":"Leg Sweep","floor":22},{"not_picked":["Underhanded Strike+1","Dagger Spray","Cloak And Dagger"],"picked":"SKIP","floor":23},{"not_picked":["Underhanded Strike+1","Dagger Spray"],"picked":"Cloak And Dagger","floor":23},{"not_picked":["Sucker Punch","Backstab"],"picked":"Acrobatics","floor":29}],"player_experience":902917,"relics_obtained":[{"floor":9,"key":"Frozen Egg 2"},{"floor":23,"key":"Darkstone Periapt"},{"floor":26,"key":"Whetstone"},{"floor":29,"key":"Blue Candle"}],"event_choices":[{"event_name":"Golden Wing","player_choice":"Card Removal","floor":2,"damage_taken":0},{"event_name":"Golden Idol","player_choice":"Ignored","floor":12,"damage_taken":0},{"event_name":"Purifier","player_choice":"One Purge","floor":14,"damage_taken":0},{"event_name":"Ghosts","player_choice":"Ignored","floor":19,"damage_taken":0},{"event_name":"Drug Dealer","player_choice":"Inject Mutagens","floor":20,"damage_taken":0},{"event_name":"The Library","player_choice":"Read","floor":25,"damage_taken":0}],"is_beta":true,"boss_relics":[{"not_picked":["Busted Crown","Lizard Tail"],"picked":"Sozu"}],"items_purged_floors":[10],"is_endless":false,"potions_floor_spawned":[1,16,18,22],"killed_by":"Cultist and Chosen","ascension_level":15}