{"gold_per_floor":[119,0,13,13,13,13,44,63,88,124,124,148,98,139,139,267,267,292,317,199,223,244,282,282,302,356,356,390,415,415,438,438,559,559,584,584,609,559,583,583,607,643,643,643,659,672,688,729,729,729],"floor_reached":51,"playtime":1967,"items_purged":["Strike_G","Strike_G","Defend_G"],"score":844,"play_id":"8c726768-e3f5-4a44-83f0-ac93a8da84ac","local_time":"20181030203047","is_ascension_mode":false,"campfire_choices":[{"data":"Deadly Poison","floor":6.0,"key":"SMITH"},{"data":"Deadly Poison","floor":11.0,"key":"SMITH"},{"data":"Neutralize","floor":15.0,"key":"SMITH"},{"data":"Footwork","floor":24.0,"key":"SMITH"},{"data":"Noxious Fumes","floor":27.0,"key":"SMITH"},{"floor":30.0,"key":"REST"},{"data":"Burst","floor":32.0,"key":"SMITH"},{"data":"Cloak And Dagger","floor":40.0,"key":"SMITH"},{"data":"Cloak And Dagger","floor":44,"key":"SMITH"},{"data":"Backflip","floor":49,"key":"SMITH"}],"neow_cost":"NONE","seed_source_timestamp":36269376591350,"circlet_count":0,"master_deck":["Defend_G","Defend_G","Defend_G","Strike_G+1","Strike_G+1","Survivor","Neutralize+1","Footwork+1","Deadly Poison+1","Deadly Poison+1","Backstab","Escape Plan","Burst+1","Noxious Fumes+1","Cloak And Dagger+1","Well Laid Plans+1","Dodge and Roll","Cloak And Dagger+1","Venomology","Bouncing Flask+1","Footwork+1","Catalyst+1","Backflip+1","Finisher+1"],"special_seed":0,"relics":["Ring of the Snake","Golden Idol","Smiling Mask","Whetstone","Centennial Puzzle","Snake Skull","Black Star","Strawberry","Frozen Egg 2","Sundial","Anchor","Bottled Flame","Shuriken","Runic Dome","Meat on the Bone","Mercury Hourglass","Pantograph","Boot","Omamori"],"potions_floor_usage":[42,42,45,46,47,48,48,50,50,50],"damage_taken":[{"damage":1.0,"enemies":"Cultist","floor":1.0,"turns":5.0},{"damage":0.0,"enemies":"Small Slimes","floor":3.0,"turns":4.0},{"damage":11.0,"enemies":"3 Sentries","floor":7.0,"turns":10.0},{"damage":0.0,"enemies":"2 Louse","floor":8.0,"turns":4.0},{"damage":5.0,"enemies":"Gremlin Nob","floor":10.0,"turns":4.0},{"damage":0.0,"enemies":"2 Fungi Beasts","floor":12.0,"turns":2.0},{"damage":11.0,"enemies":"Lagavulin","floor":14.0,"turns":8.0},{"damage":6.0,"enemies":"The Guardian","floor":16.0,"turns":10.0},{"damage":0.0,"enemies":"Shell Parasite","floor":18.0,"turns":5.0},{"damage":0.0,"enemies":"Chosen","floor":21.0,"turns":4.0},{"damage":6.0,"enemies":"Snecko","floor":22.0,"turns":5.0},{"damage":10.0,"enemies":"Book of Stabbing","floor":23.0,"turns":6.0},{"damage":11.0,"enemies":"Sentry and Sphere","floor":25.0,"turns":6.0},{"damage":21.0,"enemies":"Gremlin Leader","floor":28.0,"turns":7.0},{"damage":14.0,"enemies":"3 Cultists","floor":29.0,"turns":5.0},{"damage":0.0,"enemies":"Chosen and Byrds","floor":31.0,"turns":5.0},{"damage":36.0,"enemies":"Collector","floor":33.0,"turns":7.0},{"damage":0.0,"enemies":"3 Shapes","floor":35.0,"turns":6.0},{"damage":0.0,"enemies":"Orb Walker","floor":37.0,"turns":3.0},{"damage":14.0,"enemies":"4 Shapes","floor":39.0,"turns":6.0},{"damage":0.0,"enemies":"Jaw Worm Horde","floor":41.0,"turns":5.0},{"damage":0,"enemies":"Nemesis","floor":42,"turns":5},{"damage":0,"enemies":"Spire Growth","floor":45,"turns":3},{"damage":0,"enemies":"4 Shapes","floor":46,"turns":4},{"damage":4,"enemies":"Jaw Worm Horde","floor":47,"turns":5},{"damage":0,"enemies":"Giant Head","floor":48,"turns":5},{"damage":16,"enemies":"Donu and Deca","floor":50,"turns":9}],"seed_played":"-237906961631067410","potions_obtained":[{"floor":7.0,"key":"Block Potion"},{"floor":8.0,"key":"Swift Potion"},{"floor":12.0,"key":"PowerPotion"},{"floor":16.0,"key":"Strength Potion"},{"floor":22.0,"key":"Energy Potion"},{"floor":28.0,"key":"Energy Potion"},{"floor":31.0,"key":"Strength Potion"},{"floor":33.0,"key":"FearPotion"},{"floor":46,"key":"Swift Potion"},{"floor":48,"key":"Poison Potion"}],"is_trial":false,"path_per_floor":["M","$","M","?","$","R","E","M","T","E","R","M","$","E","R","B",null,"M","T","$","M","M","E","R","M","T","R","E","M","R","M","R","B",null,"M","?","M","$","M","R","M","E","T","R","M","M","M","E","R","B"],"character_chosen":"THE_SILENT","items_purchased":["Footwork","Deadly Poison","Noxious Fumes"],"campfire_rested":1,"item_purchase_floors":[2,2,20],"current_hp_per_floor":[69,69,69,52,52,52,41,41,41,36,36,36,36,25,25,19,70,70,77,77,77,71,61,61,50,50,50,29,15,38,38,38,2,77,77,77,77,77,63,63,63,63,63,63,63,63,59,59,59,61],"gold":729,"neow_bonus":"REMOVE_CARD","is_prod":false,"is_daily":false,"chose_seed":false,"campfire_upgraded":9,"win_rate":0,"timestamp":1540902647,"path_taken":["M","$","?","?","$","R","E","M","T","E","R","M","$","E","R","BOSS","M","?","$","M","M","E","R","M","T","R","E","?","R","M","R","BOSS","M","?","M","$","M","R","M","E","T","R","?","M","M","E","R","BOSS"],"build_version":"2018-10-25v2","purchased_purges":3,"victory":true,"max_hp_per_floor":[70,70,70,70,70,70,70,70,70,70,70,70,70,70,70,70,70,70,77,77,77,77,77,77,77,77,77,77,77,77,77,77,77,77,77,77,77,77,77,77,77,77,77,77,77,77,77,77,77,77],"card_choices":[{"not_picked":["Deflect","Choke","Heel Hook"],"picked":"SKIP","floor":1.0},{"not_picked":["Prepared","Eviscerate"],"picked":"Deadly Poison","floor":3.0},{"not_picked":["Dodge and Roll","Acrobatics","Finisher"],"picked":"SKIP","floor":7.0},{"not_picked":["Sucker Punch","Dagger Spray","Dodge and Roll"],"picked":"SKIP","floor":8.0},{"not_picked":["Prepared","Grand Finale"],"picked":"Backstab","floor":10.0},{"not_picked":["Flying Knee","All Out Attack","Infinite Blades"],"picked":"SKIP","floor":12.0},{"not_picked":["Bane","Backstab"],"picked":"Escape Plan","floor":14.0},{"not_picked":["Tools of the Trade","Bullet Time"],"picked":"Burst","floor":16.0},{"not_picked":["Blade Dance","Crippling Poison","Underhanded Strike"],"picked":"SKIP","floor":18.0},{"not_picked":["Underhanded Strike","Flechettes"],"picked":"Cloak And Dagger","floor":21.0},{"not_picked":["PiercingWail","Blade Dance","Endless Agony+1"],"picked":"SKIP","floor":22.0},{"not_picked":["Reflex","Quick Slash","Riddle With Holes"],"picked":"SKIP","floor":23.0},{"not_picked":["Prepared","Poisoned Stab"],"picked":"Well Laid Plans+1","floor":25.0},{"not_picked":["Flying Knee","Reflex+1"],"picked":"Dodge and Roll","floor":28.0},{"not_picked":["Acrobatics","Setup"],"picked":"Cloak And Dagger","floor":29.0},{"not_picked":["Doppelganger","Calculated Gamble","Bane"],"picked":"SKIP","floor":31.0},{"not_picked":["Storm of Steel","Unload"],"picked":"Venomology","floor":33.0},{"not_picked":["Dodge and Roll","Flying Knee+1","Endless Agony"],"picked":"SKIP","floor":35.0},{"not_picked":["Backflip","Expertise+1"],"picked":"Bouncing Flask+1","floor":37.0},{"not_picked":["PiercingWail","Blade Dance+1"],"picked":"Footwork+1","floor":39.0},{"not_picked":["Glass Knife","Choke"],"picked":"Catalyst+1","floor":41.0},{"not_picked":["Sucker Punch+1","Bouncing Flask+1"],"picked":"Backflip","floor":42},{"not_picked":["Terror","Prepared","Poisoned Stab"],"picked":"SKIP","floor":45},{"not_picked":["Quick Slash","Predator","Dash"],"picked":"SKIP","floor":46},{"not_picked":["Slice+1","Predator","Deadly Poison+1"],"picked":"SKIP","floor":47},{"not_picked":["Doppelganger","Setup"],"picked":"Finisher+1","floor":48}],"player_experience":748845,"relics_obtained":[{"floor":7.0,"key":"Smiling Mask"},{"floor":9.0,"key":"Whetstone"},{"floor":10.0,"key":"Centennial Puzzle"},{"floor":14.0,"key":"Snake Skull"},{"floor":19.0,"key":"Strawberry"},{"floor":23.0,"key":"Frozen Egg 2"},{"floor":23.0,"key":"Sundial"},{"floor":26.0,"key":"Anchor"},{"floor":28.0,"key":"Bottled Flame"},{"floor":28.0,"key":"Shuriken"},{"floor":42,"key":"Meat on the Bone"},{"floor":42,"key":"Mercury Hourglass"},{"floor":43,"key":"Pantograph"},{"floor":48,"key":"Boot"},{"floor":48,"key":"Omamori"}],"event_choices":[{"damage_healed":0.0,"max_hp_gain":0.0,"max_hp_loss":0.0,"gold_gain":0.0,"event_name":"Golden Idol","player_choice":"Take Damage","floor":4.0,"gold_loss":0.0,"damage_taken":17.0,"relics_obtained":["Golden Idol"]},{"cards_removed":["Defend_G"],"damage_healed":0.0,"max_hp_gain":0.0,"max_hp_loss":0.0,"gold_gain":0.0,"event_name":"Purifier","player_choice":"Purged","floor":36.0,"gold_loss":0.0,"damage_taken":0.0}],"is_beta":false,"boss_relics":[{"not_picked":["Philosopher\u0027s Stone","Eternal Feather"],"picked":"Black Star"},{"not_picked":["Calling Bell","Lizard Tail"],"picked":"Runic Dome"}],"items_purged_floors":[13,20,38],"is_endless":false,"potions_floor_spawned":[7,8,12,16,22,28,31,33,41,46,48],"ascension_level":0}