{"path_per_floor":["M","?","M","M","M","R","E","M","T","E","?","M","$","?","R","B",null,"M","$","?","?","M","M","M","R","T","M","R","?","$","M","R","B",null,"M","M","$","M","M","R"],"character_chosen":"IRONCLAD","items_purchased":["Bronze Scales","Oddly Smooth Stone","Purity"],"gold_per_floor":[113,113,127,145,168,168,209,222,222,253,253,267,47,47,47,173,173,189,46,46,46,60,84,109,109,136,157,157,157,57,73,73,176,176,188,205,107,119,133,133],"floor_reached":41,"campfire_rested":3,"playtime":2049,"current_hp_per_floor":[80,60,64,64,70,70,61,47,47,44,44,40,40,24,63,23,80,63,63,63,63,45,36,37,76,76,56,56,56,56,67,67,69,80,57,51,51,40,28,67],"items_purged":["Regret","Strike_R"],"gold":133,"score":407,"play_id":"38910c2c-61ef-4b3c-8955-dce37d5919ce","local_time":"20180316182919","is_prod":false,"is_daily":false,"is_ascension_mode":false,"campfire_upgraded":3,"timestamp":1521221359,"path_taken":["M","?","?","M","M","R","E","M","T","E","?","?","?","?","R","BOSS","M","$","?","?","?","M","M","R","T","?","R","?","$","M","R","BOSS","M","M","$","M","M","R","E"],"build_version":"2018-03-15","purchased_purges":2,"victory":false,"master_deck":["Strike_R","Strike_R","Strike_R+1","Strike_R","Defend_R","Defend_R","Defend_R","Defend_R","Bash","Limit Break+1","Cleave","Thunderclap","Headbutt","Headbutt+1","Whirlwind+1","Barricade+1","Iron Wave","Body Slam","Shrug It Off","Flex+1","Spot Weakness","Armaments+1","Body Slam+1","Seeing Red","Shrug It Off+1","Double Tap","Battle Trance","Purity","Flex+1"],"max_hp_per_floor":[80,80,80,80,80,80,80,80,80,80,80,80,80,80,80,80,80,80,80,80,80,80,80,80,80,80,80,80,80,80,80,80,80,80,80,80,80,80,80,80],"relics":["Burning Blood","Orichalcum","Bloody Idol","Bag of Preparation","Letter Opener","Regal Pillow","Kunai","Bronze Scales","Orrery","Oddly Smooth Stone","Omamori","Runic Pyramid"],"card_choices":[{"not_picked":["True Grit","Dual Wield"],"picked":"Limit Break"},{"not_picked":["Sword Boomerang","Shrug It Off"],"picked":"Cleave"},{"not_picked":["Metallicize","Clothesline"],"picked":"Thunderclap"},{"not_picked":["Warcry","Wild Strike"],"picked":"Headbutt"},{"not_picked":["Anger","Thunderclap"],"picked":"Headbutt"},{"not_picked":["Headbutt","Feel No Pain"],"picked":"Whirlwind"},{"not_picked":["Feed","Dark Embrace"],"picked":"Barricade"},{"not_picked":["Rupture","Flame Barrier"],"picked":"Iron Wave"},{"not_picked":["Wild Strike","Whirlwind"],"picked":"Body Slam"},{"not_picked":["Twin Strike","Second Wind"],"picked":"Shrug It Off"},{"not_picked":["Clash","Reaper"],"picked":"Flex"},{"not_picked":["Havoc","Warcry"],"picked":"Spot Weakness"},{"not_picked":["Warcry","Reckless Charge"],"picked":"Armaments"},{"not_picked":["Armaments","Inflame"],"picked":"Body Slam"},{"not_picked":["Fire Breathing","Anger"],"picked":"Seeing Red"},{"not_picked":["Armaments","Sword Boomerang"],"picked":"Shrug It Off"},{"not_picked":["Bludgeon","Reaper"],"picked":"Double Tap"},{"not_picked":["Shrug It Off","Flex"],"picked":"Battle Trance"},{"not_picked":["Spot Weakness","Body Slam"],"picked":"Flex"}],"player_experience":153489,"potions_floor_usage":[27,27,33,33,39,39],"damage_taken":[{"damage":1.0,"enemies":"2 Louse","floor":1.0,"turns":2.0},{"damage":2.0,"enemies":"Small Slimes","floor":3.0,"turns":3.0},{"damage":6.0,"enemies":"Jaw Worm","floor":4.0,"turns":3.0},{"damage":0.0,"enemies":"Gremlin Gang","floor":5.0,"turns":3.0},{"damage":15.0,"enemies":"Gremlin Nob","floor":7.0,"turns":4.0},{"damage":20.0,"enemies":"Large Slime","floor":8.0,"turns":7.0},{"damage":9,"enemies":"3 Sentries","floor":10,"turns":7},{"damage":10,"enemies":"3 Louse","floor":12,"turns":3},{"damage":46,"enemies":"Hexaghost","floor":16,"turns":9},{"damage":23,"enemies":"Shell Parasite","floor":18,"turns":5},{"damage":24,"enemies":"Chosen","floor":22,"turns":6},{"damage":15,"enemies":"Snake Plant","floor":23,"turns":6},{"damage":5,"enemies":"Chosen and Byrds","floor":24,"turns":6},{"damage":26,"enemies":"Centurion and Healer","floor":27,"turns":5},{"damage":0,"enemies":"Cultist and Chosen","floor":31,"turns":2},{"damage":9,"enemies":"Champ","floor":33,"turns":11},{"damage":34,"enemies":"3 Darklings","floor":35,"turns":4},{"damage":17,"enemies":"Orb Walker","floor":36,"turns":4},{"damage":22,"enemies":"Maw","floor":38,"turns":7},{"damage":32,"enemies":"3 Darklings","floor":39,"turns":4},{"damage":82,"enemies":"Giant Head","floor":41,"turns":8}],"event_choices":[{"event_name":"Golden Idol","player_choice":"Take Damage","floor":2.0,"damage_taken":0.0},{"event_name":"Big Fish","player_choice":"Box","floor":11,"damage_taken":0},{"event_name":"Shining Light","player_choice":"Entered Light","floor":14,"damage_taken":0},{"event_name":"Accursed Blacksmith","player_choice":"Forge","floor":20,"damage_taken":0},{"event_name":"Fountain of Cleansing","player_choice":"Removed Curse","floor":21,"damage_taken":0},{"event_name":"Forgotten Altar","player_choice":"Gave Idol","floor":29,"damage_taken":0}],"boss_relics":[{"not_picked":["Lizard Tail","Snecko Eye"],"picked":"Orrery"},{"not_picked":["Eternal Feather","Calling Bell"],"picked":"Runic Pyramid"}],"potions_floor_spawned":[4,5,7,10,24,31,33,38,39],"seed_played":"-968503744083416527","killed_by":"Giant Head","ascension_level":0,"is_trial":false}