{"gold_per_floor":[117,131,144,33,33,33,60,72,84,96,108,120,194,273,285,375,387,412,488,512,489,136,136,386,386,386,399,449],"floor_reached":28,"playtime":639,"items_purged":["Strike_G","Strike_G"],"score":461,"play_id":"1d97dbc5-8398-40d5-8299-5ed537c6b8dc","local_time":"20190204131231","is_ascension_mode":true,"campfire_choices":[{"data":"Noxious Fumes","floor":6.0,"key":"SMITH"},{"data":"Cloak And Dagger","floor":10.0,"key":"SMITH"},{"data":"Neutralize","floor":12.0,"key":"SMITH"},{"data":"Catalyst","floor":15.0,"key":"SMITH"},{"floor":23.0,"key":"REST"},{"floor":25.0,"key":"REST"}],"neow_cost":"NONE","seed_source_timestamp":14195441755275,"circlet_count":0,"master_deck":["AscendersBane","Defend_G","Defend_G","Defend_G","Defend_G","Defend_G","Strike_G","Strike_G","Strike_G","Survivor","Neutralize+1","Cloak And Dagger+1","Noxious Fumes+1","Deadly Poison","Catalyst+1","Corpse Explosion","Catalyst+1","Shame","Footwork"],"special_seed":0,"relics":["Ring of the Snake","NeowsBlessing","MawBank","SsserpentHead","Shuriken","Cursed Key","Dodecahedron","DollysMirror"],"potions_floor_usage":[27],"damage_taken":[{"damage":0.0,"enemies":"Cultist","floor":1.0,"turns":1.0},{"damage":0.0,"enemies":"2 Louse","floor":2.0,"turns":1.0},{"damage":0.0,"enemies":"Jaw Worm","floor":3.0,"turns":1.0},{"damage":13.0,"enemies":"3 Sentries","floor":7.0,"turns":8.0},{"damage":13.0,"enemies":"3 Louse","floor":13.0,"turns":4.0},{"damage":11.0,"enemies":"Red Slaver","floor":14.0,"turns":4.0},{"damage":14.0,"enemies":"The Guardian","floor":16.0,"turns":8.0},{"damage":22.0,"enemies":"2 Thieves","floor":18.0,"turns":4.0},{"damage":20.0,"enemies":"Spheric Guardian","floor":19.0,"turns":4.0},{"damage":2.0,"enemies":"Snake Plant","floor":20.0,"turns":3.0},{"damage":36,"enemies":"Chosen and Byrds","floor":27,"turns":5},{"damage":0,"enemies":"Snecko","floor":28,"turns":2}],"seed_played":"2006164710753228179","potions_obtained":[{"floor":1.0,"key":"Block Potion"},{"floor":3.0,"key":"Explosive Potion"},{"floor":7.0,"key":"LiquidBronze"},{"floor":19.0,"key":"PowerPotion"},{"floor":27,"key":"Ancient Potion"}],"is_trial":false,"path_per_floor":["M","M","M","$","?","R","E","?","T","R","$","R","M","M","R","B",null,"M","M","M","?","$","R","?","R","T","M","M"],"character_chosen":"THE_SILENT","items_purchased":["Noxious Fumes","DollysMirror","Fire Potion"],"campfire_rested":2,"item_purchase_floors":[4,22,22],"current_hp_per_floor":[59,59,59,59,59,59,46,46,46,46,46,46,33,22,22,8,52,30,10,8,8,8,27,27,46,46,10,10],"gold":449,"neow_bonus":"THREE_ENEMY_KILL","is_prod":false,"is_daily":false,"chose_seed":false,"campfire_upgraded":4,"win_rate":0,"timestamp":1549257151,"path_taken":["M","M","?","$","?","R","E","?","T","R","$","R","?","?","R","BOSS","M","?","M","?","$","R","?","R","T","M","?"],"build_version":"2019-01-23","purchased_purges":2,"victory":false,"max_hp_per_floor":[66,66,66,66,66,66,66,66,66,66,66,66,66,66,66,66,66,66,66,66,66,66,66,66,66,66,66,66],"card_choices":[{"not_picked":["Expertise","Dodge and Roll"],"picked":"Cloak And Dagger","floor":1.0},{"not_picked":["Quick Slash","Sucker Punch","Distraction"],"picked":"SKIP","floor":2.0},{"not_picked":["Prepared","Dagger Spray","Crippling Poison"],"picked":"SKIP","floor":3.0},{"not_picked":["Backstab","Acrobatics"],"picked":"Deadly Poison","floor":7.0},{"not_picked":["Backflip","Tactician"],"picked":"Catalyst","floor":13.0},{"not_picked":["Dagger Spray","Acrobatics","Dash"],"picked":"SKIP","floor":14.0},{"not_picked":["Grand Finale","Envenom"],"picked":"Corpse Explosion","floor":16.0},{"not_picked":["Predator","Skewer","Poisoned Stab"],"picked":"SKIP","floor":18.0},{"not_picked":["Bane","Backstab","Dash"],"picked":"SKIP","floor":19.0},{"not_picked":["Dagger Spray","Blur","Dodge and Roll"],"picked":"SKIP","floor":20.0},{"not_picked":["Predator","Dagger Spray"],"picked":"Footwork","floor":27}],"player_experience":2502322,"relics_obtained":[{"floor":7.0,"key":"MawBank"},{"floor":9.0,"key":"Shuriken"}],"event_choices":[{"damage_healed":0.0,"max_hp_gain":0.0,"max_hp_loss":0.0,"gold_gain":0.0,"event_name":"Liars Game","player_choice":"Ignored","floor":5.0,"gold_loss":0.0,"damage_taken":0.0},{"damage_healed":0.0,"max_hp_gain":0.0,"max_hp_loss":0.0,"gold_gain":0.0,"event_name":"FaceTrader","player_choice":"Trade","floor":8.0,"gold_loss":0.0,"damage_taken":0.0,"relics_obtained":["SsserpentHead"]},{"damage_healed":0.0,"max_hp_gain":0.0,"max_hp_loss":0.0,"gold_gain":0.0,"event_name":"Addict","player_choice":"Obtained Relic","floor":21.0,"gold_loss":85.0,"damage_taken":0.0,"relics_obtained":["Dodecahedron"]},{"damage_healed":0.0,"max_hp_gain":0.0,"max_hp_loss":0.0,"gold_gain":250.0,"event_name":"The Joust","player_choice":"Bet on Owner","floor":24.0,"gold_loss":50.0,"damage_taken":0.0}],"is_beta":false,"boss_relics":[{"not_picked":["Velvet Choker","Ring of the Serpent"],"picked":"Cursed Key"}],"items_purged_floors":[4,22],"is_endless":false,"potions_floor_spawned":[1,3,7,19,27],"killed_by":"Snecko","ascension_level":20}