{"gold_per_floor":[19,19,32,46,6,6,6,6,6,47,122,143,143,143,143,143],"floor_reached":16,"playtime":251,"items_purged":[],"score":172,"play_id":"9e94ae9a-c79b-4af8-a269-7a541fbe5c0e","local_time":"20190330213807","is_ascension_mode":true,"campfire_choices":[{"data":"Fusion","floor":6.0,"key":"SMITH"},{"data":"Darkness","floor":8.0,"key":"SMITH"},{"floor":13.0,"key":"REST"},{"floor":15.0,"key":"REST"}],"neow_cost":"NO_GOLD","seed_source_timestamp":0,"circlet_count":0,"master_deck":["AscendersBane","Strike_B","Strike_B","Defend_B","Defend_B","Defend_B+1","Defend_B","Zap","Dualcast","Melter","Streamline","Cold Snap","Darkness+1","Gash","Fusion+1","Thunder Strike+1","Compile Driver"],"special_seed":0,"relics":["Cracked Core","Golden Idol","Letter Opener","Singing Bowl","Orichalcum"],"potions_floor_usage":[],"damage_taken":[{"damage":0.0,"enemies":"Small Slimes","floor":1.0,"turns":2.0},{"damage":0.0,"enemies":"Jaw Worm","floor":3.0,"turns":3.0},{"damage":9.0,"enemies":"2 Louse","floor":4.0,"turns":3.0},{"damage":24.0,"enemies":"Gremlin Nob","floor":10.0,"turns":4.0},{"damage":11.0,"enemies":"Exordium Wildlife","floor":12.0,"turns":4.0},{"damage":28,"enemies":"The Guardian","floor":16,"turns":2}],"seed_played":"-6173934458395488400","potions_obtained":[{"floor":3.0,"key":"PowerPotion"},{"floor":12.0,"key":"LiquidBronze"}],"is_trial":false,"path_per_floor":["M","?","M","M","$","R","?","R","T","E","?","M","R","?","R","B"],"character_chosen":"DEFECT","items_purchased":["Fusion"],"campfire_rested":2,"item_purchase_floors":[5],"current_hp_per_floor":[64,64,64,55,55,55,55,55,55,31,20,9,28,9,28,0],"gold":143,"neow_bonus":"TRANSFORM_TWO_CARDS","is_prod":false,"is_daily":false,"chose_seed":true,"campfire_upgraded":2,"win_rate":0,"timestamp":1553953087,"path_taken":["M","?","M","M","$","R","?","R","T","E","?","M","R","?","R","BOSS"],"build_version":"2019-01-23","purchased_purges":0,"victory":false,"max_hp_per_floor":[71,64,64,64,64,64,64,64,64,64,64,64,64,64,64,64],"card_choices":[{"not_picked":["Steam","Ball Lightning"],"picked":"Cold Snap","floor":1.0},{"not_picked":["Barrage","Rip and Tear"],"picked":"Darkness","floor":3.0},{"not_picked":["Go for the Eyes","Steam"],"picked":"Gash","floor":4.0},{"not_picked":["Beam Cell","Chill"],"picked":"Thunder Strike","floor":10.0},{"not_picked":["Stack","Streamline"],"picked":"Compile Driver","floor":12.0}],"player_experience":1298936,"relics_obtained":[{"floor":9.0,"key":"Singing Bowl"},{"floor":10.0,"key":"Orichalcum"}],"event_choices":[{"damage_healed":0.0,"max_hp_gain":0.0,"max_hp_loss":7.0,"gold_gain":0.0,"event_name":"Golden Idol","player_choice":"Lose Max HP","floor":2.0,"gold_loss":0.0,"damage_taken":0.0,"relics_obtained":["Golden Idol"]},{"damage_healed":0.0,"max_hp_gain":0.0,"max_hp_loss":0.0,"gold_gain":0.0,"event_name":"Dead Adventurer","player_choice":"Searched \u00271\u0027 times","floor":7.0,"gold_loss":0.0,"damage_taken":0.0,"relics_obtained":["Letter Opener"]},{"damage_healed":0.0,"max_hp_gain":0.0,"max_hp_loss":0.0,"gold_gain":75.0,"event_name":"World of Goop","player_choice":"Gather Gold","floor":11.0,"gold_loss":0.0,"damage_taken":11.0},{"damage_healed":0.0,"max_hp_gain":0.0,"max_hp_loss":0.0,"gold_gain":0.0,"event_name":"Shining Light","player_choice":"Entered Light","floor":14.0,"gold_loss":0.0,"damage_taken":19.0,"cards_upgraded":["Thunder Strike","Defend_B"]}],"is_beta":false,"boss_relics":[],"items_purged_floors":[],"is_endless":false,"potions_floor_spawned":[3,12],"killed_by":"The Guardian","ascension_level":15}