{"gold_per_floor":[112,112,38,58,68,68,96,96,119,119,44,103,103,128,128,202,202,216,62,62,75,92,117,117,145,145,145],"floor_reached":27,"playtime":824,"items_purged":["Strike_G"],"score":467,"play_id":"dfa4515b-ca2b-4a1e-8893-3852c7caec0d","local_time":"20190214123209","is_ascension_mode":true,"campfire_choices":[{"data":"Bouncing Flask","floor":6,"key":"SMITH"},{"data":"Neutralize","floor":8,"key":"SMITH"},{"data":"Well Laid Plans","floor":15,"key":"SMITH"},{"floor":24,"key":"REST"}],"neow_cost":"CURSE","seed_source_timestamp":148678014885483,"circlet_count":0,"master_deck":["AscendersBane","Defend_G","Defend_G","Defend_G","Defend_G","Defend_G","Strike_G+1","Strike_G+1","Strike_G","Survivor","Neutralize+1","Bouncing Flask+1","Well Laid Plans+1","Corpse Explosion","Burst","Noxious Fumes","Tactician"],"relics":["Ring of the Snake","FossilizedHelix","Oddly Smooth Stone","Whetstone","Tiny Chest","Blood Vial","Pen Nib","Runic Dome","Bronze Scales","Singing Bowl","Sundial"],"potions_floor_usage":[12,23,25,25],"damage_taken":[{"damage":0,"enemies":"2 Louse","floor":1,"turns":4},{"damage":0,"enemies":"Cultist","floor":4,"turns":3},{"damage":0,"enemies":"Small Slimes","floor":5,"turns":4},{"damage":14,"enemies":"Gremlin Nob","floor":7,"turns":5},{"damage":9,"enemies":"3 Sentries","floor":12,"turns":9},{"damage":2,"enemies":"Lagavulin","floor":14,"turns":6},{"damage":14,"enemies":"Hexaghost","floor":16,"turns":10},{"damage":5,"enemies":"3 Byrds","floor":18,"turns":2},{"damage":0,"enemies":"Chosen","floor":21,"turns":4},{"damage":32,"enemies":"Snake Plant","floor":22,"turns":5},{"damage":20,"enemies":"Gremlin Leader","floor":23,"turns":5},{"damage":17,"enemies":"Slavers","floor":25,"turns":2},{"damage":16,"enemies":"Centurion and Healer","floor":27,"turns":4}],"seed_played":"-4697573430337726900","potions_obtained":[{"floor":2,"key":"FearPotion"},{"floor":2,"key":"Explosive Potion"},{"floor":12,"key":"Energy Potion"},{"floor":16,"key":"SkillPotion"},{"floor":23,"key":"Swift Potion"}],"is_trial":false,"path_per_floor":["M","?","$","M","M","R","E","R","T","?","?","E","T","E","R","B",null,"M","$","?","M","M","E","R","E","T","M"],"character_chosen":"THE_SILENT","items_purchased":["Well Laid Plans","Noxious Fumes"],"campfire_rested":1,"item_purchase_floors":[3,19],"current_hp_per_floor":[59,59,59,59,59,59,45,45,45,38,38,29,29,29,29,17,54,51,51,51,53,23,5,24,11,11,0],"gold":145,"neow_bonus":"ONE_RARE_RELIC","is_prod":false,"is_daily":false,"chose_seed":false,"campfire_upgraded":3,"win_rate":0,"timestamp":1550118729,"path_taken":["M","?","$","?","M","R","E","R","T","?","?","E","?","E","R","BOSS","M","$","?","M","?","E","R","E","T","M"],"build_version":"2019-01-23","purchased_purges":1,"victory":false,"max_hp_per_floor":[66,66,66,66,66,66,66,66,66,66,66,66,66,66,66,66,66,66,66,66,66,66,66,66,68,68,68],"card_choices":[{"not_picked":["Bane","Expertise"],"picked":"Bouncing Flask","floor":1},{"not_picked":["Blade Dance","Quick Slash","Dodge and Roll"],"picked":"SKIP","floor":4},{"not_picked":["Heel Hook","Endless Agony","Predator"],"picked":"SKIP","floor":5},{"not_picked":["Outmaneuver","Flying Knee","Backstab"],"picked":"SKIP","floor":7},{"not_picked":["Dagger Throw","Accuracy","Slice"],"picked":"SKIP","floor":12},{"not_picked":["Crippling Poison","Reflex"],"picked":"Corpse Explosion","floor":14},{"not_picked":["Phantasmal Killer","Tools of the Trade"],"picked":"Burst","floor":16},{"not_picked":["Prepared","Accuracy","Blade Dance"],"picked":"SKIP","floor":18},{"not_picked":["Sucker Punch","Quick Slash","Flying Knee"],"picked":"SKIP","floor":21},{"not_picked":["Deadly Poison","Slice+1"],"picked":"Tactician","floor":22},{"not_picked":["Outmaneuver","Caltrops","Expertise"],"picked":"SKIP","floor":23},{"not_picked":["Eviscerate","Flechettes","Unload"],"picked":"Singing Bowl","floor":25}],"player_experience":739664,"relics_obtained":[{"floor":7,"key":"Oddly Smooth Stone"},{"floor":9,"key":"Whetstone"},{"floor":12,"key":"Tiny Chest"},{"floor":13,"key":"Blood Vial"},{"floor":14,"key":"Pen Nib"},{"floor":23,"key":"Bronze Scales"},{"floor":25,"key":"Singing Bowl"},{"floor":26,"key":"Sundial"}],"event_choices":[{"damage_healed":0,"gold_gain":0,"player_choice":"Got Potions","damage_taken":0,"max_hp_gain":0,"max_hp_loss":0,"event_name":"Lab","floor":2,"gold_loss":0},{"cards_removed":["Shame"],"damage_healed":0,"gold_gain":0,"player_choice":"Card Removal","damage_taken":7,"max_hp_gain":0,"max_hp_loss":0,"event_name":"Golden Wing","floor":10,"gold_loss":0},{"cards_removed":["Strike_G"],"damage_healed":0,"gold_gain":0,"player_choice":"Card Removal","damage_taken":0,"max_hp_gain":0,"max_hp_loss":0,"event_name":"The Cleric","floor":11,"gold_loss":75},{"damage_healed":0,"gold_gain":0,"player_choice":"Ignored","damage_taken":0,"max_hp_gain":0,"max_hp_loss":0,"event_name":"N\u0027loth","floor":20,"gold_loss":0}],"is_beta":false,"boss_relics":[{"not_picked":["Tiny House","Cursed Key"],"picked":"Runic Dome"}],"items_purged_floors":[19],"is_endless":false,"potions_floor_spawned":[4,12,14,16,18,23],"killed_by":"Centurion and Healer","ascension_level":15}