{"gold_per_floor":[112,124,142,155,87,119,148,148,148,160,160,180,211,211,211,211],"floor_reached":16,"playtime":1047,"items_purged":[],"score":112,"play_id":"a2963188-053d-4248-901e-a89b75889de3","local_time":"20190808183154","is_ascension_mode":false,"campfire_choices":[{"floor":15,"key":"REST"}],"neow_cost":"NONE","seed_source_timestamp":250626420418300,"circlet_count":0,"master_deck":["Strike_R","Strike_R","Strike_R","Strike_R","Strike_R","Defend_R","Defend_R","Defend_R","Defend_R","Bash","Immolate","Body Slam","Thunderclap","Shrug It Off","Rage","Combust","Offering","Headbutt","Inflame","Clash"],"relics":["Burning Blood","Vajra","Odd Mushroom","Ornamental Fan","Orichalcum","Thread and Needle"],"potions_floor_usage":[],"damage_taken":[{"damage":10,"enemies":"Jaw Worm","floor":1,"turns":4},{"damage":0,"enemies":"Small Slimes","floor":2,"turns":3},{"damage":1,"enemies":"Cultist","floor":3,"turns":3},{"damage":0,"enemies":"Lots of Slimes","floor":4,"turns":1},{"damage":18,"enemies":"3 Sentries","floor":6,"turns":4},{"damage":28,"enemies":"The Mushroom Lair","floor":7,"turns":3},{"damage":20,"enemies":"Gremlin Gang","floor":10,"turns":4},{"damage":0,"enemies":"Exordium Wildlife","floor":12,"turns":3},{"damage":12,"enemies":"Gremlin Nob","floor":13,"turns":3},{"damage":56,"enemies":"The Guardian","floor":16,"turns":8}],"seed_played":"-1231132105235694908","potions_obtained":[{"floor":2,"key":"SkillPotion"},{"floor":3,"key":"Energy Potion"},{"floor":6,"key":"Regen Potion"},{"floor":13,"key":"AttackPotion"}],"is_trial":false,"path_per_floor":["M","M","M","M","$","E","?","?","T","M","$","M","E","$","R","B"],"character_chosen":"IRONCLAD","items_purchased":["Combust"],"campfire_rested":1,"item_purchase_floors":[5],"current_hp_per_floor":[76,80,80,80,80,68,46,46,46,32,32,38,32,32,56,0],"gold":211,"neow_bonus":"ONE_RANDOM_RARE_CARD","is_prod":false,"is_daily":false,"chose_seed":false,"campfire_upgraded":0,"win_rate":0.0,"timestamp":1565310714,"path_taken":["M","M","M","M","$","E","?","?","T","M","$","?","E","?","R","BOSS"],"build_version":"2019-07-17","purchased_purges":0,"victory":false,"max_hp_per_floor":[80,80,80,80,80,80,80,80,80,80,80,80,80,80,80,80],"card_choices":[{"not_picked":["Disarm","Metallicize"],"picked":"Body Slam","floor":1},{"not_picked":["Rampage","Twin Strike"],"picked":"Thunderclap","floor":2},{"not_picked":["Sever Soul","Anger"],"picked":"Shrug It Off","floor":3},{"not_picked":["Anger","Armaments"],"picked":"Rage","floor":4},{"not_picked":["Anger","Fire Breathing","Burning Pact"],"picked":"SKIP","floor":6},{"not_picked":["Iron Wave","Warcry"],"picked":"Offering","floor":7},{"not_picked":["Shockwave","Spot Weakness"],"picked":"Headbutt","floor":10},{"not_picked":["Warcry","Rampage"],"picked":"Inflame","floor":12},{"not_picked":["Iron Wave","Corruption"],"picked":"Clash","floor":13}],"player_experience":67268,"relics_obtained":[{"floor":6,"key":"Vajra"},{"floor":7,"key":"Odd Mushroom"},{"floor":9,"key":"Orichalcum"},{"floor":13,"key":"Thread and Needle"}],"event_choices":[{"damage_healed":0,"gold_gain":0,"player_choice":"Fought Mushrooms","damage_taken":0,"max_hp_gain":0,"max_hp_loss":0,"event_name":"Mushrooms","floor":7,"gold_loss":0},{"damage_healed":0,"gold_gain":0,"player_choice":"Gave Potion","damage_taken":0,"relics_obtained":["Ornamental Fan"],"max_hp_gain":0,"max_hp_loss":0,"event_name":"WeMeetAgain","floor":8,"gold_loss":0}],"is_beta":false,"boss_relics":[],"items_purged_floors":[],"is_endless":false,"potions_floor_spawned":[2,3,6,13],"killed_by":"The Guardian","ascension_level":0}