{"path_per_floor":["M","?","M","$","?","R","M","?","T","R","E","R","?","M","R","B",null,"M","M","?","M"],"character_chosen":"THE_SILENT","items_purchased":["Blur"],"gold_per_floor":[117,192,203,53,53,53,67,17,43,43,71,71,71,87,87,158,158,169,188,188,202,202],"floor_reached":22,"campfire_rested":1,"playtime":550,"item_purchase_floors":[4],"current_hp_per_floor":[54,43,43,43,43,43,36,36,36,36,17,36,40,36,36,27,62,41,15,15,10,0],"items_purged":["Strike_G"],"gold":202,"score":313,"play_id":"2246d151-1f13-44cf-827e-2e520c58443d","local_time":"20180616215537","is_prod":false,"is_daily":false,"chose_seed":false,"is_ascension_mode":true,"campfire_upgraded":3,"win_rate":0,"timestamp":1529157337,"campfire_choices":[{"data":"Neutralize","floor":6,"key":"SMITH"},{"data":"Caltrops","floor":10,"key":"SMITH"},{"floor":12,"key":"REST"},{"data":"Deadly Poison","floor":15,"key":"SMITH"}],"path_taken":["M","?","M","$","?","R","?","?","T","R","E","R","?","M","R","BOSS","M","M","?","?","?"],"build_version":"2018-06-14v2","seed_source_timestamp":42946275236080,"purchased_purges":1,"victory":false,"master_deck":["Defend_G+1","Defend_G+1","Defend_G+1","Strike_G+1","Strike_G+1","Strike_G+1","Survivor","Neutralize+1","AscendersBane","Poisoned Stab","Blur","Endless Agony","Caltrops+1","Dagger Throw","Deadly Poison+1","Burst","Backflip","Escape Plan+1"],"max_hp_per_floor":[66,66,66,66,66,66,66,66,66,66,66,66,73,73,73,73,73,73,73,73,75,75],"relics":["Ring of the Snake","Bag of Preparation","Singing Bowl","Strawberry","Philosopher\u0027s Stone"],"card_choices":[{"not_picked":["Terror","Noxious Fumes"],"picked":"Poisoned Stab","floor":1},{"not_picked":["Prepared","Catalyst","Flechettes"],"picked":"SKIP","floor":3},{"not_picked":["Prepared","Underhanded Strike"],"picked":"Caltrops","floor":7},{"not_picked":["Backflip","Expertise"],"picked":"Dagger Throw","floor":11},{"not_picked":["Underhanded Strike","Acrobatics"],"picked":"Deadly Poison","floor":14},{"not_picked":["Envenom","Corpse Explosion"],"picked":"Burst","floor":16},{"not_picked":["Terror","Dash"],"picked":"Backflip","floor":18},{"not_picked":["Dagger Spray","Bouncing Flask"],"picked":"Escape Plan+1","floor":19},{"not_picked":["Malaise","Outmaneuver","Deflect"],"picked":"Singing Bowl","floor":21}],"player_experience":627420,"potions_floor_usage":[16,16,16,21],"damage_taken":[{"damage":5,"enemies":"2 Louse","floor":1,"turns":3},{"damage":0,"enemies":"Jaw Worm","floor":3,"turns":5},{"damage":7,"enemies":"Small Slimes","floor":7,"turns":3},{"damage":19,"enemies":"Gremlin Nob","floor":11,"turns":4},{"damage":4,"enemies":"Exordium Wildlife","floor":14,"turns":3},{"damage":9,"enemies":"Hexaghost","floor":16,"turns":8},{"damage":21,"enemies":"Spheric Guardian","floor":18,"turns":5},{"damage":26,"enemies":"3 Byrds","floor":19,"turns":2},{"damage":7,"enemies":"Cultist and Chosen","floor":21,"turns":5},{"damage":13,"enemies":"Snake Plant","floor":22,"turns":2}],"relics_obtained":[{"floor":9,"key":"Bag of Preparation"},{"floor":11,"key":"Singing Bowl"}],"event_choices":[{"event_name":"World of Goop","player_choice":"Gather Gold","floor":2,"damage_taken":0},{"event_name":"Living Wall","player_choice":"Change","floor":5,"damage_taken":0},{"event_name":"The Cleric","player_choice":"Card Removal","floor":8,"damage_taken":0},{"event_name":"Scrap Ooze","player_choice":"success","floor":13,"damage_taken":3},{"event_name":"Back to Basics","player_choice":"Simplicity","floor":20,"damage_taken":0}],"boss_relics":[{"not_picked":["Velvet Choker","Astrolabe"],"picked":"Philosopher\u0027s Stone"}],"items_purged_floors":[4],"is_endless":false,"potions_floor_spawned":[1,14,18],"seed_played":"5832927793105851464","killed_by":"Snake Plant","ascension_level":14,"potions_obtained":[{"floor":1,"key":"Ancient Potion"},{"floor":14,"key":"EntropicBrew"},{"floor":18,"key":"Fire Potion"}],"is_trial":false}