{"gold_per_floor":[112,193,213,225,98,98,117,117,187,205,205,28,28,41,41,117,117,127,127,2,18,18],"floor_reached":22,"playtime":787,"items_purged":["Strike_G","Strike_G","Strike_G"],"score":352,"play_id":"7f329b63-c260-46b2-a6c6-b7a44a1a21bc","local_time":"20190802231955","is_ascension_mode":true,"campfire_choices":[{"data":"Bouncing Flask","floor":6.0,"key":"SMITH"},{"data":"Acrobatics","floor":11.0,"key":"SMITH"},{"data":"Neutralize","floor":15.0,"key":"SMITH"}],"neow_cost":"PERCENT_DAMAGE","seed_source_timestamp":449972016798131,"circlet_count":0,"master_deck":["AscendersBane","Strike_G","Defend_G","Defend_G","Defend_G","Defend_G","Defend_G","Survivor","Neutralize+1","Bouncing Flask+1","Well Laid Plans+1","Acrobatics","Acrobatics+1","Footwork","Calculated Gamble","Burst","Escape Plan+1"],"special_seed":0,"relics":["Ring of the Snake","Bird Faced Urn","Dodecahedron","Sozu"],"potions_floor_usage":[],"damage_taken":[{"damage":0.0,"enemies":"Cultist","floor":1.0,"turns":4.0},{"damage":1.0,"enemies":"Small Slimes","floor":3.0,"turns":4.0},{"damage":0.0,"enemies":"Jaw Worm","floor":4.0,"turns":5.0},{"damage":12.0,"enemies":"Exordium Wildlife","floor":7.0,"turns":5.0},{"damage":1.0,"enemies":"Red Slaver","floor":10.0,"turns":5.0},{"damage":18.0,"enemies":"Lots of Slimes","floor":14.0,"turns":6.0},{"damage":9.0,"enemies":"The Guardian","floor":16.0,"turns":8.0},{"damage":22,"enemies":"3 Byrds","floor":18,"turns":7},{"damage":0,"enemies":"Shell Parasite","floor":21,"turns":6},{"damage":34,"enemies":"3 Cultists","floor":22,"turns":5}],"seed_played":"2603073701565251537","potions_obtained":[{"floor":4.0,"key":"Block Potion"},{"floor":10.0,"key":"FearPotion"}],"is_trial":false,"path_per_floor":["M","T","M","M","$","R","M","?","T","M","R","$","?","M","R","B",null,"M","?","$","M","M"],"character_chosen":"THE_SILENT","items_purchased":["Acrobatics","Footwork"],"campfire_rested":0,"item_purchase_floors":[5,12],"current_hp_per_floor":[44,44,43,43,43,43,33,33,33,34,34,34,34,20,20,15,53,35,17,17,21,0],"gold":18,"neow_bonus":"ONE_RARE_RELIC","is_prod":false,"is_daily":false,"chose_seed":false,"campfire_upgraded":3,"win_rate":0,"timestamp":1564755595,"path_taken":["M","?","M","M","$","R","M","?","T","?","R","$","?","?","R","BOSS","M","?","$","M","M"],"build_version":"2019-07-17","purchased_purges":3,"victory":false,"max_hp_per_floor":[66,66,66,66,66,66,66,66,66,66,66,66,66,66,66,66,66,66,71,71,71,71],"card_choices":[{"not_picked":["Deflect","Blur"],"picked":"Bouncing Flask","floor":1.0},{"not_picked":["Bane","Quick Slash","Leg Sweep"],"picked":"SKIP","floor":3.0},{"not_picked":["Dagger Spray","Deadly Poison"],"picked":"Well Laid Plans","floor":4.0},{"not_picked":["Underhanded Strike","Deflect","Night Terror"],"picked":"SKIP","floor":7.0},{"not_picked":["Flying Knee","Masterful Stab"],"picked":"Acrobatics","floor":10.0},{"not_picked":["Setup","Terror"],"picked":"Calculated Gamble","floor":14.0},{"not_picked":["Tools of the Trade","After Image"],"picked":"Burst","floor":16.0},{"not_picked":["Bane","All Out Attack","Acrobatics"],"picked":"SKIP","floor":18},{"not_picked":["Prepared","Cloak And Dagger"],"picked":"Escape Plan+1","floor":21}],"player_experience":736319,"relics_obtained":[{"floor":9.0,"key":"Dodecahedron"}],"event_choices":[{"cards_removed":["Strike_G"],"damage_healed":0.0,"max_hp_gain":0.0,"max_hp_loss":0.0,"gold_gain":0.0,"event_name":"Bonfire Elementals","player_choice":"Offered Basic","floor":8.0,"gold_loss":0.0,"damage_taken":0.0},{"damage_healed":0.0,"max_hp_gain":0.0,"max_hp_loss":0.0,"gold_gain":0.0,"event_name":"Upgrade Shrine","player_choice":"Upgraded","floor":13.0,"gold_loss":0.0,"damage_taken":0.0,"cards_upgraded":["Well Laid Plans"]},{"damage_healed":0,"gold_gain":0,"player_choice":"Shed Blood","damage_taken":23,"max_hp_gain":5,"max_hp_loss":0,"event_name":"Forgotten Altar","floor":19,"gold_loss":0}],"is_beta":false,"boss_relics":[{"not_picked":["Orrery","Snecko Eye"],"picked":"Sozu"}],"items_purged_floors":[5,12,20],"is_endless":false,"potions_floor_spawned":[4,10,18,21],"killed_by":"3 Cultists","ascension_level":20}