{"gold_per_floor":[110,120,120,70,85,111,87,107,107,127,140,152,152,152,152,255,255,267,267,278,292,308,308,323,336,361,361,361,375,394,407,407,502,552,568,391,491,509,525,525,542,542,542,542],"floor_reached":44,"playtime":3565,"items_purged":["Pain"],"score":495,"play_id":"9320e2c4-176c-4734-b170-7ddbd0a22af9","local_time":"20190729165647","is_ascension_mode":false,"campfire_choices":[{"data":"Streamline","floor":13,"key":"SMITH"},{"data":"Beam Cell","floor":15,"key":"SMITH"},{"floor":23,"key":"REST"},{"floor":27,"key":"REST"},{"floor":32,"key":"REST"},{"data":"Hologram","floor":40,"key":"SMITH"},{"data":"Leap","floor":42,"key":"SMITH"}],"neow_cost":"NONE","seed_source_timestamp":1691017487757276,"circlet_count":0,"master_deck":["Strike_B","Strike_B","Defend_B","Defend_B","Defend_B","Defend_B","Zap","Dualcast","Conserve Battery","Hologram+1","Streamline+1","Ball Lightning","Steam+1","Leap+1","Beam Cell+1","Redo","Rebound","Echo Form","Glacier","Ball Lightning","Fusion","Steam+1","Compile Driver+1","Static Discharge+1","Stack","Melter+1","Cold Snap","Multi-Cast","Double Energy","Hologram","Cold Snap","Stack","FTL+1","Coolheaded+1","Rebound+1"],"relics":["Cracked Core","Kunai","Peace Pipe","FossilizedHelix","Inserter","Ancient Tea Set","WarpedTongs","Tiny House","Thread and Needle","Potion Belt"],"potions_floor_usage":[18,22,24,25,33,33,38,39,44],"damage_taken":[{"damage":1,"enemies":"Jaw Worm","floor":1,"turns":4},{"damage":0,"enemies":"Small Slimes","floor":2,"turns":4},{"damage":2,"enemies":"2 Louse","floor":5,"turns":3},{"damage":16,"enemies":"Lagavulin","floor":6,"turns":7},{"damage":2,"enemies":"Red Slaver","floor":8,"turns":2},{"damage":0,"enemies":"3 Louse","floor":10,"turns":2},{"damage":0,"enemies":"Exordium Thugs","floor":11,"turns":4},{"damage":8,"enemies":"Gremlin Gang","floor":12,"turns":4},{"damage":0,"enemies":"Slime Boss","floor":16,"turns":5},{"damage":0,"enemies":"Spheric Guardian","floor":18,"turns":4},{"damage":26,"enemies":"2 Thieves","floor":20,"turns":4},{"damage":42,"enemies":"Cultist and Chosen","floor":21,"turns":9},{"damage":2,"enemies":"Snake Plant","floor":22,"turns":8},{"damage":21,"enemies":"Shelled Parasite and Fungi","floor":24,"turns":8},{"damage":7,"enemies":"Chosen and Byrds","floor":25,"turns":7},{"damage":9,"enemies":"Centurion and Healer","floor":29,"turns":6},{"damage":11,"enemies":"Cultist and Chosen","floor":30,"turns":8},{"damage":0,"enemies":"Snecko","floor":31,"turns":5},{"damage":36,"enemies":"Collector","floor":33,"turns":12},{"damage":7,"enemies":"3 Shapes","floor":35,"turns":5},{"damage":3,"enemies":"Mind Bloom Boss Battle","floor":37,"turns":7},{"damage":44,"enemies":"3 Darklings","floor":38,"turns":7},{"damage":12,"enemies":"Spire Growth","floor":39,"turns":9},{"damage":0,"enemies":"Sphere and 2 Shapes","floor":41,"turns":5},{"damage":45,"enemies":"Reptomancer","floor":44,"turns":3}],"seed_played":"-3536370041706388808","potions_obtained":[{"floor":1,"key":"Ancient Potion"},{"floor":8,"key":"Block Potion"},{"floor":12,"key":"SkillPotion"},{"floor":22,"key":"Weak Potion"},{"floor":29,"key":"Dexterity Potion"},{"floor":31,"key":"Regen Potion"},{"floor":33,"key":"Regen Potion"},{"floor":34,"key":"Dexterity Potion"},{"floor":38,"key":"Block Potion"}],"is_trial":false,"path_per_floor":["M","M","?","?","M","E","$","M","T","M","M","M","R","?","R","B",null,"M","?","M","M","M","R","M","M","T","R","?","M","M","M","R","B",null,"M","$","?","M","M","R","M","R","T","E"],"character_chosen":"DEFECT","items_purchased":["Steam","Cold Snap","Stack"],"campfire_rested":3,"item_purchase_floors":[7,36,36],"current_hp_per_floor":[81,81,78,78,76,60,60,58,58,58,58,50,50,43,43,43,82,82,82,56,14,12,36,15,8,8,32,32,23,12,12,36,15,87,80,80,77,45,33,33,33,33,33,0],"gold":542,"neow_bonus":"TEN_PERCENT_HP_BONUS","is_prod":false,"is_daily":false,"chose_seed":false,"campfire_upgraded":4,"win_rate":0,"timestamp":1564408607,"path_taken":["M","M","?","?","M","E","?","M","T","M","M","M","R","?","R","BOSS","M","?","M","?","M","R","M","M","T","R","?","?","M","?","R","BOSS","M","$","?","M","M","R","M","R","T","E"],"build_version":"2019-07-17","purchased_purges":1,"victory":false,"max_hp_per_floor":[82,82,82,82,82,82,82,82,82,82,82,82,82,82,82,82,82,82,82,82,82,82,82,82,82,82,82,82,82,82,82,82,82,87,87,87,87,87,87,87,87,87,87,87],"card_choices":[{"not_picked":["Reprogram","Sunder"],"picked":"Conserve Battery","floor":1},{"not_picked":["Steam","Stack"],"picked":"Hologram","floor":2},{"not_picked":["All For One","Ball Lightning"],"picked":"Streamline","floor":5},{"not_picked":["Reprogram","Blizzard"],"picked":"Ball Lightning","floor":6},{"not_picked":["White Noise","Barrage"],"picked":"Leap","floor":8},{"not_picked":["Steam","Static Discharge"],"picked":"Beam Cell","floor":10},{"not_picked":["Beam Cell","BootSequence"],"picked":"Redo","floor":11},{"not_picked":["Sweeping Beam","Stack"],"picked":"Rebound","floor":12},{"not_picked":["Amplify","Seek"],"picked":"Echo Form","floor":16},{"not_picked":["Compile Driver+1","Rebound"],"picked":"Glacier","floor":18},{"not_picked":["Turbo","Redo+1"],"picked":"Ball Lightning","floor":20},{"not_picked":["Beam Cell+1","Loop+1"],"picked":"Fusion","floor":21},{"not_picked":["Hologram","Conserve Battery"],"picked":"Steam+1","floor":22},{"not_picked":["Storm+1","Melter"],"picked":"Compile Driver+1","floor":24},{"not_picked":["Creative AI","Hologram"],"picked":"Static Discharge+1","floor":25},{"not_picked":["Static Discharge","Rebound+1"],"picked":"Stack","floor":29},{"not_picked":["Scrape","Skim"],"picked":"Melter+1","floor":30},{"not_picked":["Rebound","Echo Form"],"picked":"Cold Snap","floor":31},{"not_picked":["Rainbow","Echo Form"],"picked":"Multi-Cast","floor":33},{"not_picked":["Melter","Tempest"],"picked":"Double Energy","floor":34},{"not_picked":["Stack","Fusion+1"],"picked":"Hologram","floor":35},{"not_picked":["Fusion","Hologram+1"],"picked":"FTL+1","floor":37},{"not_picked":["Doom and Gloom","Auto Shields","Melter+1"],"picked":"SKIP","floor":38},{"not_picked":["Leap+1","Turbo"],"picked":"Coolheaded+1","floor":39},{"not_picked":["Cold Snap","BootSequence+1"],"picked":"Rebound+1","floor":41}],"player_experience":110581,"relics_obtained":[{"floor":6,"key":"Peace Pipe"},{"floor":9,"key":"FossilizedHelix"},{"floor":26,"key":"Ancient Tea Set"},{"floor":37,"key":"Thread and Needle"},{"floor":43,"key":"Potion Belt"}],"event_choices":[{"damage_healed":0,"gold_gain":0,"player_choice":"Success","damage_taken":3,"relics_obtained":["Kunai"],"max_hp_gain":0,"max_hp_loss":0,"event_name":"Scrap Ooze","floor":3,"gold_loss":0},{"cards_removed":["Strike_B"],"damage_healed":0,"gold_gain":0,"player_choice":"Card Removal","damage_taken":0,"max_hp_gain":0,"max_hp_loss":0,"event_name":"The Cleric","floor":4,"gold_loss":50},{"cards_removed":["Strike_B"],"damage_healed":0,"gold_gain":0,"player_choice":"Card Removal","damage_taken":7,"max_hp_gain":0,"max_hp_loss":0,"event_name":"Golden Wing","floor":14,"gold_loss":0},{"damage_healed":0,"gold_gain":0,"player_choice":"Ignored","damage_taken":0,"max_hp_gain":0,"max_hp_loss":0,"event_name":"N\u0027loth","floor":19,"gold_loss":0},{"damage_healed":0,"gold_gain":0,"player_choice":"Rummage","damage_taken":0,"relics_obtained":["WarpedTongs"],"max_hp_gain":0,"max_hp_loss":0,"event_name":"Accursed Blacksmith","floor":28,"gold_loss":0,"cards_obtained":["Pain"]},{"damage_healed":0,"gold_gain":0,"player_choice":"Fight","damage_taken":0,"max_hp_gain":0,"max_hp_loss":0,"event_name":"MindBloom","floor":37,"gold_loss":0}],"is_beta":false,"boss_relics":[{"not_picked":["Runic Dome","Ectoplasm"],"picked":"Inserter"},{"not_picked":["Pandora\u0027s Box","Black Star"],"picked":"Tiny House"}],"items_purged_floors":[36],"is_endless":false,"potions_floor_spawned":[1,8,12,22,29,31,33,38],"killed_by":"Reptomancer","ascension_level":0}