{"gold_per_floor":[115,190,190,209,14,45,2,2,28,44,44,44,44,62,62,140,140,159,177,189,189,34,34,44,59,59,59,75,88,88,119,119,119],"floor_reached":33,"playtime":892,"items_purged":["Strike_B","Defend_B"],"score":584,"play_id":"9a4fac5e-5587-400f-9386-a6530186ad36","local_time":"20190604192032","is_ascension_mode":true,"campfire_choices":[{"data":"Sunder","floor":8,"key":"SMITH"},{"data":"Darkness","floor":13,"key":"SMITH"},{"data":"Defragment","floor":15,"key":"SMITH"},{"data":"Heatsinks","floor":23,"key":"SMITH"},{"data":"Chaos","floor":27,"key":"SMITH"},{"floor":30,"key":"REST"},{"floor":32,"key":"REST"}],"neow_cost":"NONE","seed_source_timestamp":773912112549976,"circlet_count":0,"master_deck":["AscendersBane","Defend_B","Defend_B","Defend_B","Zap","Dualcast","Darkness+1","Conserve Battery","Recycle","Sunder+1","Glacier","Heatsinks+1","Compile Driver","Defragment+1","Electrodynamics","All For One+1","Coolheaded+1","Turbo+1","Defragment","Undo","White Noise","Turbo","Chaos+1","Coolheaded","Glacier"],"relics":["Cracked Core","NeowsBlessing","Matryoshka","Dodecahedron","Bag of Preparation","Vajra","Astrolabe","FaceOfCleric","PreservedInsect","Singing Bowl","Orichalcum"],"potions_floor_usage":[31,33,33,33],"damage_taken":[{"damage":0,"enemies":"2 Louse","floor":1,"turns":1},{"damage":0,"enemies":"Jaw Worm","floor":4,"turns":1},{"damage":0,"enemies":"3 Sentries","floor":6,"turns":1},{"damage":0,"enemies":"Cultist","floor":10,"turns":3},{"damage":0,"enemies":"Red Slaver","floor":14,"turns":2},{"damage":23,"enemies":"Slime Boss","floor":16,"turns":9},{"damage":6,"enemies":"Spheric Guardian","floor":18,"turns":3},{"damage":5,"enemies":"Chosen","floor":19,"turns":3},{"damage":0,"enemies":"Snake Plant","floor":20,"turns":2},{"damage":0,"enemies":"Snecko","floor":24,"turns":4},{"damage":9,"enemies":"Sentry and Sphere","floor":25,"turns":7},{"damage":12,"enemies":"Cultist and Chosen","floor":28,"turns":5},{"damage":21,"enemies":"Snecko","floor":29,"turns":5},{"damage":26,"enemies":"Slavers","floor":31,"turns":3},{"damage":39,"enemies":"Collector","floor":33,"turns":14}],"seed_played":"2680512107707779385","potions_obtained":[{"floor":4,"key":"GamblersBrew"},{"floor":6,"key":"Regen Potion"},{"floor":16,"key":"Strength Potion"},{"floor":29,"key":"AttackPotion"},{"floor":31,"key":"EntropicBrew"}],"is_trial":false,"path_per_floor":["M","?","?","M","$","E","$","R","T","M","?","?","R","M","R","B",null,"M","M","M","?","$","R","M","M","T","R","M","M","R","E","R","B"],"character_chosen":"DEFECT","items_purchased":["Recycle","Sunder","Heatsinks","Turbo"],"campfire_rested":2,"item_purchase_floors":[5,5,7,22],"current_hp_per_floor":[64,53,71,71,71,71,71,71,71,71,71,71,71,71,71,48,65,59,54,54,54,54,54,55,47,47,47,38,18,41,16,39,0],"gold":119,"neow_bonus":"THREE_ENEMY_KILL","is_prod":false,"is_daily":false,"chose_seed":false,"campfire_upgraded":5,"win_rate":0,"timestamp":1559643632,"path_taken":["M","?","?","?","$","E","?","R","T","?","?","?","R","M","R","BOSS","M","?","M","?","$","R","M","M","T","R","M","M","R","E","R","BOSS"],"build_version":"2019-01-23","purchased_purges":2,"victory":false,"max_hp_per_floor":[71,71,71,71,71,71,71,71,71,71,71,71,71,71,71,71,71,71,71,71,71,71,71,72,73,73,73,76,77,77,78,78,78],"card_choices":[{"not_picked":["Compile Driver","Sweeping Beam"],"picked":"Darkness","floor":1},{"not_picked":["Tempest","Reprogram"],"picked":"Conserve Battery","floor":4},{"not_picked":["Sunder","Compile Driver"],"picked":"Glacier","floor":6},{"not_picked":["Go for the Eyes","Steam"],"picked":"Compile Driver","floor":10},{"not_picked":["Compile Driver","Stack"],"picked":"Defragment","floor":14},{"not_picked":["Meteor Strike","Amplify"],"picked":"Electrodynamics","floor":16},{"not_picked":["Rebound+1","Glacier"],"picked":"Defragment","floor":18},{"not_picked":["Rebound","Chill"],"picked":"Undo","floor":19},{"not_picked":["Steam Power","Streamline"],"picked":"White Noise","floor":20},{"not_picked":["Barrage","Consume","Ball Lightning"],"picked":"SKIP","floor":24},{"not_picked":["Compile Driver","Reprogram"],"picked":"Chaos","floor":25},{"not_picked":["Gash","Rebound","Cold Snap"],"picked":"Singing Bowl","floor":28},{"not_picked":["Doom and Gloom","Leap"],"picked":"Coolheaded","floor":29},{"not_picked":["Compile Driver","Sunder"],"picked":"Glacier","floor":31}],"player_experience":550003,"relics_obtained":[{"floor":6,"key":"Matryoshka"},{"floor":9,"key":"Dodecahedron"},{"floor":9,"key":"Bag of Preparation"},{"floor":26,"key":"PreservedInsect"},{"floor":26,"key":"Singing Bowl"},{"floor":31,"key":"Orichalcum"}],"event_choices":[{"damage_healed":0,"gold_gain":75,"player_choice":"Gather Gold","damage_taken":11,"max_hp_gain":0,"max_hp_loss":0,"event_name":"World of Goop","floor":2,"gold_loss":0},{"damage_healed":18,"gold_gain":0,"player_choice":"Full Heal","damage_taken":0,"max_hp_gain":0,"max_hp_loss":0,"event_name":"Wheel of Change","floor":3,"gold_loss":0},{"damage_healed":0,"gold_gain":0,"player_choice":"Ignored","damage_taken":0,"max_hp_gain":0,"max_hp_loss":0,"event_name":"Liars Game","floor":11,"gold_loss":0},{"damage_healed":0,"gold_gain":0,"player_choice":"Gave Potion","damage_taken":0,"relics_obtained":["Vajra"],"max_hp_gain":0,"max_hp_loss":0,"event_name":"WeMeetAgain","floor":12,"gold_loss":0},{"damage_healed":0,"gold_gain":0,"player_choice":"Trade","damage_taken":0,"relics_obtained":["FaceOfCleric"],"max_hp_gain":0,"max_hp_loss":0,"event_name":"FaceTrader","floor":21,"gold_loss":0}],"is_beta":false,"boss_relics":[{"not_picked":["Inserter","Empty Cage"],"picked":"Astrolabe"}],"items_purged_floors":[5,22],"is_endless":false,"potions_floor_spawned":[4,6,16,20,24,29,31],"killed_by":"Collector","ascension_level":20}