{"gold_per_floor":[19,19,32,49,49,49,74,108,132,132,132,153,153,167,167,263,263,224,224,274,289,134,134,174,192,244,244,259,284,284,308,308,399,399,423,756,283,297,297,297,309,29,102,134,134,145,163,183,183,183,183,183,183,33,64,64],"floor_reached":57,"playtime":2126,"items_purged":["Strike_G","Defend_G","Defend_G","Grand Finale"],"score":2787,"play_id":"407a956a-44f6-4db2-b771-f962a6e7276c","local_time":"20190723020034","is_ascension_mode":true,"campfire_choices":[{"data":"Burst","floor":6.0,"key":"SMITH"},{"data":"Catalyst","floor":11.0,"key":"SMITH"},{"data":"Deadly Poison","floor":15.0,"key":"SMITH"},{"data":"Acrobatics","floor":23.0,"key":"SMITH"},{"data":"Well Laid Plans","floor":30,"key":"SMITH"},{"floor":32,"key":"REST"},{"data":"Footwork","floor":40,"key":"SMITH"},{"floor":49,"key":"RECALL"},{"data":"Wraith Form v2","floor":53,"key":"SMITH"}],"neow_cost":"NO_GOLD","seed_source_timestamp":0,"circlet_count":0,"master_deck":["AscendersBane","Defend_G","Defend_G","Defend_G","Survivor","Neutralize","Burst+1","Deadly Poison+1","Acrobatics+1","Catalyst+1","Well Laid Plans+1","Wraith Form v2+1","Footwork+1","Night Terror","Backflip+1","Acrobatics","Adrenaline"],"special_seed":0,"relics":["Ring of the Snake","Blood Vial","Runic Dome","Centennial Puzzle","Omamori","Coffee Dripper","Oddly Smooth Stone","Strange Spoon","Sundial","Incense Burner","SsserpentHead","Lantern"],"potions_floor_usage":[33,33,41,46,48],"damage_taken":[{"damage":2.0,"enemies":"Jaw Worm","floor":1.0,"turns":4.0},{"damage":6.0,"enemies":"Cultist","floor":3.0,"turns":5.0},{"damage":2.0,"enemies":"Small Slimes","floor":4.0,"turns":8.0},{"damage":12.0,"enemies":"Exordium Wildlife","floor":7.0,"turns":6.0},{"damage":27.0,"enemies":"3 Sentries","floor":8.0,"turns":14.0},{"damage":10.0,"enemies":"3 Louse","floor":12.0,"turns":7.0},{"damage":1.0,"enemies":"Exordium Thugs","floor":14.0,"turns":7.0},{"damage":2.0,"enemies":"Hexaghost","floor":16.0,"turns":7.0},{"damage":9.0,"enemies":"2 Thieves","floor":18.0,"turns":5.0},{"damage":20.0,"enemies":"3 Byrds","floor":21.0,"turns":4.0},{"damage":17.0,"enemies":"Slavers","floor":24.0,"turns":7.0},{"damage":5.0,"enemies":"Cultist and Chosen","floor":25.0,"turns":5.0},{"damage":2.0,"enemies":"Centurion and Healer","floor":28.0,"turns":4.0},{"damage":3,"enemies":"Snake Plant","floor":29,"turns":4},{"damage":0,"enemies":"Cultist and Chosen","floor":31,"turns":2},{"damage":15,"enemies":"Collector","floor":33,"turns":4},{"damage":19,"enemies":"3 Shapes","floor":35,"turns":12},{"damage":20,"enemies":"3 Darklings","floor":38,"turns":4},{"damage":0,"enemies":"Jaw Worm Horde","floor":41,"turns":3},{"damage":13,"enemies":"Giant Head","floor":44,"turns":3},{"damage":0,"enemies":"4 Shapes","floor":46,"turns":5},{"damage":1,"enemies":"Transient","floor":47,"turns":2},{"damage":0,"enemies":"Spire Growth","floor":48,"turns":4},{"damage":1,"enemies":"Awakened One","floor":50,"turns":4},{"damage":0,"enemies":"Time Eater","floor":51,"turns":3},{"damage":0,"enemies":"Shield and Spear","floor":55,"turns":5},{"damage":37,"enemies":"The Heart","floor":56,"turns":6}],"seed_played":"-7381601172994347057","potions_obtained":[{"floor":3.0,"key":"GhostInAJar"},{"floor":7.0,"key":"Poison Potion"},{"floor":12.0,"key":"Block Potion"},{"floor":21.0,"key":"SkillPotion"},{"floor":28.0,"key":"FearPotion"},{"floor":29,"key":"Block Potion"},{"floor":31,"key":"Swift Potion"},{"floor":38,"key":"GamblersBrew"},{"floor":41,"key":"AttackPotion"},{"floor":47,"key":"GamblersBrew"}],"is_trial":false,"path_per_floor":["M","?","M","M","?","R","M","E","T","?","R","M","?","M","R","B",null,"M","?","?","M","$","R","E","M","T","?","M","M","R","M","R","B",null,"M","?","$","M","?","R","M","$","T","E","?","M","M","M","R","B","B",null,"R","$","E","B",null],"character_chosen":"THE_SILENT","items_purchased":["Ancient Potion","Oddly Smooth Stone","Strange Spoon","Night Terror"],"campfire_rested":1,"item_purchase_floors":[22,37,37,42],"current_hp_per_floor":[57,57,51,49,49,49,37,10,10,10,10,2,2,3,3,3,46,39,39,39,21,21,21,6,3,3,3,3,2,2,4,22,9,47,30,30,30,12,12,12,14,14,14,3,3,5,6,8,8,9,11,48,48,48,50,15],"gold":64,"neow_bonus":"TRANSFORM_TWO_CARDS","is_prod":false,"is_daily":false,"chose_seed":false,"campfire_upgraded":7,"win_rate":0,"timestamp":1563814834,"path_taken":["M","?","?","M","?","R","M","E","T","?","R","M","?","M","R","BOSS","M","?","?","?","$","R","E","M","T","?","M","M","R","?","R","BOSS","M","?","$","M","?","R","M","$","T","E","?","M","M","M","R","BOSS","BOSS","R","$","E","BOSS"],"build_version":"2019-07-17","purchased_purges":4,"victory":true,"max_hp_per_floor":[66,66,66,66,60,60,60,60,60,60,60,60,60,60,60,60,60,60,60,60,60,60,60,60,60,60,60,60,60,60,60,60,60,60,60,60,60,60,60,60,60,60,60,60,60,60,60,60,60,60,60,60,60,60,60,60],"card_choices":[{"not_picked":["Bane","Slice","Crippling Poison"],"picked":"SKIP","floor":1.0},{"not_picked":["Noxious Fumes","Escape Plan"],"picked":"Acrobatics","floor":3.0},{"not_picked":["Deadly Poison","Outmaneuver","Dagger Spray"],"picked":"SKIP","floor":4.0},{"not_picked":["Deadly Poison","Outmaneuver","Dagger Spray"],"picked":"SKIP","floor":4.0},{"not_picked":["Quick Slash","Heel Hook","Underhanded Strike"],"picked":"SKIP","floor":7.0},{"not_picked":["Quick Slash","Backstab"],"picked":"Catalyst","floor":8.0},{"not_picked":["Dodge and Roll","Leg Sweep","Finisher"],"picked":"SKIP","floor":12.0},{"not_picked":["Dodge and Roll","Leg Sweep","Finisher"],"picked":"SKIP","floor":12.0},{"not_picked":["Sucker Punch","Terror","Concentrate"],"picked":"SKIP","floor":14.0},{"not_picked":["Die Die Die","Envenom"],"picked":"Grand Finale","floor":16.0},{"not_picked":["Backflip","Eviscerate"],"picked":"Well Laid Plans","floor":18.0},{"not_picked":["Eviscerate+1","Flechettes","Dodge and Roll"],"picked":"SKIP","floor":21.0},{"not_picked":["Blur","Skewer+1","Outmaneuver"],"picked":"SKIP","floor":24.0},{"not_picked":["Masterful Stab","Eviscerate","Cloak And Dagger"],"picked":"SKIP","floor":25.0},{"not_picked":["Caltrops+1","Bouncing Flask"],"picked":"Footwork","floor":28.0},{"not_picked":["Terror","Blade Dance","Bane"],"picked":"SKIP","floor":29},{"not_picked":["Dagger Throw","Sucker Punch","Dodge and Roll"],"picked":"SKIP","floor":31},{"not_picked":["Riddle With Holes","Dagger Throw","Backflip"],"picked":"SKIP","floor":35},{"not_picked":["Flying Knee","Bane","Poisoned Stab"],"picked":"SKIP","floor":38},{"not_picked":["Heel Hook","Outmaneuver","Dagger Throw+1"],"picked":"SKIP","floor":41},{"not_picked":["Underhanded Strike+1","All Out Attack"],"picked":"Backflip+1","floor":44},{"not_picked":["Bane","Flying Knee","Acrobatics"],"picked":"SKIP","floor":46},{"not_picked":["Bane","Flying Knee"],"picked":"Acrobatics","floor":46},{"not_picked":["Poisoned Stab+1","Masterful Stab","Riddle With Holes+1"],"picked":"SKIP","floor":47},{"not_picked":["Dagger Spray","Prepared"],"picked":"Adrenaline","floor":48},{"not_picked":["Deadly Poison","Blade Dance+1","Storm of Steel"],"picked":"SKIP","floor":55}],"player_experience":653420,"relics_obtained":[{"floor":8.0,"key":"Blood Vial"},{"floor":24.0,"key":"Centennial Puzzle"},{"floor":26.0,"key":"Omamori"},{"floor":43,"key":"Sundial"},{"floor":44,"key":"Incense Burner"},{"floor":55,"key":"Lantern"}],"event_choices":[{"cards_removed":["Strike_G"],"damage_healed":0.0,"max_hp_gain":0.0,"max_hp_loss":0.0,"gold_gain":0.0,"event_name":"Bonfire Elementals","player_choice":"Offered Basic","floor":2.0,"gold_loss":0.0,"damage_taken":0.0},{"damage_healed":0.0,"max_hp_gain":0.0,"max_hp_loss":6.0,"gold_gain":0.0,"event_name":"Golden Idol","player_choice":"Lose Max HP","floor":5.0,"gold_loss":0.0,"damage_taken":0.0,"relics_obtained":["Golden Idol"]},{"damage_healed":0.0,"max_hp_gain":0.0,"max_hp_loss":0.0,"gold_gain":0.0,"event_name":"Liars Game","player_choice":"Ignored","floor":10.0,"gold_loss":0.0,"damage_taken":0.0},{"damage_healed":0.0,"max_hp_gain":0.0,"max_hp_loss":0.0,"gold_gain":0.0,"event_name":"Scrap Ooze","player_choice":"Fled","floor":13.0,"gold_loss":0.0,"damage_taken":0.0},{"damage_healed":0.0,"max_hp_gain":0.0,"max_hp_loss":0.0,"gold_gain":0.0,"event_name":"Cursed Tome","player_choice":"Ignored","floor":19.0,"gold_loss":0.0,"damage_taken":0.0},{"damage_healed":0.0,"max_hp_gain":0.0,"max_hp_loss":0.0,"gold_gain":50.0,"event_name":"Nest","player_choice":"Stole From Cult","floor":20.0,"gold_loss":0.0,"damage_taken":0.0},{"damage_healed":0.0,"max_hp_gain":0.0,"max_hp_loss":0.0,"gold_gain":0.0,"cards_transformed":["Strike_G"],"event_name":"Transmorgrifier","player_choice":"Transformed","floor":27.0,"gold_loss":0.0,"damage_taken":0.0,"cards_obtained":["Wraith Form v2"]},{"damage_healed":0,"gold_gain":333,"player_choice":"Gave Idol","damage_taken":0,"max_hp_gain":0,"max_hp_loss":0,"event_name":"The Moai Head","floor":36,"relics_lost":["Golden Idol"],"gold_loss":0},{"damage_healed":0,"gold_gain":0,"player_choice":"Ignored","damage_taken":0,"max_hp_gain":0,"max_hp_loss":0,"event_name":"Tomb of Lord Red Mask","floor":39,"gold_loss":0},{"damage_healed":0,"gold_gain":0,"player_choice":"Trade","damage_taken":0,"relics_obtained":["SsserpentHead"],"max_hp_gain":0,"max_hp_loss":0,"event_name":"FaceTrader","floor":45,"gold_loss":0}],"is_beta":false,"boss_relics":[{"not_picked":["WristBlade","Tiny House"],"picked":"Runic Dome"},{"not_picked":["White Beast Statue","Calling Bell"],"picked":"Coffee Dripper"}],"items_purged_floors":[22,37,42,54],"is_endless":false,"potions_floor_spawned":[3,7,12,21,28,29,31,38,41,47],"ascension_level":20}