{"gold_per_floor":[113,131,149,166,185,185,218,150,176,196,225,242,254,254,254,354,354,373,373,390,7,18,18,34,65,65,77,94,127,127,141,141,240,240,253,215,215,55,1054,1054,1071,1071,1097,1109,1151,908,908,908,908,908],"floor_reached":50,"playtime":5312,"items_purged":["Defend_R","Defend_R"],"score":574,"play_id":"a40781cb-4090-4424-9d46-49b833d94ecf","local_time":"20190804215542","is_ascension_mode":false,"campfire_choices":[{"data":"Cleave","floor":6,"key":"SMITH"},{"floor":15,"key":"REST"},{"floor":23,"key":"REST"},{"floor":32,"key":"REST"},{"floor":40,"key":"REST"},{"data":"Transmutation","floor":42,"key":"SMITH"},{"data":"Flex","floor":44,"key":"SMITH"},{"floor":49,"key":"REST"}],"neow_cost":"NONE","seed_source_timestamp":602774393704000,"circlet_count":0,"master_deck":["Strike_R","Defend_R","Defend_R","Bash","Iron Wave","Pommel Strike","Uppercut","Flex+1","Cleave+1","Shrug It Off","Bludgeon","Double Tap","Thunderclap","Rage","Pommel Strike","Seeing Red","Reaper","Armaments","Shrug It Off","Twin Strike","Armaments","Thunderclap+1","Rage","Warcry+1","Dropkick","Battle Trance","Bloodletting+1","Brutality","Feed+1","Uppercut+1","Entrench+1","Flex","Thunderclap","Transmutation+1","Normality","Normality","Searing Blow","Dropkick+1"],"relics":["Burning Blood","NeowsBlessing","Sundial","Centennial Puzzle","Pen Nib","Busted Crown","Nilry\u0027s Codex","Membership Card","Red Skull","Blood Vial","Potion Belt","Self Forming Clay","Paper Frog","Astrolabe","MawBank","Bottled Lightning","MealTicket","PreservedInsect","Bronze Scales"],"potions_floor_usage":[25],"damage_taken":[{"damage":0,"enemies":"Cultist","floor":1,"turns":1},{"damage":0,"enemies":"Jaw Worm","floor":2,"turns":1},{"damage":0,"enemies":"2 Louse","floor":3,"turns":1},{"damage":11,"enemies":"2 Fungi Beasts","floor":4,"turns":4},{"damage":14,"enemies":"3 Louse","floor":5,"turns":4},{"damage":22,"enemies":"3 Sentries","floor":7,"turns":5},{"damage":7,"enemies":"Looter","floor":10,"turns":3},{"damage":25,"enemies":"Gremlin Nob","floor":11,"turns":5},{"damage":11,"enemies":"Blue Slaver","floor":12,"turns":3},{"damage":6,"enemies":"2 Fungi Beasts","floor":13,"turns":2},{"damage":17,"enemies":"Slime Boss","floor":16,"turns":7},{"damage":0,"enemies":"Spheric Guardian","floor":18,"turns":3},{"damage":16,"enemies":"Shell Parasite","floor":20,"turns":5},{"damage":29,"enemies":"Snake Plant","floor":22,"turns":3},{"damage":31,"enemies":"Sentry and Sphere","floor":24,"turns":4},{"damage":16,"enemies":"Book of Stabbing","floor":25,"turns":4},{"damage":5,"enemies":"Shelled Parasite and Fungi","floor":27,"turns":2},{"damage":9,"enemies":"3 Cultists","floor":28,"turns":5},{"damage":48,"enemies":"Gremlin Leader","floor":29,"turns":4},{"damage":21,"enemies":"Centurion and Healer","floor":31,"turns":4},{"damage":73,"enemies":"Collector","floor":33,"turns":12},{"damage":42,"enemies":"3 Darklings","floor":35,"turns":6},{"damage":7,"enemies":"Orb Walker","floor":41,"turns":2},{"damage":51,"enemies":"Nemesis","floor":45,"turns":5},{"damage":85,"enemies":"Awakened One","floor":50,"turns":11}],"seed_played":"-1027399316564254228","potions_obtained":[{"floor":1,"key":"SpeedPotion"},{"floor":5,"key":"PowerPotion"},{"floor":11,"key":"Poison Potion"},{"floor":24,"key":"FearPotion"},{"floor":25,"key":"SkillPotion"},{"floor":27,"key":"Fire Potion"},{"floor":31,"key":"EssenceOfSteel"}],"is_trial":false,"path_per_floor":["M","M","M","M","M","R","E","$","T","M","E","M","M","?","R","B",null,"M","?","M","$","M","R","M","E","T","M","M","E","?","M","R","B",null,"M","$","?","$","?","R","M","R","T","R","E","$","?","?","R","B"],"character_chosen":"IRONCLAD","items_purchased":["Bludgeon","Membership Card","Red Skull","Blood Vial","Twin Strike","Thunderclap","Transmutation","MealTicket","PreservedInsect","Bronze Scales"],"campfire_rested":5,"item_purchase_floors":[8,21,21,21,21,38,38,46,46,46],"current_hp_per_floor":[80,80,80,75,67,67,51,51,51,50,31,26,26,26,50,39,80,80,64,54,54,33,57,34,36,36,39,79,38,38,34,58,11,80,44,44,44,44,44,68,69,69,69,69,35,35,35,35,59,0],"gold":908,"neow_bonus":"THREE_ENEMY_KILL","is_prod":false,"is_daily":false,"chose_seed":false,"campfire_upgraded":3,"win_rate":0.0,"timestamp":1564977342,"path_taken":["M","M","?","M","M","R","E","$","T","M","E","M","M","?","R","BOSS","M","?","M","$","M","R","M","E","T","M","M","E","?","M","R","BOSS","M","$","?","$","?","R","M","R","T","R","E","?","?","?","R","BOSS"],"build_version":"2019-07-17","purchased_purges":2,"victory":false,"max_hp_per_floor":[80,80,80,80,80,80,80,80,80,80,80,80,80,80,80,80,80,80,80,80,80,80,80,80,80,80,80,80,80,80,80,80,80,80,80,80,80,80,80,80,80,80,80,80,80,80,80,80,80,80],"card_choices":[{"not_picked":["Flex","Rupture"],"picked":"Iron Wave","floor":1},{"not_picked":["Sword Boomerang","Cleave"],"picked":"Pommel Strike","floor":2},{"not_picked":["Pummel","Body Slam"],"picked":"Uppercut","floor":3},{"not_picked":["Reckless Charge","Twin Strike"],"picked":"Flex","floor":4},{"not_picked":["Heavy Blade","Perfected Strike"],"picked":"Cleave","floor":5},{"not_picked":["Reckless Charge","Rupture"],"picked":"Shrug It Off","floor":7},{"not_picked":["Searing Blow","True Grit"],"picked":"Double Tap","floor":10},{"not_picked":["Dual Wield","Body Slam"],"picked":"Thunderclap","floor":11},{"not_picked":["Clash","Wild Strike"],"picked":"Rage","floor":12},{"not_picked":["Twin Strike","True Grit"],"picked":"Pommel Strike","floor":13},{"not_picked":["Fiend Fire","Offering"],"picked":"Reaper","floor":16},{"not_picked":[],"picked":"Armaments","floor":18},{"not_picked":[],"picked":"Shrug It Off","floor":20},{"not_picked":[],"picked":"Armaments","floor":22},{"not_picked":[],"picked":"Whirlwind","floor":24},{"not_picked":[],"picked":"Thunderclap+1","floor":25},{"not_picked":[],"picked":"Rage","floor":27},{"not_picked":[],"picked":"Warcry+1","floor":28},{"not_picked":[],"picked":"Dropkick","floor":29},{"not_picked":[],"picked":"Bloodletting+1","floor":31},{"not_picked":[],"picked":"Brutality","floor":33},{"not_picked":[],"picked":"Flex","floor":35},{"not_picked":[],"picked":"Searing Blow","floor":41},{"not_picked":[],"picked":"Dropkick+1","floor":45}],"player_experience":34289,"relics_obtained":[{"floor":7,"key":"Sundial"},{"floor":9,"key":"Centennial Puzzle"},{"floor":11,"key":"Pen Nib"},{"floor":19,"key":"Nilry\u0027s Codex"},{"floor":25,"key":"Potion Belt"},{"floor":26,"key":"Self Forming Clay"},{"floor":29,"key":"Paper Frog"},{"floor":43,"key":"MawBank"},{"floor":45,"key":"Bottled Lightning"}],"event_choices":[{"damage_healed":0,"gold_gain":0,"cards_transformed":["Strike_R"],"player_choice":"Change","damage_taken":0,"max_hp_gain":0,"max_hp_loss":0,"event_name":"Living Wall","floor":14,"gold_loss":0,"cards_obtained":["Seeing Red"]},{"damage_healed":0,"gold_gain":0,"player_choice":"Obtained Book","damage_taken":16,"max_hp_gain":0,"max_hp_loss":0,"event_name":"Cursed Tome","floor":19,"gold_loss":0},{"damage_healed":0,"gold_gain":0,"player_choice":"Read","damage_taken":0,"max_hp_gain":0,"max_hp_loss":0,"event_name":"The Library","floor":30,"gold_loss":0,"cards_obtained":["Battle Trance"]},{"cards_removed":["Whirlwind"],"damage_healed":0,"gold_gain":0,"player_choice":"Removed Attack","damage_taken":0,"max_hp_gain":0,"max_hp_loss":0,"event_name":"Falling","floor":37,"gold_loss":0},{"damage_healed":0,"gold_gain":999,"player_choice":"Gold","damage_taken":0,"max_hp_gain":0,"max_hp_loss":0,"event_name":"MindBloom","floor":39,"gold_loss":0,"cards_obtained":["Normality","Normality"]},{"damage_healed":0,"gold_gain":0,"player_choice":"Ignored","damage_taken":0,"max_hp_gain":0,"max_hp_loss":0,"event_name":"Tomb of Lord Red Mask","floor":47,"gold_loss":0},{"damage_healed":0,"gold_gain":0,"player_choice":"Ignored","damage_taken":0,"max_hp_gain":0,"max_hp_loss":0,"event_name":"Mysterious Sphere","floor":48,"gold_loss":0}],"is_beta":false,"boss_relics":[{"not_picked":["Fusion Hammer","Coffee Dripper"],"picked":"Busted Crown"},{"not_picked":["Runic Cube","Empty Cage"],"picked":"Astrolabe"}],"items_purged_floors":[36,38],"is_endless":false,"potions_floor_spawned":[1,5,11,16,24,25,27,31,33,41],"killed_by":"Awakened One","ascension_level":0}