{"gold_per_floor":[112,73,248,248,272,316,316,352,352,393,393,407,357,378,378,503,503,523,508,3,18,18,62,76,76,102,138,138,138,181,206,206,331,331,347,680,696,352,364,393,421,433,496,527,539,551,563,36,36,36],"floor_reached":51,"playtime":2446,"items_purged":["Strike_G","Defend_G"],"score":1203,"play_id":"835f9277-da4c-4682-970a-674e2abc97cd","local_time":"20180918221814","is_ascension_mode":true,"campfire_choices":[{"data":"Noxious Fumes","floor":7,"key":"SMITH"},{"data":"Noxious Fumes","floor":11,"key":"SMITH"},{"data":"Footwork","floor":15,"key":"SMITH"},{"data":"Adrenaline","floor":25,"key":"SMITH"},{"data":"Noxious Fumes","floor":32,"key":"SMITH"},{"data":"A Thousand Cuts","floor":42,"key":"SMITH"},{"data":"After Image","floor":45,"key":"SMITH"},{"data":"Blur","floor":49,"key":"SMITH"}],"neow_cost":"NONE","seed_source_timestamp":37247497874744,"circlet_count":0,"master_deck":["Defend_G","Defend_G","Defend_G","Defend_G","Survivor","Neutralize+1","Backflip","Noxious Fumes+1","After Image+1","Footwork+1","Noxious Fumes+1","Backstab+1","Deflect","Slice+1","Adrenaline+1","Outmaneuver+1","Malaise+1","Blur+1","Panache","Noxious Fumes+1","Prepared+1","Escape Plan","Blur+1","Bane+1","Deflect","A Thousand Cuts+1","Blur+1","Noxious Fumes+1","PiercingWail+1","Panache"],"relics":["Ring of the Snake","NeowsBlessing","Prayer Wheel","Unceasing Top","Bird Faced Urn","Bag of Preparation","Astrolabe","Oddly Smooth Stone","MutagenicStrength","Blue Candle","Regal Pillow","Torii","Mango","Sozu","Matryoshka","MawBank","Whetstone","Dream Catcher","Lantern","Toolbox"],"potions_floor_usage":[10,14,14,16,18,19,30,50,50],"damage_taken":[{"damage":0,"enemies":"Small Slimes","floor":1,"turns":1},{"damage":0,"enemies":"Jaw Worm","floor":5,"turns":1},{"damage":0,"enemies":"Gremlin Nob","floor":6,"turns":1},{"damage":14,"enemies":"3 Sentries","floor":8,"turns":8},{"damage":4,"enemies":"Lagavulin","floor":10,"turns":9},{"damage":0,"enemies":"2 Louse","floor":12,"turns":4},{"damage":0,"enemies":"Large Slime","floor":14,"turns":7},{"damage":0,"enemies":"Slime Boss","floor":16,"turns":8},{"damage":5,"enemies":"3 Byrds","floor":18,"turns":4},{"damage":20,"enemies":"2 Thieves","floor":19,"turns":4},{"damage":18,"enemies":"Snake Plant","floor":21,"turns":5},{"damage":4,"enemies":"Slavers","floor":23,"turns":6},{"damage":8,"enemies":"Centurion and Healer","floor":24,"turns":7},{"damage":0,"enemies":"Book of Stabbing","floor":27,"turns":6},{"damage":0,"enemies":"Gremlin Leader","floor":30,"turns":6},{"damage":1,"enemies":"Cultist and Chosen","floor":31,"turns":6},{"damage":0,"enemies":"Automaton","floor":33,"turns":9},{"damage":0,"enemies":"Orb Walker","floor":35,"turns":4},{"damage":0,"enemies":"3 Shapes","floor":37,"turns":3},{"damage":0,"enemies":"Sphere and 2 Shapes","floor":39,"turns":5},{"damage":0,"enemies":"Giant Head","floor":40,"turns":8},{"damage":0,"enemies":"Spire Growth","floor":41,"turns":5},{"damage":11,"enemies":"Reptomancer","floor":44,"turns":6},{"damage":0,"enemies":"Donu and Deca","floor":50,"turns":6}],"seed_played":"-2626672624916203505","potions_obtained":[{"floor":8,"key":"Energy Potion"},{"floor":10,"key":"SkillPotion"},{"floor":12,"key":"FearPotion"},{"floor":14,"key":"LiquidBronze"},{"floor":18,"key":"Swift Potion"},{"floor":21,"key":"SmokeBomb"},{"floor":23,"key":"Swift Potion"},{"floor":27,"key":"Explosive Potion"},{"floor":30,"key":"Dexterity Potion"}],"is_trial":false,"path_per_floor":["M","$","?","?","M","E","R","E","T","E","R","M","?","M","R","B",null,"M","M","$","M","?","E","M","R","T","E","?","?","E","M","R","B",null,"M","?","M","$","M","E","M","R","T","M","R","?","?","$","R","B"],"character_chosen":"THE_SILENT","items_purchased":["Noxious Fumes","Oddly Smooth Stone","Panache","Noxious Fumes","Matryoshka","Lantern","Toolbox","Panache"],"campfire_rested":0,"item_purchase_floors":[2,20,20,20,38,48,48,48],"current_hp_per_floor":[70,70,70,53,53,53,53,39,39,41,41,49,49,57,57,65,70,68,52,52,46,46,54,58,58,58,70,70,70,84,83,83,84,84,84,84,84,84,84,84,84,84,84,80,80,80,80,80,80,84],"gold":36,"neow_bonus":"THREE_ENEMY_KILL","is_prod":false,"is_daily":false,"chose_seed":false,"campfire_upgraded":8,"win_rate":1,"timestamp":1537280294,"path_taken":["M","$","?","?","M","E","R","E","T","E","R","M","?","?","R","BOSS","M","M","$","M","?","E","M","R","T","E","?","?","E","M","R","BOSS","M","?","M","$","M","E","M","R","T","M","R","?","?","$","R","BOSS"],"build_version":"2018-09-06","purchased_purges":2,"victory":true,"max_hp_per_floor":[70,70,70,70,70,70,70,70,70,70,70,70,70,70,70,70,70,70,70,70,70,70,70,70,70,70,70,70,70,84,84,84,84,84,84,84,84,84,84,84,84,84,84,84,84,84,84,84,84,84],"card_choices":[{"not_picked":["Quick Slash","Outmaneuver"],"picked":"Backflip","floor":1},{"not_picked":["Dagger Throw","Poisoned Stab","Acrobatics"],"picked":"SKIP","floor":5},{"not_picked":["Escape Plan","Bouncing Flask"],"picked":"After Image","floor":6},{"not_picked":["PiercingWail","Glass Knife"],"picked":"Footwork","floor":8},{"not_picked":["Blade Dance","Riddle With Holes"],"picked":"Noxious Fumes","floor":10},{"not_picked":["Escape Plan","Dagger Throw"],"picked":"Backstab","floor":12},{"not_picked":["Sucker Punch","Backflip"],"picked":"Deflect","floor":12},{"not_picked":["Acrobatics","Sucker Punch"],"picked":"Slice","floor":14},{"not_picked":["Dagger Spray","Flying Knee"],"picked":"Bane","floor":14},{"not_picked":["Corpse Explosion","Die Die Die"],"picked":"Adrenaline","floor":16},{"not_picked":["Leg Sweep","Poisoned Stab"],"picked":"Blur+1","floor":18},{"not_picked":["All Out Attack+1","Underhanded Strike","PiercingWail"],"picked":"SKIP","floor":18},{"not_picked":["Skewer","Sucker Punch","Dagger Spray"],"picked":"SKIP","floor":19},{"not_picked":["PiercingWail","Reflex","Riddle With Holes"],"picked":"SKIP","floor":19},{"not_picked":["All Out Attack","Underhanded Strike+1"],"picked":"Prepared+1","floor":21},{"not_picked":["Skewer","Backflip","Riddle With Holes"],"picked":"SKIP","floor":21},{"not_picked":["Leg Sweep+1","Expertise","Backflip"],"picked":"SKIP","floor":23},{"not_picked":["Slice","Masterful Stab"],"picked":"Escape Plan","floor":24},{"not_picked":["Tools of the Trade","Deadly Poison","Tactician"],"picked":"SKIP","floor":24},{"not_picked":["Terror","Slice"],"picked":"Blur","floor":27},{"not_picked":["PiercingWail","Underhanded Strike","Dash+1"],"picked":"SKIP","floor":30},{"not_picked":["PiercingWail","Deadly Poison+1"],"picked":"Bane+1","floor":31},{"not_picked":["Slice","Infinite Blades"],"picked":"Deflect","floor":31},{"not_picked":["Phantasmal Killer","Malaise"],"picked":"A Thousand Cuts","floor":33},{"not_picked":["Deflect+1","Deadly Poison+1","Sucker Punch"],"picked":"SKIP","floor":35},{"not_picked":["PiercingWail+1","Quick Slash+1","Heel Hook"],"picked":"SKIP","floor":35},{"not_picked":["Terror","Dash"],"picked":"Blur+1","floor":37},{"not_picked":["Bane+1","Wraith Form v2","Deflect+1"],"picked":"SKIP","floor":37},{"not_picked":["Blade Dance+1","Slice+1","Expertise"],"picked":"SKIP","floor":39},{"not_picked":["Eviscerate+1","Prepared","Quick Slash"],"picked":"SKIP","floor":39},{"not_picked":["Prepared+1","Outmaneuver","Heel Hook+1"],"picked":"SKIP","floor":40},{"not_picked":["Outmaneuver+1","Bane+1"],"picked":"Noxious Fumes+1","floor":41},{"not_picked":["Prepared","All Out Attack"],"picked":"PiercingWail+1","floor":41},{"not_picked":["Eviscerate","Sucker Punch+1","Flechettes+1"],"picked":"SKIP","floor":44},{"not_picked":["Burst","Deadly Poison","Bane"],"picked":"SKIP","floor":44}],"player_experience":15559,"relics_obtained":[{"floor":6,"key":"Prayer Wheel"},{"floor":8,"key":"Unceasing Top"},{"floor":9,"key":"Bird Faced Urn"},{"floor":10,"key":"Bag of Preparation"},{"floor":23,"key":"Blue Candle"},{"floor":26,"key":"Regal Pillow"},{"floor":27,"key":"Torii"},{"floor":30,"key":"Mango"},{"floor":40,"key":"MawBank"},{"floor":43,"key":"Whetstone"},{"floor":43,"key":"Dream Catcher"}],"event_choices":[{"event_name":"Liars Game","player_choice":"agreed","floor":3,"damage_taken":0},{"event_name":"Golden Idol","player_choice":"Take Damage","floor":4,"damage_taken":0},{"event_name":"The Cleric","player_choice":"Card Removal","floor":13,"damage_taken":0},{"event_name":"Drug Dealer","player_choice":"Inject Mutagens","floor":22,"damage_taken":0},{"event_name":"Back to Basics","player_choice":"Elegance","floor":28,"damage_taken":0},{"event_name":"Purifier","player_choice":"One Purge","floor":29,"damage_taken":0},{"event_name":"The Moai Head","player_choice":"Gave Idol","floor":36,"damage_taken":0},{"event_name":"Accursed Blacksmith","player_choice":"Forge","floor":46,"damage_taken":0},{"event_name":"Falling","player_choice":"Removed Attack","floor":47,"damage_taken":0}],"is_beta":false,"boss_relics":[{"not_picked":["Calling Bell","Tiny House"],"picked":"Astrolabe"},{"not_picked":["Fusion Hammer","WristBlade"],"picked":"Sozu"}],"items_purged_floors":[20,38],"is_endless":false,"potions_floor_spawned":[8,10,12,14,18,21,23,27,30,39,41],"ascension_level":2}