{"gold_per_floor":[113,124,124,49,69,69,100,100,100,115,115,127,127,127,127,203,203,222,222,222,11,21,49,60,93,120,137,137],"floor_reached":28,"playtime":1423,"items_purged":[],"score":516,"play_id":"4f19c439-3faf-4531-ab75-e3664bc732d7","local_time":"20190808172951","is_ascension_mode":true,"campfire_choices":[{"data":"Zap","floor":6.0,"key":"SMITH"},{"data":"Hologram","floor":8.0,"key":"SMITH"},{"data":"Dualcast","floor":11.0,"key":"SMITH"},{"data":"Conserve Battery","floor":13.0,"key":"SMITH"},{"data":"Sunder","floor":15.0,"key":"SMITH"}],"neow_cost":"TEN_PERCENT_HP_LOSS","seed_source_timestamp":107141038904334,"circlet_count":0,"master_deck":["AscendersBane","Strike_B","Strike_B+1","Defend_B","Defend_B","Defend_B","Zap+1","Dualcast+1","Ball Lightning","Conserve Battery+1","Sweeping Beam+1","Hologram+1","Rip and Tear","Sunder+1","Hyperbeam","Auto Shields","Undo","Static Discharge","Capacitor","Capacitor","Fission","Doom and Gloom"],"special_seed":0,"relics":["Cracked Core","FossilizedHelix","Calipers","Letter Opener","Emotion Chip","Empty Cage","Lee\u0027s Waffle","StoneCalendar","Anchor","Whetstone"],"potions_floor_usage":[27,28],"damage_taken":[{"damage":0.0,"enemies":"Jaw Worm","floor":1.0,"turns":2.0},{"damage":0.0,"enemies":"2 Louse","floor":2.0,"turns":3.0},{"damage":0.0,"enemies":"Small Slimes","floor":5.0,"turns":2.0},{"damage":13.0,"enemies":"Lagavulin","floor":7.0,"turns":6.0},{"damage":0.0,"enemies":"Blue Slaver","floor":10.0,"turns":3.0},{"damage":8.0,"enemies":"Large Slime","floor":12.0,"turns":4.0},{"damage":24.0,"enemies":"The Guardian","floor":16.0,"turns":10.0},{"damage":11.0,"enemies":"Spheric Guardian","floor":18.0,"turns":4.0},{"damage":0.0,"enemies":"Chosen","floor":22.0,"turns":4.0},{"damage":16.0,"enemies":"Gremlin Leader","floor":23.0,"turns":7.0},{"damage":11.0,"enemies":"3 Cultists","floor":24.0,"turns":4.0},{"damage":44.0,"enemies":"Book of Stabbing","floor":25.0,"turns":5.0},{"damage":2,"enemies":"Centurion and Healer","floor":27,"turns":7},{"damage":8,"enemies":"Snake Plant","floor":28,"turns":2}],"seed_played":"7920182632451055075","potions_obtained":[{"floor":2.0,"key":"EssenceOfSteel"},{"floor":10.0,"key":"Weak Potion"},{"floor":16.0,"key":"EntropicBrew"},{"floor":22.0,"key":"Strength Potion"},{"floor":24.0,"key":"Block Potion"},{"floor":27,"key":"Energy Potion"}],"is_trial":false,"path_per_floor":["M","M","?","?","M","R","E","R","T","M","R","M","R","?","R","B",null,"M","?","?","$","M","E","M","E","T","M","M"],"character_chosen":"DEFECT","items_purchased":["Lee\u0027s Waffle"],"campfire_rested":0,"item_purchase_floors":[21],"current_hp_per_floor":[64,64,46,46,46,46,33,33,33,33,33,25,25,25,25,1,48,37,37,20,76,76,60,49,5,5,3,0],"gold":137,"neow_bonus":"ONE_RARE_RELIC","is_prod":false,"is_daily":false,"chose_seed":false,"campfire_upgraded":5,"win_rate":0,"timestamp":1565278191,"path_taken":["M","M","?","?","M","R","E","R","T","M","R","M","R","?","R","BOSS","M","?","?","?","M","E","M","E","T","M","?"],"build_version":"2019-07-17","purchased_purges":0,"victory":false,"max_hp_per_floor":[64,64,64,64,64,64,64,64,64,64,64,64,64,64,64,64,64,64,64,69,76,76,76,76,76,76,76,76],"card_choices":[{"not_picked":["Turbo","Leap"],"picked":"Ball Lightning","floor":1.0},{"not_picked":["Chaos","Double Energy"],"picked":"Conserve Battery","floor":2.0},{"not_picked":["Barrage","Beam Cell"],"picked":"Sweeping Beam","floor":5.0},{"not_picked":["Compile Driver","Redo"],"picked":"Hologram","floor":7.0},{"not_picked":["Rebound","Turbo"],"picked":"Rip and Tear","floor":10.0},{"not_picked":["Hologram","Storm"],"picked":"Sunder","floor":12.0},{"not_picked":["Multi-Cast","Thunder Strike"],"picked":"Hyperbeam","floor":16.0},{"not_picked":["Stack","Turbo"],"picked":"Auto Shields","floor":18.0},{"not_picked":["Hologram+1","Compile Driver"],"picked":"Static Discharge","floor":22.0},{"not_picked":["Sweeping Beam","Steam"],"picked":"Capacitor","floor":23.0},{"not_picked":["Cold Snap","Darkness"],"picked":"Capacitor","floor":24.0},{"not_picked":["Gash","Tempest"],"picked":"Fission","floor":25.0},{"not_picked":["Tempest","Heatsinks"],"picked":"Doom and Gloom","floor":27}],"player_experience":851292,"relics_obtained":[{"floor":7.0,"key":"Letter Opener"},{"floor":9.0,"key":"Emotion Chip"},{"floor":23.0,"key":"StoneCalendar"},{"floor":25.0,"key":"Anchor"},{"floor":26.0,"key":"Whetstone"}],"event_choices":[{"damage_healed":0.0,"max_hp_gain":0.0,"max_hp_loss":0.0,"gold_gain":0.0,"event_name":"Scrap Ooze","player_choice":"Success","floor":3.0,"gold_loss":0.0,"damage_taken":18.0,"relics_obtained":["Calipers"]},{"cards_removed":["Defend_B"],"damage_healed":0.0,"max_hp_gain":0.0,"max_hp_loss":0.0,"gold_gain":0.0,"event_name":"The Cleric","player_choice":"Card Removal","floor":4.0,"gold_loss":75.0,"damage_taken":0.0},{"damage_healed":0.0,"max_hp_gain":0.0,"max_hp_loss":0.0,"gold_gain":0.0,"event_name":"Liars Game","player_choice":"Ignored","floor":14.0,"gold_loss":0.0,"damage_taken":0.0},{"damage_healed":0.0,"max_hp_gain":0.0,"max_hp_loss":0.0,"gold_gain":0.0,"event_name":"The Library","player_choice":"Read","floor":19.0,"gold_loss":0.0,"damage_taken":0.0,"cards_obtained":["Undo"]},{"damage_healed":0.0,"max_hp_gain":5.0,"max_hp_loss":0.0,"gold_gain":0.0,"event_name":"Forgotten Altar","player_choice":"Shed Blood","floor":20.0,"gold_loss":0.0,"damage_taken":22.0}],"is_beta":false,"boss_relics":[{"not_picked":["Ectoplasm","Tiny House"],"picked":"Empty Cage"}],"items_purged_floors":[],"is_endless":false,"potions_floor_spawned":[2,10,16,22,24,27],"killed_by":"Snake Plant","ascension_level":20}