{"gold_per_floor":[366,37,50,50,0,0,13,13,84,84,98,128,128,158,158,229,229],"floor_reached":17,"playtime":632,"items_purged":["Defend_G"],"score":306,"play_id":"96988d59-6ae0-4d03-98a8-ba0d8b4aa985","local_time":"20190102222010","is_ascension_mode":true,"campfire_choices":[{"data":"Glass Knife","floor":6,"key":"SMITH"},{"data":"Well Laid Plans","floor":8,"key":"SMITH"},{"data":"Neutralize","floor":10,"key":"SMITH"},{"data":"Deadly Poison","floor":13,"key":"SMITH"},{"data":"Reflex","floor":15,"key":"SMITH"}],"neow_cost":"TEN_PERCENT_HP_LOSS","seed_source_timestamp":36025739391473,"circlet_count":0,"master_deck":["AscendersBane","Defend_G","Defend_G","Defend_G","Defend_G","Strike_G","Strike_G","Survivor","Neutralize+1","Well Laid Plans+1","Reflex+1","Glass Knife+1","Deadly Poison+1","Storm of Steel","After Image"],"relics":["Ring of the Snake","Bag of Preparation","Dream Catcher","Odd Mushroom","PreservedInsect","Empty Cage"],"potions_floor_usage":[12],"damage_taken":[{"damage":0,"enemies":"2 Louse","floor":1,"turns":3},{"damage":0,"enemies":"Jaw Worm","floor":3,"turns":4},{"damage":0,"enemies":"Cultist","floor":7,"turns":3},{"damage":0,"enemies":"Exordium Wildlife","floor":11,"turns":4},{"damage":0,"enemies":"The Mushroom Lair","floor":12,"turns":3},{"damage":12,"enemies":"3 Sentries","floor":14,"turns":8},{"damage":30,"enemies":"Hexaghost","floor":16,"turns":10}],"seed_played":"4074930034865401370","potions_obtained":[{"floor":7,"key":"GamblersBrew"},{"floor":11,"key":"Explosive Potion"},{"floor":12,"key":"Block Potion"},{"floor":14,"key":"PowerPotion"}],"is_trial":false,"path_per_floor":["M","$","M","?","?","R","M","R","T","R","M","?","R","E","R","B",null],"character_chosen":"THE_SILENT","items_purchased":["Well Laid Plans","Bag of Preparation"],"campfire_rested":0,"item_purchase_floors":[2,2],"current_hp_per_floor":[59,59,59,59,59,59,59,59,59,59,59,59,59,47,47,17,17],"gold":229,"neow_bonus":"TWO_FIFTY_GOLD","is_prod":false,"is_daily":false,"chose_seed":false,"campfire_upgraded":5,"win_rate":0,"timestamp":1546438810,"path_taken":["M","$","M","?","?","R","?","R","T","R","M","?","R","E","R","BOSS"],"build_version":"2018-12-20","purchased_purges":1,"victory":false,"max_hp_per_floor":[60,60,60,60,60,60,60,60,60,60,60,60,60,60,60,60,60],"card_choices":[{"not_picked":["Poisoned Stab","Prepared","Masterful Stab"],"picked":"SKIP","floor":1},{"not_picked":["Terror","Cloak And Dagger"],"picked":"Reflex","floor":3},{"not_picked":["Expertise","Blade Dance","Deflect"],"picked":"SKIP","floor":7},{"not_picked":["Dagger Throw","Eviscerate"],"picked":"Deadly Poison","floor":11},{"not_picked":["Dodge and Roll","Deflect"],"picked":"Storm of Steel","floor":14},{"not_picked":["Night Terror","Malaise"],"picked":"After Image","floor":16}],"player_experience":1678650,"relics_obtained":[{"floor":12,"key":"Odd Mushroom"},{"floor":14,"key":"PreservedInsect"}],"event_choices":[{"damage_healed":0,"gold_gain":0,"cards_transformed":["Strike_G"],"player_choice":"Change","damage_taken":0,"max_hp_gain":0,"max_hp_loss":0,"event_name":"Living Wall","floor":4,"gold_loss":0,"cards_obtained":["Glass Knife"]},{"damage_healed":0,"gold_gain":0,"player_choice":"Paid Gold","damage_taken":0,"relics_obtained":["Dream Catcher"],"max_hp_gain":0,"max_hp_loss":0,"event_name":"WeMeetAgain","floor":5,"gold_loss":50},{"damage_healed":0,"gold_gain":0,"player_choice":"Fought Mushrooms","damage_taken":0,"max_hp_gain":0,"max_hp_loss":0,"event_name":"Mushrooms","floor":12,"gold_loss":0}],"is_beta":false,"boss_relics":[{"not_picked":["Fusion Hammer","Ectoplasm"],"picked":"Empty Cage"}],"items_purged_floors":[2],"is_endless":false,"potions_floor_spawned":[7,11,12,14],"ascension_level":20}