{"gold_per_floor":[362,208,219,71,90,90,104,104,130,130,130,144,144,163,163,259,259,274,286,286,304,318,318,338,365,365,381,381,38,38,38,38,140,140,154,172,172,186,186,186,11,22,22,122,122,133,162,176,176,176],"floor_reached":51,"playtime":2746,"items_purged":["Strike_B","Defend_B","Defend_B"],"score":766,"play_id":"a2de265c-05f9-4719-81d7-13aad1822645","local_time":"20190612024209","is_ascension_mode":false,"campfire_choices":[{"data":"Sunder","floor":6,"key":"SMITH"},{"data":"Darkness","floor":8,"key":"SMITH"},{"data":"Dualcast","floor":10,"key":"SMITH"},{"data":"Zap","floor":15,"key":"SMITH"},{"data":"Defragment","floor":23,"key":"SMITH"},{"data":"Defragment","floor":28,"key":"SMITH"},{"data":"Capacitor","floor":32,"key":"SMITH"},{"data":"Biased Cognition","floor":40,"key":"SMITH"},{"data":"Skim","floor":45,"key":"SMITH"},{"floor":49,"key":"REST"}],"neow_cost":"PERCENT_DAMAGE","seed_source_timestamp":55468337825371,"circlet_count":0,"master_deck":["Defend_B","Defend_B","Zap+1","Dualcast+1","Sunder+1","Darkness+1","Cold Snap","Glacier+1","Capacitor+1","Defragment+1","Defragment+1","Redo+1","Loop+1","Biased Cognition+1","Undo","Heatsinks+1","Skim+1","Skim+1"],"relics":["Cracked Core","Bag of Preparation","Oddly Smooth Stone","Nuclear Battery","Regal Pillow","Blue Candle","Symbiotic Virus","Inserter","Emotion Chip","Cables"],"potions_floor_usage":[19,22,25,36,38,50,50,50],"damage_taken":[{"damage":6,"enemies":"Cultist","floor":1,"turns":3},{"damage":3,"enemies":"Jaw Worm","floor":3,"turns":3},{"damage":0,"enemies":"Small Slimes","floor":5,"turns":2},{"damage":0,"enemies":"Blue Slaver","floor":7,"turns":4},{"damage":0,"enemies":"Looter","floor":12,"turns":2},{"damage":0,"enemies":"Red Slaver","floor":14,"turns":3},{"damage":0,"enemies":"Slime Boss","floor":16,"turns":5},{"damage":0,"enemies":"Spheric Guardian","floor":18,"turns":2},{"damage":0,"enemies":"2 Thieves","floor":19,"turns":3},{"damage":4,"enemies":"Chosen and Byrds","floor":21,"turns":5},{"damage":6,"enemies":"Centurion and Healer","floor":22,"turns":7},{"damage":0,"enemies":"Cultist and Chosen","floor":24,"turns":4},{"damage":22,"enemies":"Slavers","floor":25,"turns":4},{"damage":0,"enemies":"Sentry and Sphere","floor":27,"turns":4},{"damage":10,"enemies":"Collector","floor":33,"turns":8},{"damage":2,"enemies":"3 Shapes","floor":35,"turns":4},{"damage":7,"enemies":"3 Darklings","floor":36,"turns":5},{"damage":14,"enemies":"Writhing Mass","floor":38,"turns":4},{"damage":2,"enemies":"Spire Growth","floor":42,"turns":3},{"damage":0,"enemies":"Mind Bloom Boss Battle","floor":44,"turns":3},{"damage":0,"enemies":"Jaw Worm Horde","floor":46,"turns":4},{"damage":0,"enemies":"Reptomancer","floor":47,"turns":3},{"damage":0,"enemies":"Maw","floor":48,"turns":4},{"damage":20,"enemies":"Donu and Deca","floor":50,"turns":3}],"seed_played":"5359729568158890726","potions_obtained":[{"floor":1,"key":"Weak Potion"},{"floor":3,"key":"FocusPotion"},{"floor":14,"key":"FocusPotion"},{"floor":19,"key":"Energy Potion"},{"floor":24,"key":"SteroidPotion"},{"floor":25,"key":"FearPotion"},{"floor":35,"key":"AttackPotion"},{"floor":44,"key":"Fire Potion"},{"floor":46,"key":"FocusPotion"}],"is_trial":false,"path_per_floor":["M","$","M","$","M","R","M","R","T","R","?","M","?","M","R","B",null,"M","M","?","M","M","R","M","E","T","M","R","$","?","$","R","B",null,"M","M","?","M","?","R","$","M","T","?","R","M","E","M","R","B",null],"character_chosen":"DEFECT","items_purchased":["Darkness","Bag of Preparation","Symbiotic Virus","Dexterity Potion"],"campfire_rested":1,"item_purchase_floors":[2,4,29,41],"current_hp_per_floor":[48,48,45,45,45,45,45,45,45,45,38,38,23,23,23,23,75,75,75,75,71,65,65,65,43,43,43,43,43,43,43,43,33,75,73,66,66,52,52,52,52,50,50,50,50,50,50,50,75,55],"gold":176,"neow_bonus":"TWO_FIFTY_GOLD","is_prod":false,"is_daily":false,"chose_seed":false,"campfire_upgraded":9,"win_rate":0,"timestamp":1560278529,"path_taken":["M","?","M","$","M","R","M","R","T","R","?","M","?","M","R","BOSS","M","M","?","M","M","R","M","E","T","M","R","$","?","?","R","BOSS","M","M","?","?","?","R","$","?","T","?","R","M","E","M","R","BOSS"],"build_version":"2019-01-23","purchased_purges":3,"victory":true,"max_hp_per_floor":[75,75,75,75,75,75,75,75,75,75,75,75,75,75,75,75,75,75,75,75,75,75,75,75,75,75,75,75,75,75,75,75,75,75,75,75,75,75,75,75,75,75,75,75,75,75,75,75,75,75],"card_choices":[{"not_picked":["Force Field","Fusion"],"picked":"Sunder","floor":1},{"not_picked":["Sweeping Beam","Ball Lightning"],"picked":"Cold Snap","floor":3},{"not_picked":["Ball Lightning","Self Repair"],"picked":"Glacier","floor":5},{"not_picked":["Beam Cell","Stack","Rebound"],"picked":"SKIP","floor":7},{"not_picked":["Amplify","Compile Driver","Streamline"],"picked":"SKIP","floor":12},{"not_picked":["Leap","Coolheaded","Scrape"],"picked":"SKIP","floor":14},{"not_picked":["Gash","Ball Lightning","Blizzard"],"picked":"SKIP","floor":18},{"not_picked":["Hologram+1","All For One"],"picked":"Capacitor","floor":19},{"not_picked":["Ball Lightning","Redo"],"picked":"Defragment","floor":21},{"not_picked":["Compile Driver","Cold Snap"],"picked":"Defragment","floor":22},{"not_picked":["Compile Driver","Turbo"],"picked":"Redo+1","floor":24},{"not_picked":["Tempest","Compile Driver+1"],"picked":"Loop+1","floor":25},{"not_picked":["Darkness","Reprogram","Beam Cell+1"],"picked":"SKIP","floor":27},{"not_picked":["Multi-Cast","Meteor Strike"],"picked":"Biased Cognition","floor":33},{"not_picked":["Stack","Ball Lightning","Steam"],"picked":"SKIP","floor":35},{"not_picked":["Ball Lightning+1","Hologram","Stack"],"picked":"SKIP","floor":36},{"not_picked":["Compile Driver+1","Sweeping Beam"],"picked":"Heatsinks+1","floor":38},{"not_picked":["Melter","Redo+1"],"picked":"Skim+1","floor":42},{"not_picked":["Consume","Redo"],"picked":"Skim","floor":44},{"not_picked":["Go for the Eyes","Fusion","Sunder+1"],"picked":"SKIP","floor":46},{"not_picked":["Electrodynamics","Streamline","Reprogram+1"],"picked":"SKIP","floor":47},{"not_picked":["Electrodynamics","Streamline","Reprogram+1"],"picked":"SKIP","floor":47},{"not_picked":["Stack","Auto Shields","Rebound"],"picked":"SKIP","floor":48}],"player_experience":5080469,"relics_obtained":[{"floor":9,"key":"Oddly Smooth Stone"},{"floor":25,"key":"Regal Pillow"},{"floor":26,"key":"Blue Candle"},{"floor":44,"key":"Emotion Chip"},{"floor":47,"key":"Cables"}],"event_choices":[{"cards_removed":["Strike_B"],"damage_healed":0,"gold_gain":0,"player_choice":"Card Removal","damage_taken":7,"max_hp_gain":0,"max_hp_loss":0,"event_name":"Golden Wing","floor":11,"gold_loss":0},{"damage_healed":0,"gold_gain":0,"player_choice":"Entered Light","damage_taken":15,"max_hp_gain":0,"max_hp_loss":0,"event_name":"Shining Light","floor":13,"gold_loss":0,"cards_upgraded":["Glacier","Strike_B"]},{"cards_removed":["Strike_B"],"damage_healed":0,"gold_gain":0,"player_choice":"Elegance","damage_taken":0,"max_hp_gain":0,"max_hp_loss":0,"event_name":"Back to Basics","floor":20,"gold_loss":0},{"damage_healed":0,"gold_gain":0,"player_choice":"Ignored","damage_taken":0,"max_hp_gain":0,"max_hp_loss":0,"event_name":"Vampires","floor":30,"gold_loss":0},{"damage_healed":0,"gold_gain":0,"cards_transformed":["Strike_B"],"player_choice":"Transformed","damage_taken":0,"max_hp_gain":0,"max_hp_loss":0,"event_name":"Transmorgrifier","floor":37,"gold_loss":0,"cards_obtained":["Undo"]},{"damage_healed":0,"gold_gain":0,"player_choice":"Ignored","damage_taken":0,"max_hp_gain":0,"max_hp_loss":0,"event_name":"SecretPortal","floor":39,"gold_loss":0},{"damage_healed":0,"gold_gain":0,"player_choice":"Fight","damage_taken":0,"max_hp_gain":0,"max_hp_loss":0,"event_name":"MindBloom","floor":44,"gold_loss":0}],"is_beta":false,"boss_relics":[{"not_picked":["Black Star","Orrery"],"picked":"Nuclear Battery"},{"not_picked":["Philosopher\u0027s Stone","Cursed Key"],"picked":"Inserter"}],"items_purged_floors":[2,29,41],"is_endless":false,"potions_floor_spawned":[1,3,14,19,24,25,35,44,46,47],"ascension_level":0}