{"gold_per_floor":[113,56,68,68,68,68,112,37,37,75,75,89,122,135,135,135],"floor_reached":16,"playtime":288,"items_purged":[],"score":286,"play_id":"f245ce16-c250-4ce1-a4ee-3d75cdcadc85","local_time":"20190411204731","is_ascension_mode":true,"campfire_choices":[{"data":"Zap","floor":6.0,"key":"SMITH"},{"data":"Darkness","floor":15.0,"key":"SMITH"}],"neow_cost":"NONE","seed_source_timestamp":201724891538162,"circlet_count":0,"master_deck":["AscendersBane","Strike_B","Strike_B","Strike_B","Strike_B","Defend_B","Defend_B+1","Defend_B+1","Defend_B","Zap+1","Dualcast","Capacitor","Ball Lightning","Fission+1","Chaos","Darkness+1","BootSequence","Heatsinks","Turbo"],"special_seed":0,"relics":["Cracked Core","NeowsBlessing","Golden Idol","War Paint","Gremlin Horn","Lantern","Symbiotic Virus"],"potions_floor_usage":[16],"damage_taken":[{"damage":0.0,"enemies":"Small Slimes","floor":1.0,"turns":1.0},{"damage":0.0,"enemies":"2 Louse","floor":3.0,"turns":1.0},{"damage":0.0,"enemies":"3 Sentries","floor":7.0,"turns":1.0},{"damage":49.0,"enemies":"Gremlin Nob","floor":10.0,"turns":6.0},{"damage":0.0,"enemies":"Cultist","floor":12.0,"turns":2.0},{"damage":7.0,"enemies":"Lagavulin","floor":13.0,"turns":6.0},{"damage":0.0,"enemies":"Exordium Wildlife","floor":14.0,"turns":2.0},{"damage":0,"enemies":"Slime Boss","floor":16,"turns":4}],"seed_played":"8944668543325064010","potions_obtained":[{"floor":1.0,"key":"Ancient Potion"},{"floor":14.0,"key":"Poison Potion"}],"is_trial":false,"path_per_floor":["M","$","M","?","?","R","E","$","T","E","?","M","E","M","R","B"],"character_chosen":"DEFECT","items_purchased":["Ball Lightning","Chaos"],"campfire_rested":0,"item_purchase_floors":[2,8],"current_hp_per_floor":[64,64,64,69,69,69,69,69,69,20,20,20,13,13,13,13],"gold":135,"neow_bonus":"THREE_ENEMY_KILL","is_prod":false,"is_daily":false,"chose_seed":false,"campfire_upgraded":2,"win_rate":0,"timestamp":1554986851,"path_taken":["M","$","M","?","?","R","E","$","T","E","?","?","E","M","R","BOSS"],"build_version":"2019-01-23","purchased_purges":0,"victory":false,"max_hp_per_floor":[71,71,71,76,69,69,69,69,69,69,69,69,69,69,69,69],"card_choices":[{"not_picked":["Scrape","Go for the Eyes"],"picked":"Capacitor","floor":1.0},{"not_picked":["Rebound","Gash","Ball Lightning"],"picked":"SKIP","floor":3.0},{"not_picked":["Stack","Rip and Tear"],"picked":"Fission","floor":7.0},{"not_picked":["Conserve Battery","Rebound"],"picked":"Darkness","floor":10.0},{"not_picked":["FTL","Sweeping Beam"],"picked":"BootSequence","floor":12.0},{"not_picked":["Barrage","Stack"],"picked":"Heatsinks","floor":13.0},{"not_picked":["Steam Power","Sweeping Beam"],"picked":"Turbo","floor":14.0}],"player_experience":1364207,"relics_obtained":[{"floor":7.0,"key":"War Paint"},{"floor":9.0,"key":"Gremlin Horn"},{"floor":10.0,"key":"Lantern"},{"floor":13.0,"key":"Symbiotic Virus"}],"event_choices":[{"damage_healed":0.0,"max_hp_gain":5.0,"max_hp_loss":0.0,"gold_gain":0.0,"event_name":"Big Fish","player_choice":"Donut","floor":4.0,"gold_loss":0.0,"damage_taken":0.0},{"damage_healed":0.0,"max_hp_gain":0.0,"max_hp_loss":7.0,"gold_gain":0.0,"event_name":"Golden Idol","player_choice":"Lose Max HP","floor":5.0,"gold_loss":0.0,"damage_taken":0.0,"relics_obtained":["Golden Idol"]},{"damage_healed":0.0,"max_hp_gain":0.0,"max_hp_loss":0.0,"gold_gain":0.0,"event_name":"Upgrade Shrine","player_choice":"Upgraded","floor":11.0,"gold_loss":0.0,"damage_taken":0.0,"cards_upgraded":["Fission"]}],"is_beta":false,"boss_relics":[],"items_purged_floors":[],"is_endless":false,"potions_floor_spawned":[1,14],"killed_by":"Slime Boss","ascension_level":20}