{"gold_per_floor":[363,363,33,43,43,70,70,84,84,84,5,5,19,52,52,52],"floor_reached":16,"playtime":967,"items_purged":[],"score":216,"play_id":"504f315e-1ba8-4ae8-bc87-edde89479055","local_time":"20190222194347","is_ascension_mode":true,"campfire_choices":[{"floor":7.0,"key":"REST"},{"data":"Rampage","floor":15.0,"key":"SMITH"}],"neow_cost":"PERCENT_DAMAGE","seed_source_timestamp":33239131919070,"circlet_count":0,"master_deck":["AscendersBane","Strike_R","Strike_R","Strike_R","Defend_R","Defend_R","Defend_R","Defend_R","Bash+1","Power Through+1","Rampage+1","Flame Barrier+1","Body Slam+1","True Grit+1","Burning Pact+1","Shockwave+1"],"special_seed":0,"relics":["Burning Blood","Toxic Egg 2","Ancient Tea Set","Boot"],"potions_floor_usage":[16,16],"damage_taken":[{"damage":15.0,"enemies":"Small Slimes","floor":1.0,"turns":4.0},{"damage":7.0,"enemies":"Cultist","floor":4.0,"turns":4.0},{"damage":21.0,"enemies":"Lagavulin","floor":6.0,"turns":7.0},{"damage":1.0,"enemies":"2 Louse","floor":8.0,"turns":3.0},{"damage":9.0,"enemies":"Gremlin Gang","floor":13.0,"turns":5.0},{"damage":17.0,"enemies":"3 Sentries","floor":14.0,"turns":13.0},{"damage":34,"enemies":"Slime Boss","floor":16,"turns":7}],"seed_played":"-5119418905680956886","potions_obtained":[{"floor":1.0,"key":"Dexterity Potion"},{"floor":8.0,"key":"EssenceOfSteel"},{"floor":13.0,"key":"Block Potion"},{"floor":14.0,"key":"FearPotion"}],"is_trial":false,"path_per_floor":["M","?","$","M","?","E","R","M","T","?","$","?","M","E","R","B"],"character_chosen":"IRONCLAD","items_purchased":["Toxic Egg 2","AttackPotion","Body Slam","True Grit+1"],"campfire_rested":1,"item_purchase_floors":[3,3,11,11],"current_hp_per_floor":[41,34,34,33,33,18,40,45,45,45,45,45,42,31,31,0],"gold":52,"neow_bonus":"TWO_FIFTY_GOLD","is_prod":false,"is_daily":false,"chose_seed":false,"campfire_upgraded":1,"win_rate":0,"timestamp":1550835827,"path_taken":["M","?","$","M","?","E","R","?","T","?","$","?","M","E","R","BOSS"],"build_version":"2019-01-23","purchased_purges":0,"victory":false,"max_hp_per_floor":[75,75,75,75,75,75,75,75,75,75,75,75,75,75,75,75],"card_choices":[{"not_picked":["Bloodletting","Warcry","Wild Strike"],"picked":"SKIP","floor":1.0},{"not_picked":["Wild Strike","Perfected Strike"],"picked":"Power Through+1","floor":4.0},{"not_picked":["Intimidate+1","Cleave"],"picked":"Rampage","floor":6.0},{"not_picked":["Cleave","Dual Wield+1","Hemokinesis"],"picked":"SKIP","floor":8.0},{"not_picked":["Heavy Blade","Seeing Red+1"],"picked":"Burning Pact+1","floor":13.0},{"not_picked":["Blood for Blood","Ghostly Armor+1"],"picked":"Shockwave+1","floor":14.0}],"player_experience":3052850,"relics_obtained":[{"floor":6.0,"key":"Ancient Tea Set"},{"floor":14.0,"key":"Boot"}],"event_choices":[{"cards_removed":["Strike_R"],"damage_healed":0.0,"max_hp_gain":0.0,"max_hp_loss":0.0,"gold_gain":0.0,"event_name":"Golden Wing","player_choice":"Card Removal","floor":2.0,"gold_loss":0.0,"damage_taken":7.0},{"damage_healed":0.0,"max_hp_gain":0.0,"max_hp_loss":0.0,"gold_gain":0.0,"event_name":"Upgrade Shrine","player_choice":"Upgraded","floor":5.0,"gold_loss":0.0,"damage_taken":0.0,"cards_upgraded":["Bash"]},{"damage_healed":0.0,"max_hp_gain":0.0,"max_hp_loss":0.0,"gold_gain":0.0,"cards_transformed":["Strike_R"],"event_name":"Living Wall","player_choice":"Change","floor":10.0,"gold_loss":0.0,"damage_taken":0.0,"cards_obtained":["Flame Barrier"]},{"damage_healed":0.0,"max_hp_gain":0.0,"max_hp_loss":0.0,"gold_gain":0.0,"event_name":"Upgrade Shrine","player_choice":"Upgraded","floor":12.0,"gold_loss":0.0,"damage_taken":0.0,"cards_upgraded":["Body Slam"]}],"is_beta":false,"boss_relics":[],"items_purged_floors":[],"is_endless":false,"potions_floor_spawned":[1,8,13,14],"killed_by":"Slime Boss","ascension_level":20}