{"gold_per_floor":[116,133,153,163,163,163,62,87,87,104,120,120,136,154,154,254,254,268,42,62,62,81,81,81,81,81,94,94,94,94,184,184,280,280,300,250,148,168,18,18,46,46,46,46,63,63,0,20,20,20],"floor_reached":51,"playtime":1777,"items_purged":["Strike_G","Strike_G","Strike_G","Defend_G"],"score":702,"play_id":"eef704d9-cb81-4e36-8cb1-01045a9cf00d","local_time":"20181029210544","is_ascension_mode":false,"campfire_choices":[{"data":"Neutralize","floor":6.0,"key":"SMITH"},{"data":"Poisoned Stab","floor":12.0,"key":"SMITH"},{"data":"Poisoned Stab","floor":15.0,"key":"SMITH"},{"data":"Night Terror","floor":23.0,"key":"SMITH"},{"data":"Burst","floor":25.0,"key":"SMITH"},{"data":"Deadly Poison","floor":29.0,"key":"SMITH"},{"data":"Blur","floor":32.0,"key":"SMITH"},{"data":"Well Laid Plans","floor":40.0,"key":"SMITH"},{"data":"Corpse Explosion","floor":42.0,"key":"SMITH"},{"floor":46.0,"key":"DIG"},{"floor":49.0,"key":"REST"}],"neow_cost":"TEN_PERCENT_HP_LOSS","seed_source_timestamp":35976877261602,"circlet_count":0,"master_deck":["Defend_G","Defend_G","Defend_G","Defend_G","Strike_G","Strike_G","Survivor","Neutralize+1","Night Terror+1","Blur+1","Escape Plan","Poisoned Stab+1","All Out Attack","Burst+1","Poisoned Stab+1","Venomology","Deadly Poison+1","Venomology","Well Laid Plans+1","Venomology","Deadly Poison+1","Well Laid Plans+1","Corpse Explosion+1","Noxious Fumes+1","Poisoned Stab+1"],"special_seed":0,"relics":["Ring of the Snake","Shovel","Calipers","Cursed Key","Membership Card","Incense Burner","Eternal Feather","Unceasing Top","Blue Candle","Red Mask"],"potions_floor_usage":[50,50,50,50,50,50,50,50],"damage_taken":[{"damage":3.0,"enemies":"Small Slimes","floor":1.0,"turns":4.0},{"damage":4.0,"enemies":"2 Louse","floor":2.0,"turns":4.0},{"damage":4.0,"enemies":"Cultist","floor":3.0,"turns":7.0},{"damage":12.0,"enemies":"3 Louse","floor":4.0,"turns":6.0},{"damage":14.0,"enemies":"Gremlin Nob","floor":8.0,"turns":4.0},{"damage":3.0,"enemies":"Lots of Slimes","floor":10.0,"turns":7.0},{"damage":13.0,"enemies":"2 Fungi Beasts","floor":11.0,"turns":5.0},{"damage":3.0,"enemies":"Red Slaver","floor":13.0,"turns":5.0},{"damage":7.0,"enemies":"Blue Slaver","floor":14.0,"turns":4.0},{"damage":6.0,"enemies":"Hexaghost","floor":16.0,"turns":9.0},{"damage":3.0,"enemies":"Shell Parasite","floor":18.0,"turns":8.0},{"damage":1.0,"enemies":"3 Byrds","floor":20.0,"turns":6.0},{"damage":1.0,"enemies":"Shelled Parasite and Fungi","floor":22.0,"turns":8.0},{"damage":0.0,"enemies":"Centurion and Healer","floor":27.0,"turns":7.0},{"damage":18.0,"enemies":"Colosseum Slavers","floor":30.0,"turns":5.0},{"damage":6.0,"enemies":"Champ","floor":33.0,"turns":15.0},{"damage":0.0,"enemies":"3 Shapes","floor":35.0,"turns":4.0},{"damage":0.0,"enemies":"Orb Walker","floor":38.0,"turns":4.0},{"damage":27.0,"enemies":"Reptomancer","floor":41.0,"turns":8.0},{"damage":28.0,"enemies":"Jaw Worm Horde","floor":45.0,"turns":3.0},{"damage":24.0,"enemies":"Spire Growth","floor":48.0,"turns":5.0},{"damage":53,"enemies":"Donu and Deca","floor":50,"turns":7}],"seed_played":"2162103235270244754","potions_obtained":[{"floor":1.0,"key":"GhostInAJar"},{"floor":10.0,"key":"Regen Potion"},{"floor":13.0,"key":"EntropicBrew"},{"floor":16.0,"key":"FairyPotion"},{"floor":18.0,"key":"GhostInAJar"},{"floor":33.0,"key":"Explosive Potion"},{"floor":41.0,"key":"Swift Potion"}],"is_trial":false,"path_per_floor":["M","M","M","M","?","R","$","E","T","M","M","R","M","M","R","B",null,"M","$","M","?","M","R","?","R","T","M","T","R","?","?","R","B",null,"M","$","$","M","$","R","E","R","T","$","M","R","?","M","R","B"],"character_chosen":"THE_SILENT","items_purchased":["Poisoned Stab","Membership Card","Deadly Poison","Well Laid Plans","Corpse Explosion"],"campfire_rested":1,"item_purchase_floors":[7,19,19,37,39],"current_hp_per_floor":[60,56,52,40,45,45,45,31,31,28,15,15,12,5,5,11,68,65,65,64,64,63,63,63,63,63,63,63,63,45,33,33,42,68,68,68,68,68,68,68,56,68,68,68,40,55,55,31,66,28],"gold":20,"neow_bonus":"THREE_RARE_CARDS","is_prod":false,"is_daily":false,"chose_seed":false,"campfire_upgraded":9,"win_rate":0,"timestamp":1540818344,"path_taken":["M","M","M","M","?","R","$","E","T","M","M","R","?","M","R","BOSS","M","$","M","?","?","R","?","R","T","M","?","R","?","?","R","BOSS","M","?","$","M","$","R","E","R","T","$","M","R","?","M","R","BOSS"],"build_version":"2018-10-25v2","purchased_purges":4,"victory":true,"max_hp_per_floor":[63,63,63,63,68,68,68,68,68,68,68,68,68,68,68,68,68,68,68,68,68,68,68,68,68,68,68,68,68,68,68,68,68,68,68,68,68,68,68,68,68,68,68,68,68,68,68,68,68,68],"card_choices":[{"not_picked":["Adrenaline","Tools of the Trade"],"picked":"Night Terror","floor":0.0},{"not_picked":["Dodge and Roll","Quick Slash"],"picked":"Blur","floor":1.0},{"not_picked":["Setup","Eviscerate","Accuracy"],"picked":"SKIP","floor":2.0},{"not_picked":["Dodge and Roll","Concentrate","Cloak And Dagger"],"picked":"SKIP","floor":3.0},{"not_picked":["Dodge and Roll","Finisher"],"picked":"Escape Plan","floor":4.0},{"not_picked":["Choke","Cloak And Dagger","Flying Knee"],"picked":"SKIP","floor":8.0},{"not_picked":["Reflex","Cloak And Dagger","Bane"],"picked":"SKIP","floor":10.0},{"not_picked":["Quick Slash","Reflex","All Out Attack"],"picked":"SKIP","floor":11.0},{"not_picked":["Quick Slash","Reflex"],"picked":"All Out Attack","floor":11.0},{"not_picked":["Poisoned Stab","Blur"],"picked":"Burst","floor":13.0},{"not_picked":["Deflect","Blur"],"picked":"Poisoned Stab","floor":14.0},{"not_picked":["Burst","Unload"],"picked":"Venomology","floor":16.0},{"not_picked":["Flying Knee","Underhanded Strike","Endless Agony"],"picked":"SKIP","floor":18.0},{"not_picked":["PiercingWail","Flechettes","Expertise"],"picked":"SKIP","floor":20.0},{"not_picked":["Backstab","Dagger Throw"],"picked":"Well Laid Plans+1","floor":22.0},{"not_picked":["Sucker Punch","Crippling Poison","Underhanded Strike"],"picked":"SKIP","floor":27.0},{"not_picked":["Grand Finale","Glass Knife"],"picked":"Venomology","floor":33.0},{"not_picked":["Bane","Sucker Punch+1"],"picked":"Deadly Poison+1","floor":35.0},{"not_picked":["Blade Dance+1","Skewer+1","Deflect+1"],"picked":"SKIP","floor":38.0},{"not_picked":["Endless Agony+1","Concentrate"],"picked":"Noxious Fumes+1","floor":41.0},{"not_picked":["Choke+1","Cloak And Dagger"],"picked":"Poisoned Stab+1","floor":45.0},{"not_picked":["Prepared+1","Riddle With Holes","Poisoned Stab"],"picked":"SKIP","floor":48.0}],"player_experience":725552,"relics_obtained":[{"floor":8.0,"key":"Shovel"},{"floor":9.0,"key":"Calipers"},{"floor":41.0,"key":"Unceasing Top"},{"floor":46.0,"key":"Blue Candle"}],"event_choices":[{"damage_healed":0.0,"max_hp_gain":5.0,"max_hp_loss":0.0,"gold_gain":0.0,"event_name":"Big Fish","player_choice":"Donut","floor":5.0,"gold_loss":0.0,"damage_taken":0.0},{"damage_healed":0.0,"max_hp_gain":0.0,"max_hp_loss":0.0,"gold_gain":0.0,"event_name":"Duplicator","player_choice":"Copied","floor":21.0,"gold_loss":0.0,"damage_taken":0.0,"cards_obtained":["Venomology"]},{"damage_healed":0.0,"max_hp_gain":0.0,"max_hp_loss":0.0,"gold_gain":0.0,"event_name":"WeMeetAgain","player_choice":"Gave Potion","floor":24.0,"gold_loss":0.0,"damage_taken":0.0,"relics_obtained":["Incense Burner"]},{"damage_healed":0.0,"max_hp_gain":0.0,"max_hp_loss":0.0,"gold_gain":0.0,"event_name":"Colosseum","player_choice":"Fight","floor":30.0,"gold_loss":0.0,"damage_taken":0.0},{"damage_healed":0.0,"max_hp_gain":0.0,"max_hp_loss":0.0,"gold_gain":0.0,"event_name":"Colosseum","player_choice":"Fled From Nobs","floor":30.0,"gold_loss":0.0,"damage_taken":0.0},{"damage_healed":0.0,"max_hp_gain":0.0,"max_hp_loss":0.0,"gold_gain":90.0,"event_name":"Knowing Skull","player_choice":"GOLD ","floor":31.0,"potions_obtained":[],"gold_loss":0.0,"damage_taken":12.0,"cards_obtained":[]},{"damage_healed":0.0,"max_hp_gain":0.0,"max_hp_loss":0.0,"gold_gain":0.0,"event_name":"Tomb of Lord Red Mask","player_choice":"Paid","floor":47.0,"gold_loss":63.0,"damage_taken":0.0,"relics_obtained":["Red Mask"]}],"is_beta":false,"boss_relics":[{"not_picked":["Astrolabe","Calling Bell"],"picked":"Cursed Key"},{"not_picked":["Orrery","Sozu"],"picked":"Eternal Feather"}],"items_purged_floors":[7,36,37,39],"is_endless":false,"potions_floor_spawned":[1,10,13,14,16,18,27,30,33,38,41],"ascension_level":0}