{"gold_per_floor":[113,140,140,140,156,156,167,202,227,239,251,263,292,316,328,417,429,457,421,433,495,106,132,132,132],"floor_reached":25,"playtime":849,"items_purged":["Writhe"],"score":427,"play_id":"36bb353a-085a-43f0-a8b8-39e7223d359e","local_time":"20181007185741","is_ascension_mode":true,"campfire_choices":[{"data":"Cloak And Dagger","floor":6.0,"key":"SMITH"},{"floor":12,"key":"REST"},{"floor":15,"key":"REST"},{"data":"A Thousand Cuts","floor":24,"key":"SMITH"}],"neow_cost":"NONE","seed_source_timestamp":450144234282919,"circlet_count":0,"master_deck":["Defend_G+1","Defend_G","Defend_G","Defend_G","Defend_G","Strike_G","Strike_G","Strike_G+1","Strike_G","Survivor","Neutralize+1","AscendersBane","Cloak And Dagger+1","Dagger Spray","Footwork+1","Predator","Blade Dance","A Thousand Cuts+1","Slice","Burst"],"special_seed":0,"relics":["Ring of the Snake","Juzu Bracelet","Lantern","WarpedTongs","Oddly Smooth Stone","MawBank","Coffee Dripper","Mercury Hourglass","Whetstone","Vajra"],"potions_floor_usage":[16,16,25],"damage_taken":[{"damage":3.0,"enemies":"Cultist","floor":1.0,"turns":4.0},{"damage":0.0,"enemies":"Jaw Worm","floor":5.0,"turns":5.0},{"damage":0.0,"enemies":"Small Slimes","floor":7.0,"turns":4.0},{"damage":25.0,"enemies":"Gremlin Nob","floor":8.0,"turns":5.0},{"damage":0,"enemies":"2 Fungi Beasts","floor":13,"turns":4},{"damage":0,"enemies":"3 Louse","floor":14,"turns":2},{"damage":20,"enemies":"The Guardian","floor":16,"turns":13},{"damage":0,"enemies":"3 Byrds","floor":18,"turns":6},{"damage":9,"enemies":"2 Thieves","floor":19,"turns":5},{"damage":23,"enemies":"Slavers","floor":23,"turns":5},{"damage":28,"enemies":"Book of Stabbing","floor":25,"turns":4}],"seed_played":"1704008101017454354","potions_obtained":[{"floor":5.0,"key":"Block Potion"},{"floor":7.0,"key":"Energy Potion"},{"floor":14,"key":"Fire Potion"},{"floor":16,"key":"SpeedPotion"}],"is_trial":false,"path_per_floor":["M","T","?","?","M","R","M","E","T","?","?","R","M","M","R","B",null,"M","M","?","?","$","E","R"],"character_chosen":"THE_SILENT","items_purchased":["Whetstone","Burst"],"campfire_rested":2,"item_purchase_floors":[22,22],"current_hp_per_floor":[56,56,56,49,49,49,49,24,24,24,4,23,23,23,42,22,55,55,46,46,46,46,23,23,0],"gold":132,"neow_bonus":"RANDOM_COMMON_RELIC","is_prod":false,"is_daily":false,"chose_seed":false,"campfire_upgraded":2,"win_rate":0,"timestamp":1538909861,"path_taken":["M","?","?","?","M","R","M","E","T","?","?","R","M","M","R","BOSS","M","M","?","?","$","E","R","E"],"build_version":"2018-10-04v2","purchased_purges":1,"victory":false,"max_hp_per_floor":[66,66,66,66,66,66,66,66,66,66,66,66,66,66,66,66,66,66,66,66,66,66,66,66,66],"card_choices":[{"not_picked":["Bane","Quick Slash","Sucker Punch"],"picked":"SKIP","floor":1.0},{"not_picked":["Poisoned Stab","Bane"],"picked":"Cloak And Dagger","floor":5.0},{"not_picked":["Blur","Slice"],"picked":"Dagger Spray","floor":7.0},{"not_picked":["Slice","Adrenaline"],"picked":"Footwork","floor":8.0},{"not_picked":["PiercingWail","Sucker Punch"],"picked":"Predator","floor":13},{"not_picked":["Backflip","Backstab"],"picked":"Blade Dance","floor":14},{"not_picked":["Night Terror","Glass Knife"],"picked":"A Thousand Cuts","floor":16},{"not_picked":["Sucker Punch","Dagger Spray","Flying Knee"],"picked":"SKIP","floor":18},{"not_picked":["Heel Hook","Reflex"],"picked":"Slice","floor":19},{"not_picked":["Blade Dance","Slice","Quick Slash"],"picked":"SKIP","floor":23}],"player_experience":214091,"relics_obtained":[{"floor":2.0,"key":"Lantern"},{"floor":8.0,"key":"Oddly Smooth Stone"},{"floor":9.0,"key":"MawBank"},{"floor":23,"key":"Vajra"}],"event_choices":[{"event_name":"Accursed Blacksmith","player_choice":"Rummage","floor":3.0,"damage_taken":0.0},{"event_name":"Golden Wing","player_choice":"Card Removal","floor":4.0,"damage_taken":0.0},{"event_name":"Living Wall","player_choice":"Forget","floor":10,"damage_taken":0},{"event_name":"Shining Light","player_choice":"Entered Light","floor":11,"damage_taken":0},{"event_name":"The Mausoleum","player_choice":"Yes","floor":20,"damage_taken":0},{"event_name":"Nest","player_choice":"Stole From Cult","floor":21,"damage_taken":0}],"is_beta":false,"boss_relics":[{"not_picked":["HoveringKite","White Beast Statue"],"picked":"Coffee Dripper"}],"items_purged_floors":[22],"is_endless":false,"potions_floor_spawned":[5,7,14,16],"killed_by":"Book of Stabbing","ascension_level":19}