{"gold_per_floor":[18,18,35,48,67,93,93,123,123,123,17,17,35,46,46,123,123,138,157,81,91,123,123,143,193,193,193,208,219,169,186,186,263,263,280,299,249,114,169,200,250,250,331,343,360,377,377,402,402,402,402,402,402,101,131,131],"floor_reached":57,"playtime":2433,"items_purged":["Strike_G","Strike_G","Strike_G","Defend_G","Defend_G","Defend_G"],"score":3252,"play_id":"4d138a18-e2f6-409d-bfe5-9aa5be216365","local_time":"20190707103017","is_ascension_mode":true,"campfire_choices":[{"data":"Noxious Fumes","floor":7.0,"key":"SMITH"},{"data":"Neutralize","floor":10.0,"key":"SMITH"},{"data":"Footwork","floor":12.0,"key":"SMITH"},{"data":"Acrobatics","floor":15.0,"key":"SMITH"},{"data":"Acrobatics","floor":23.0,"key":"SMITH"},{"data":"Tactician","floor":27.0,"key":"SMITH"},{"data":"Grand Finale","floor":32.0,"key":"SMITH"},{"data":"Well Laid Plans","floor":42,"key":"SMITH"},{"floor":47,"key":"RECALL"},{"data":"Adrenaline","floor":49,"key":"SMITH"},{"data":"Adrenaline","floor":53,"key":"SMITH"}],"neow_cost":"NO_GOLD","seed_source_timestamp":3517928909523,"circlet_count":0,"master_deck":["AscendersBane","Defend_G","Survivor","Neutralize+1","Noxious Fumes+1","Backflip","Blur","Tactician+1","Footwork+1","Dagger Throw","Acrobatics+1","Grand Finale+1","Acrobatics+1","Adrenaline+1","Well Laid Plans+1","Adrenaline+1"],"special_seed":0,"relics":["Ring of the Snake","Letter Opener","Ancient Tea Set","Smiling Mask","Red Mask","Unceasing Top","Bottled Lightning","Sundial","Anchor","Kunai"],"potions_floor_usage":[56],"damage_taken":[{"damage":1.0,"enemies":"Small Slimes","floor":1.0,"turns":4.0},{"damage":0.0,"enemies":"Cultist","floor":3.0,"turns":4.0},{"damage":0.0,"enemies":"2 Louse","floor":4.0,"turns":4.0},{"damage":1.0,"enemies":"Blue Slaver","floor":5.0,"turns":6.0},{"damage":26.0,"enemies":"3 Sentries","floor":6.0,"turns":10.0},{"damage":20.0,"enemies":"Lagavulin","floor":8.0,"turns":9.0},{"damage":0.0,"enemies":"Lots of Slimes","floor":13.0,"turns":3.0},{"damage":4.0,"enemies":"3 Louse","floor":14.0,"turns":3.0},{"damage":0.0,"enemies":"Hexaghost","floor":16.0,"turns":10.0},{"damage":0.0,"enemies":"Shell Parasite","floor":18.0,"turns":8.0},{"damage":4.0,"enemies":"Chosen","floor":19.0,"turns":7.0},{"damage":1.0,"enemies":"Centurion and Healer","floor":21.0,"turns":4.0},{"damage":20.0,"enemies":"Masked Bandits","floor":22.0,"turns":3.0},{"damage":4.0,"enemies":"Snake Plant","floor":24.0,"turns":4.0},{"damage":0.0,"enemies":"Shelled Parasite and Fungi","floor":28.0,"turns":3.0},{"damage":0.0,"enemies":"Centurion and Healer","floor":29.0,"turns":4.0},{"damage":0.0,"enemies":"Snake Plant","floor":31.0,"turns":2.0},{"damage":0.0,"enemies":"Collector","floor":33.0,"turns":3.0},{"damage":0.0,"enemies":"3 Shapes","floor":35.0,"turns":1.0},{"damage":0.0,"enemies":"Orb Walker","floor":36.0,"turns":5.0},{"damage":0.0,"enemies":"2 Orb Walkers","floor":39.0,"turns":1.0},{"damage":0.0,"enemies":"Giant Head","floor":40.0,"turns":2.0},{"damage":0,"enemies":"4 Shapes","floor":44,"turns":1},{"damage":0,"enemies":"3 Darklings","floor":45,"turns":1},{"damage":0,"enemies":"Transient","floor":46,"turns":6},{"damage":0,"enemies":"Reptomancer","floor":48,"turns":1},{"damage":0,"enemies":"Time Eater","floor":50,"turns":3},{"damage":0,"enemies":"Awakened One","floor":51,"turns":3},{"damage":0,"enemies":"Shield and Spear","floor":55,"turns":1},{"damage":0,"enemies":"The Heart","floor":56,"turns":5}],"seed_played":"2279508773526337861","potions_obtained":[{"floor":1.0,"key":"Weak Potion"},{"floor":6.0,"key":"SpeedPotion"},{"floor":13.0,"key":"Poison Potion"},{"floor":19.0,"key":"Energy Potion"},{"floor":35.0,"key":"PowerPotion"}],"is_trial":false,"path_per_floor":["M","?","M","M","M","E","R","E","T","R","$","R","M","M","R","B",null,"M","M","$","M","?","R","M","?","T","R","M","M","$","M","R","B",null,"M","M","$","$","?","E","?","R","T","M","M","M","R","E","R","B","B",null,"R","$","E","B",null],"character_chosen":"THE_SILENT","items_purchased":["AttackPotion","Acrobatics","Well Laid Plans","Anchor","GhostInAJar"],"campfire_rested":0,"item_purchase_floors":[11,20,38,54,54],"current_hp_per_floor":[58,58,58,58,57,31,31,11,11,11,11,11,11,7,7,7,51,51,47,47,46,26,26,22,22,22,22,22,22,22,22,22,22,55,55,55,55,55,55,55,49,49,49,49,49,49,49,49,49,49,49,62,62,62,62,62],"gold":131,"neow_bonus":"REMOVE_TWO","is_prod":false,"is_daily":false,"chose_seed":false,"campfire_upgraded":10,"win_rate":0,"timestamp":1562466617,"path_taken":["M","?","M","M","M","E","R","E","T","R","$","R","M","?","R","BOSS","M","M","$","M","?","R","M","?","T","R","M","M","$","M","R","BOSS","M","M","?","$","?","E","?","R","T","?","M","M","R","E","R","BOSS","BOSS","R","$","E","BOSS"],"build_version":"2019-07-05","purchased_purges":6,"victory":true,"max_hp_per_floor":[66,66,66,66,66,66,66,66,66,66,66,66,66,66,66,66,66,66,66,66,66,66,66,66,66,66,66,66,66,66,66,66,66,66,66,66,66,66,66,66,66,66,66,66,66,66,66,66,66,66,66,66,66,66,66,66],"card_choices":[{"not_picked":["Bane","Acrobatics"],"picked":"Noxious Fumes","floor":1.0},{"not_picked":["Outmaneuver","Sucker Punch","Acrobatics"],"picked":"SKIP","floor":3.0},{"not_picked":["Endless Agony","Skewer"],"picked":"Backflip","floor":4.0},{"not_picked":["Slice","Acrobatics"],"picked":"Blur","floor":5.0},{"not_picked":["A Thousand Cuts","Endless Agony"],"picked":"Tactician","floor":6.0},{"not_picked":["Poisoned Stab","Dodge and Roll"],"picked":"Footwork","floor":8.0},{"not_picked":["Outmaneuver","Dodge and Roll","Dagger Throw"],"picked":"SKIP","floor":13.0},{"not_picked":["Outmaneuver","Dodge and Roll"],"picked":"Dagger Throw","floor":13.0},{"not_picked":["Riddle With Holes","Slice"],"picked":"Acrobatics","floor":14.0},{"not_picked":["Adrenaline","Doppelganger"],"picked":"Grand Finale","floor":16.0},{"not_picked":["Quick Slash","Flechettes","Catalyst+1"],"picked":"SKIP","floor":18.0},{"not_picked":["Prepared","Flying Knee","Blade Dance"],"picked":"SKIP","floor":19.0},{"not_picked":["Dash","Terror","Sucker Punch"],"picked":"SKIP","floor":21.0},{"not_picked":["Concentrate","Dagger Spray+1","Die Die Die"],"picked":"SKIP","floor":24.0},{"not_picked":["Deflect","Prepared","Acrobatics"],"picked":"SKIP","floor":28.0},{"not_picked":["Backflip","Escape Plan","Underhanded Strike"],"picked":"SKIP","floor":29.0},{"not_picked":["Blade Dance","Tactician","Flechettes+1"],"picked":"SKIP","floor":31.0},{"not_picked":["A Thousand Cuts","Storm of Steel"],"picked":"Adrenaline","floor":33.0},{"not_picked":["Deadly Poison","Cloak And Dagger","Flechettes"],"picked":"SKIP","floor":35.0},{"not_picked":["Acrobatics","Bane","Endless Agony+1"],"picked":"SKIP","floor":36.0},{"not_picked":["Outmaneuver","Quick Slash","Dagger Spray"],"picked":"SKIP","floor":40.0},{"not_picked":["Backflip","Concentrate","Masterful Stab"],"picked":"SKIP","floor":44},{"not_picked":["Blade Dance","Choke+1"],"picked":"Adrenaline","floor":45},{"not_picked":["Distraction","Masterful Stab","Outmaneuver+1"],"picked":"SKIP","floor":46},{"not_picked":["Poisoned Stab","Deflect+1","Underhanded Strike"],"picked":"SKIP","floor":48},{"not_picked":["Reflex","Dagger Spray","Endless Agony"],"picked":"SKIP","floor":55}],"player_experience":5701425,"relics_obtained":[{"floor":6.0,"key":"Letter Opener"},{"floor":8.0,"key":"Ancient Tea Set"},{"floor":9.0,"key":"Smiling Mask"},{"floor":22.0,"key":"Red Mask"},{"floor":39.0,"key":"Unceasing Top"},{"floor":40.0,"key":"Bottled Lightning"},{"floor":48,"key":"Sundial"},{"floor":55,"key":"Kunai"}],"event_choices":[{"cards_removed":["Strike_G"],"damage_healed":0.0,"max_hp_gain":0.0,"max_hp_loss":0.0,"gold_gain":0.0,"event_name":"Purifier","player_choice":"Purged","floor":2.0,"gold_loss":0.0,"damage_taken":0.0},{"damage_healed":0.0,"max_hp_gain":0.0,"max_hp_loss":0.0,"gold_gain":0.0,"event_name":"Masked Bandits","player_choice":"Fought Bandits","floor":22.0,"gold_loss":0.0,"damage_taken":0.0},{"damage_healed":0.0,"max_hp_gain":0.0,"max_hp_loss":0.0,"gold_gain":50.0,"event_name":"Golden Shrine","player_choice":"Pray","floor":25.0,"gold_loss":0.0,"damage_taken":0.0},{"damage_healed":0.0,"max_hp_gain":0.0,"max_hp_loss":0.0,"gold_gain":0.0,"event_name":"Mysterious Sphere","player_choice":"Fight","floor":39.0,"gold_loss":0.0,"damage_taken":0.0},{"damage_healed":0,"gold_gain":50,"player_choice":"Touch","damage_taken":6,"max_hp_gain":0,"max_hp_loss":0,"event_name":"FaceTrader","floor":41,"gold_loss":0}],"is_beta":false,"boss_relics":[{"not_picked":["Philosopher\u0027s Stone","Calling Bell","Busted Crown"]},{"not_picked":["Pandora\u0027s Box","Velvet Choker","Fusion Hammer"]}],"items_purged_floors":[11,20,30,37,38,54],"is_endless":false,"potions_floor_spawned":[1,6,13,19,22,28,29,35,39,46],"ascension_level":20}