{"gold_per_floor":[113,126,38,38,50,75,75,75,75,86,86,111,111],"floor_reached":13,"playtime":402,"items_purged":[],"score":166,"play_id":"8cf04a31-d4b0-496f-865c-9cf42d8d70d4","local_time":"20190131145402","is_ascension_mode":true,"campfire_choices":[{"data":"Bouncing Flask","floor":7.0,"key":"SMITH"}],"neow_cost":"NONE","seed_source_timestamp":10109117628469,"circlet_count":0,"master_deck":["AscendersBane","Defend_G","Defend_G","Defend_G","Defend_G","Defend_G","Strike_G","Strike_G","Strike_G","Strike_G","Strike_G","Survivor","Neutralize","Flying Knee","Acrobatics","Bouncing Flask+1","Prepared","Footwork"],"special_seed":0,"relics":["Ring of the Snake","NeowsBlessing","Bird Faced Urn","Shovel","Golden Idol","Odd Mushroom"],"potions_floor_usage":[13,13],"damage_taken":[{"damage":0.0,"enemies":"2 Louse","floor":1.0,"turns":1.0},{"damage":0.0,"enemies":"Small Slimes","floor":2.0,"turns":1.0},{"damage":0.0,"enemies":"Jaw Worm","floor":5.0,"turns":1.0},{"damage":32.0,"enemies":"Gremlin Nob","floor":6.0,"turns":4.0},{"damage":12,"enemies":"2 Fungi Beasts","floor":10,"turns":4},{"damage":28,"enemies":"The Mushroom Lair","floor":12,"turns":5},{"damage":35,"enemies":"3 Sentries","floor":13,"turns":9}],"seed_played":"-4947573766034980843","potions_obtained":[{"floor":1.0,"key":"Weak Potion"},{"floor":5.0,"key":"SneckoOil"},{"floor":6.0,"key":"SpeedPotion"},{"floor":10,"key":"Regen Potion"}],"is_trial":false,"path_per_floor":["M","M","$","?","M","E","R","?","T","M","?","?","E"],"character_chosen":"THE_SILENT","items_purchased":["Bouncing Flask"],"campfire_rested":0,"item_purchase_floors":[3],"current_hp_per_floor":[59,59,59,59,59,27,27,49,49,37,37,11,0],"gold":111,"neow_bonus":"THREE_ENEMY_KILL","is_prod":false,"is_daily":false,"chose_seed":false,"campfire_upgraded":1,"win_rate":0,"timestamp":1548917642,"path_taken":["M","M","$","?","M","E","R","?","T","M","?","?","E"],"build_version":"2019-01-23","purchased_purges":0,"victory":false,"max_hp_per_floor":[66,66,66,66,66,66,66,66,66,66,60,60,60],"card_choices":[{"not_picked":["Finisher","Prepared"],"picked":"Flying Knee","floor":1.0},{"not_picked":["Prepared","Night Terror"],"picked":"Acrobatics","floor":2.0},{"not_picked":["Heel Hook","Endless Agony"],"picked":"Prepared","floor":5.0},{"not_picked":["Flechettes","Backflip","Accuracy"],"picked":"SKIP","floor":6.0},{"not_picked":["Masterful Stab","Dagger Throw"],"picked":"Footwork","floor":10}],"player_experience":1400285,"relics_obtained":[{"floor":6.0,"key":"Bird Faced Urn"},{"floor":9,"key":"Shovel"},{"floor":12,"key":"Odd Mushroom"}],"event_choices":[{"damage_healed":0.0,"max_hp_gain":0.0,"max_hp_loss":0.0,"gold_gain":0.0,"event_name":"The Cleric","player_choice":"Leave","floor":4.0,"gold_loss":0.0,"damage_taken":0.0},{"damage_healed":22,"gold_gain":0,"player_choice":"Banana","damage_taken":0,"max_hp_gain":0,"max_hp_loss":0,"event_name":"Big Fish","floor":8,"gold_loss":0},{"damage_healed":0,"gold_gain":0,"player_choice":"Lose Max HP","damage_taken":0,"relics_obtained":["Golden Idol"],"max_hp_gain":0,"max_hp_loss":6,"event_name":"Golden Idol","floor":11,"gold_loss":0},{"damage_healed":0,"gold_gain":0,"player_choice":"Fought Mushrooms","damage_taken":0,"max_hp_gain":0,"max_hp_loss":0,"event_name":"Mushrooms","floor":12,"gold_loss":0}],"is_beta":true,"boss_relics":[],"items_purged_floors":[],"is_endless":false,"potions_floor_spawned":[1,5,6,10],"killed_by":"3 Sentries","ascension_level":20}