{"gold_per_floor":[119,138,155,173,183,215,22,22,46,46,57,57,69,86,86,182,182,192,204,129,147,147,147],"floor_reached":23,"playtime":3616,"items_purged":["Strike_R"],"score":227,"play_id":"941ee72d-04ed-4f7d-a1bc-dd9730698f1f","local_time":"20190716184056","is_ascension_mode":true,"campfire_choices":[{"data":"Apotheosis","floor":8,"key":"SMITH"},{"data":"Hemokinesis","floor":10,"key":"SMITH"},{"floor":15,"key":"REST"}],"neow_cost":"NONE","seed_source_timestamp":208018104554222,"circlet_count":0,"master_deck":["Strike_R","Strike_R","Strike_R","Defend_R","Defend_R","Defend_R","Defend_R","Bash","Heavy Blade","Sever Soul","Shrug It Off","Hemokinesis+1","Flex","Headbutt","Apotheosis+1","Double Tap","Dark Embrace","Clash","Battle Trance","Offering","Headbutt+1","Warcry+1","Clash+1"],"relics":["Burning Blood","Centennial Puzzle","Singing Bowl","Regal Pillow","Velvet Choker"],"potions_floor_usage":[6,23,23,23,23,23,23],"damage_taken":[{"damage":2,"enemies":"2 Louse","floor":1,"turns":3},{"damage":1,"enemies":"Cultist","floor":2,"turns":4},{"damage":4,"enemies":"Small Slimes","floor":3,"turns":3},{"damage":28,"enemies":"Exordium Wildlife","floor":4,"turns":6},{"damage":7,"enemies":"Looter","floor":5,"turns":4},{"damage":17,"enemies":"3 Sentries","floor":6,"turns":6},{"damage":15,"enemies":"Blue Slaver","floor":11,"turns":2},{"damage":4,"enemies":"2 Fungi Beasts","floor":13,"turns":2},{"damage":2,"enemies":"Exordium Wildlife","floor":14,"turns":2},{"damage":64,"enemies":"The Guardian","floor":16,"turns":8},{"damage":8,"enemies":"Spheric Guardian","floor":18,"turns":2},{"damage":0,"enemies":"Chosen","floor":19,"turns":3},{"damage":37,"enemies":"Sentry and Sphere","floor":21,"turns":4},{"damage":54,"enemies":"Gremlin Leader","floor":23,"turns":4}],"seed_played":"-6141423776139741033","potions_obtained":[{"floor":1,"key":"EntropicBrew"},{"floor":4,"key":"SpeedPotion"},{"floor":5,"key":"Explosive Potion"},{"floor":13,"key":"Strength Potion"},{"floor":14,"key":"Swift Potion"},{"floor":16,"key":"Swift Potion"}],"is_trial":false,"path_per_floor":["M","M","M","M","M","E","$","R","T","R","M","?","M","M","R","B",null,"M","M","$","M","?","E"],"character_chosen":"IRONCLAD","items_purchased":["Apotheosis"],"campfire_rested":1,"item_purchase_floors":[7],"current_hp_per_floor":[80,80,80,58,57,46,46,46,46,46,37,37,39,43,80,22,80,78,80,80,49,49,0],"gold":147,"neow_bonus":"RANDOM_COMMON_RELIC","is_prod":false,"is_daily":false,"chose_seed":false,"campfire_upgraded":2,"win_rate":0,"timestamp":1563320456,"path_taken":["M","M","M","M","M","E","$","R","T","R","M","?","M","M","R","BOSS","M","M","$","?","?","E"],"build_version":"2019-07-05","purchased_purges":1,"victory":false,"max_hp_per_floor":[80,80,80,80,80,80,80,80,80,80,80,80,80,80,80,80,80,80,80,80,80,80,80],"card_choices":[{"not_picked":["Spot Weakness","Wild Strike"],"picked":"Heavy Blade","floor":1},{"not_picked":["Entrench","Fire Breathing"],"picked":"Sever Soul","floor":2},{"not_picked":["Wild Strike","Cleave"],"picked":"Shrug It Off","floor":3},{"not_picked":["Thunderclap","Inflame"],"picked":"Hemokinesis","floor":4},{"not_picked":["Warcry","Thunderclap"],"picked":"Flex","floor":5},{"not_picked":["Spot Weakness","Bloodletting"],"picked":"Headbutt","floor":6},{"not_picked":["Seeing Red","Flame Barrier"],"picked":"Double Tap","floor":11},{"not_picked":["Sword Boomerang","Cleave"],"picked":"Clash","floor":13},{"not_picked":["Headbutt","Iron Wave"],"picked":"Battle Trance","floor":14},{"not_picked":["Reaper","Juggernaut"],"picked":"Offering","floor":16},{"not_picked":["Cleave","Thunderclap+1"],"picked":"Headbutt+1","floor":18},{"not_picked":["Clothesline","Burning Pact+1"],"picked":"Warcry+1","floor":19},{"not_picked":["Armaments","Thunderclap"],"picked":"Clash+1","floor":21}],"player_experience":199832,"relics_obtained":[{"floor":6,"key":"Singing Bowl"},{"floor":9,"key":"Regal Pillow"}],"event_choices":[{"damage_healed":0,"gold_gain":0,"cards_transformed":["Strike_R"],"player_choice":"Transformed","damage_taken":0,"max_hp_gain":0,"max_hp_loss":0,"event_name":"Transmorgrifier","floor":12,"gold_loss":0,"cards_obtained":["Dark Embrace"]},{"damage_healed":0,"gold_gain":0,"player_choice":"Ignored","damage_taken":0,"max_hp_gain":0,"max_hp_loss":0,"event_name":"Ghosts","floor":22,"gold_loss":0}],"is_beta":false,"boss_relics":[{"not_picked":["Runic Pyramid","Astrolabe"],"picked":"Velvet Choker"}],"items_purged_floors":[20],"is_endless":false,"potions_floor_spawned":[1,4,5,13,14,16,18],"killed_by":"Gremlin Leader","ascension_level":3}