{"gold_per_floor":[110,120,45,45,57,57,91,91,169,169,182,214,214,234,234,339,339,350,350,550,560,577,577,589,619,619,619,630,630,157,157,157,256,256,271,271,290,93,93,120,120,132,158,169,181,195,195,46,46,46],"floor_reached":51,"playtime":2682,"items_purged":["Defend_B","Strike_B","Defend_B"],"score":707,"play_id":"1f3d4205-a11c-49f5-b0ff-2da8b683bfdf","local_time":"20180626190937","is_ascension_mode":false,"campfire_choices":[{"data":"Zap","floor":6,"key":"SMITH"},{"data":"Fusion","floor":8,"key":"SMITH"},{"data":"Self Repair","floor":10,"key":"SMITH"},{"data":"Dualcast","floor":13,"key":"SMITH"},{"data":"Self Repair","floor":15,"key":"SMITH"},{"floor":23,"key":"REST"},{"floor":27,"key":"REST"},{"floor":32,"key":"REST"},{"floor":49,"key":"REST"}],"neow_cost":"NONE","seed_source_timestamp":2714753653506,"circlet_count":0,"master_deck":["Zap+1","Dualcast+1","Hello World+1","Seek+1","Static Discharge+1","Fusion+1","Streamline+1","Self Repair+1","Reboot+1","Self Repair+1","Self Repair+1","Thunder Strike+1","White Noise+1","Beam Cell+1","Tempest+1","Defragment+1","White Noise+1","Hologram+1","Force Field+1","Echo Form+1","Undo+1","Fusion+1","Reinforced Body+1","Storm+1","Madness+1","Madness+1","Glacier+1","Double Energy+1"],"special_seed":17708,"relics":["Astrolabe","Vajra","Bottled Tornado","Pen Nib","Fusion Hammer","DataDisk","Regal Pillow","Incense Burner","Orrery","Thread and Needle","Mercury Hourglass","War Paint","Mark of the Bloom","Orichalcum"],"potions_floor_usage":[7,33,42,50,50,50],"damage_taken":[{"damage":6,"enemies":"Jaw Worm","floor":1,"turns":3},{"damage":1,"enemies":"Cultist","floor":2,"turns":4},{"damage":11,"enemies":"2 Louse","floor":5,"turns":2},{"damage":8,"enemies":"Gremlin Nob","floor":7,"turns":3},{"damage":21,"enemies":"Large Slime","floor":11,"turns":4},{"damage":11,"enemies":"Lagavulin","floor":12,"turns":6},{"damage":24,"enemies":"Blue Slaver","floor":14,"turns":2},{"damage":27,"enemies":"Hexaghost","floor":16,"turns":6},{"damage":7,"enemies":"3 Byrds","floor":18,"turns":2},{"damage":27,"enemies":"Chosen","floor":21,"turns":4},{"damage":21,"enemies":"Centurion and Healer","floor":22,"turns":4},{"damage":21,"enemies":"Snake Plant","floor":24,"turns":3},{"damage":22,"enemies":"Gremlin Leader","floor":25,"turns":4},{"damage":23,"enemies":"Snecko","floor":28,"turns":4},{"damage":33,"enemies":"Automaton","floor":33,"turns":6},{"damage":35,"enemies":"3 Darklings","floor":35,"turns":4},{"damage":28,"enemies":"Orb Walker","floor":37,"turns":3},{"damage":45,"enemies":"Nemesis","floor":40,"turns":6},{"damage":15,"enemies":"Sphere and 2 Shapes","floor":42,"turns":4},{"damage":0,"enemies":"Maw","floor":44,"turns":7},{"damage":22,"enemies":"3 Darklings","floor":45,"turns":3},{"damage":24,"enemies":"4 Shapes","floor":46,"turns":4},{"damage":42,"enemies":"Awakened One","floor":50,"turns":6}],"seed_played":"-2375268203408481158","potions_obtained":[{"floor":1,"key":"Ancient Potion"},{"floor":5,"key":"Fire Potion"},{"floor":11,"key":"Energy Potion"},{"floor":14,"key":"Fire Potion"},{"floor":18,"key":"Regen Potion"},{"floor":35,"key":"LiquidBronze"},{"floor":42,"key":"FocusPotion"},{"floor":44,"key":"PowerPotion"}],"is_trial":false,"path_per_floor":["M","M","$","?","M","R","E","R","T","R","M","E","R","M","R","B",null,"M","?","?","M","M","R","M","E","T","R","M","?","$","?","R","B",null,"M","$","M","$","?","E","T","M","T","M","M","M","?","$","R","B"],"character_chosen":"DEFECT","items_purchased":["Incense Burner","Force Field","Storm","Orichalcum"],"campfire_rested":4,"item_purchase_floors":[30,30,38,48],"current_hp_per_floor":[69,68,68,68,57,57,56,56,56,56,45,44,44,37,37,37,75,75,75,75,65,71,75,75,75,75,75,69,53,53,46,75,73,75,67,67,66,66,57,39,39,56,56,75,75,75,75,75,75,33],"gold":46,"neow_bonus":"BOSS_RELIC","is_prod":false,"is_daily":false,"chose_seed":false,"campfire_upgraded":5,"win_rate":0,"timestamp":1530032977,"path_taken":["M","M","$","?","M","R","E","R","T","R","M","E","R","M","R","BOSS","M","?","?","M","M","R","?","E","T","R","M","?","$","?","R","BOSS","M","$","M","$","?","E","?","M","T","M","M","M","?","?","R","BOSS"],"build_version":"2018-06-21v2","purchased_purges":3,"victory":true,"max_hp_per_floor":[75,75,75,75,75,75,75,75,75,75,75,75,75,75,75,75,75,75,75,75,75,75,75,75,75,75,75,75,75,75,75,75,75,75,75,75,75,75,75,75,75,75,75,75,75,75,75,75,75,75],"card_choices":[{"not_picked":["Barrage","Rebound"],"picked":"Fusion","floor":1},{"not_picked":["Barrage","Static Discharge"],"picked":"Streamline","floor":2},{"not_picked":["Rebound","Gash"],"picked":"Self Repair","floor":5},{"not_picked":["Compile Driver","FTL"],"picked":"Reboot","floor":7},{"not_picked":["Cold Snap","Gash","Stack"],"picked":"SKIP","floor":11},{"not_picked":["Leap","Ball Lightning"],"picked":"Self Repair","floor":12},{"not_picked":["Recycle","Steam"],"picked":"Self Repair","floor":14},{"not_picked":["Core Surge","Hyperbeam"],"picked":"Thunder Strike","floor":16},{"not_picked":["Cold Snap+1","Auto Shields+1"],"picked":"White Noise","floor":18},{"not_picked":["Heatsinks","Rip and Tear"],"picked":"Beam Cell","floor":21},{"not_picked":["Heatsinks","Sweeping Beam+1"],"picked":"Tempest","floor":22},{"not_picked":["Turbo","Compile Driver"],"picked":"Defragment+1","floor":24},{"not_picked":["Blizzard","Steam Power+1"],"picked":"White Noise","floor":25},{"not_picked":["Sweeping Beam","Genetic Algorithm"],"picked":"Hologram+1","floor":28},{"not_picked":["Biased Cognition","Seek"],"picked":"Echo Form","floor":33},{"not_picked":["Hologram","Stack"],"picked":"Undo+1","floor":34},{"not_picked":["Beam Cell","Reprogram"],"picked":"Fusion+1","floor":34},{"not_picked":["Coolheaded+1","Streamline","Auto Shields+1"],"picked":"SKIP","floor":35},{"not_picked":["Compile Driver+1","Self Repair"],"picked":"Reinforced Body+1","floor":37},{"not_picked":["Core Surge","Stack","Chill"],"picked":"SKIP","floor":40},{"not_picked":["Streamline","Sweeping Beam","Rebound"],"picked":"SKIP","floor":42},{"not_picked":["Loop","Rebound","Turbo+1"],"picked":"SKIP","floor":44},{"not_picked":["Stack","Hello World+1"],"picked":"Glacier+1","floor":45},{"not_picked":["Turbo","Go for the Eyes+1"],"picked":"Double Energy","floor":46}],"player_experience":291198,"relics_obtained":[{"floor":7,"key":"Vajra"},{"floor":9,"key":"Bottled Tornado"},{"floor":12,"key":"Pen Nib"},{"floor":25,"key":"DataDisk"},{"floor":26,"key":"Regal Pillow"},{"floor":40,"key":"Thread and Needle"},{"floor":41,"key":"Mercury Hourglass"},{"floor":43,"key":"War Paint"}],"event_choices":[{"event_name":"Bonfire Elementals","player_choice":"BASIC","floor":4,"damage_taken":0},{"event_name":"Back to Basics","player_choice":"Elegance","floor":19,"damage_taken":0},{"event_name":"The Joust","player_choice":"Bet on Owner","floor":20,"damage_taken":0},{"event_name":"Cursed Tome","player_choice":"Obtained Book","floor":29,"damage_taken":0},{"event_name":"Wheel of Change","player_choice":"Damage","floor":31,"damage_taken":0},{"event_name":"Winding Halls","player_choice":"Embrace Madness","floor":39,"damage_taken":0},{"event_name":"MindBloom","player_choice":"Upgrade","floor":47,"damage_taken":0}],"boss_relics":[{"not_picked":["Eternal Feather","Velvet Choker"],"picked":"Fusion Hammer"},{"not_picked":["Runic Dome","Calling Bell"],"picked":"Orrery"}],"items_purged_floors":[3,30,38],"is_endless":false,"potions_floor_spawned":[1,5,11,14,18,24,28,35,42,44,46],"ascension_level":0}