{"gold_per_floor":[118,128,144,159,178,178,62,62,62,62,75,90,90,104,104,104],"floor_reached":16,"playtime":494,"items_purged":["Strike_G"],"score":192,"play_id":"35ff3b2e-ee56-4fb1-9ee6-a975fe9e5a16","local_time":"20190105113127","is_ascension_mode":true,"campfire_choices":[{"data":"Footwork","floor":6.0,"key":"SMITH"},{"data":"Neutralize","floor":10,"key":"SMITH"},{"data":"Neutralize","floor":13,"key":"SMITH"},{"data":"Footwork","floor":15,"key":"SMITH"}],"neow_cost":"NONE","seed_source_timestamp":3609645970006,"circlet_count":0,"master_deck":["AscendersBane","Defend_G","Defend_G","Defend_G","Defend_G","Defend_G","Strike_G","Strike_G","Strike_G","Strike_G","Survivor","Neutralize+1","Backflip","Masterful Stab","Footwork+1","Footwork+1","Footwork","Tools of the Trade","Neutralize+1","Dodge and Roll"],"special_seed":0,"relics":["Ring of the Snake","NeowsBlessing","Meat on the Bone"],"potions_floor_usage":[],"damage_taken":[{"damage":0.0,"enemies":"Jaw Worm","floor":1.0,"turns":1.0},{"damage":0.0,"enemies":"Cultist","floor":2.0,"turns":1.0},{"damage":0.0,"enemies":"2 Louse","floor":3.0,"turns":1.0},{"damage":0.0,"enemies":"2 Fungi Beasts","floor":4.0,"turns":4.0},{"damage":13.0,"enemies":"Large Slime","floor":5.0,"turns":8.0},{"damage":4,"enemies":"Exordium Thugs","floor":11,"turns":11},{"damage":16,"enemies":"Lots of Slimes","floor":12,"turns":6},{"damage":0,"enemies":"Red Slaver","floor":14,"turns":5},{"damage":0,"enemies":"The Guardian","floor":16,"turns":2}],"seed_played":"950089856254186870","potions_obtained":[{"floor":1.0,"key":"Regen Potion"},{"floor":11,"key":"GhostInAJar"}],"is_trial":false,"path_per_floor":["M","M","M","M","M","R","$","?","T","R","M","M","R","M","R","B"],"character_chosen":"THE_SILENT","items_purchased":["Footwork"],"campfire_rested":0,"item_purchase_floors":[7],"current_hp_per_floor":[59,59,59,59,46,46,46,46,46,46,42,38,38,38,38,38],"gold":104,"neow_bonus":"THREE_ENEMY_KILL","is_prod":false,"is_daily":false,"chose_seed":false,"campfire_upgraded":4,"win_rate":0,"timestamp":1546659087,"path_taken":["M","M","M","M","M","R","$","?","T","R","M","M","R","M","R","BOSS"],"build_version":"2019-01-03v4","purchased_purges":1,"victory":false,"max_hp_per_floor":[66,66,66,66,66,66,66,66,66,66,66,66,66,66,66,66],"card_choices":[{"not_picked":["Slice","Bane"],"picked":"Backflip","floor":1.0},{"not_picked":["Reflex","Dagger Spray"],"picked":"Masterful Stab","floor":2.0},{"not_picked":["Blur","Dagger Throw"],"picked":"Footwork","floor":3.0},{"not_picked":["Crippling Poison","Dodge and Roll","All Out Attack"],"picked":"SKIP","floor":4.0},{"not_picked":["Finisher","PiercingWail"],"picked":"Footwork","floor":5.0},{"not_picked":["Heel Hook","Riddle With Holes","Eviscerate"],"picked":"SKIP","floor":11},{"not_picked":["Dagger Throw","Sucker Punch"],"picked":"Dodge and Roll","floor":12},{"not_picked":["Bane","Outmaneuver","Expertise"],"picked":"SKIP","floor":14}],"player_experience":1741175,"relics_obtained":[{"floor":9,"key":"Meat on the Bone"}],"event_choices":[{"damage_healed":0,"gold_gain":0,"player_choice":"2 cards matched","damage_taken":0,"max_hp_gain":0,"max_hp_loss":0,"event_name":"Match and Keep!","floor":8,"gold_loss":0,"cards_obtained":["Tools of the Trade","Neutralize"]}],"is_beta":false,"boss_relics":[],"items_purged_floors":[7],"is_endless":false,"potions_floor_spawned":[1,11,14],"killed_by":"The Guardian","ascension_level":20}