{"path_per_floor":["M","$","M","?","M","R","M","R","T","T","$","M","R","M","R","B",null,"M","?","M","$","M","M","M","R","T","R","M","M","$","M","R"],"character_chosen":"THE_SILENT","items_purchased":["Blood Vial","Calculated Gamble","Choke","Footwork","Sucker Punch"],"gold_per_floor":[219,219,229,229,239,239,249,249,275,275,25,44,44,54,54,152,152,162,162,179,67,81,93,111,111,111,111,131,148,2,21,21],"floor_reached":33,"campfire_rested":2,"playtime":3258,"current_hp_per_floor":[70,70,70,70,70,70,70,70,70,70,70,67,67,65,65,27,84,68,68,41,41,25,18,7,32,32,32,15,5,5,4,29],"items_purged":["Pain","Writhe"],"gold":21,"score":243,"play_id":"5b6af478-7029-4726-836a-dd0a451ca47e","is_prod":false,"is_daily":false,"is_ascension_mode":false,"campfire_upgraded":4,"path_taken":["M","$","M","?","M","R","?","R","T","?","$","?","R","M","R","BOSS","M","?","M","$","M","M","M","R","T","R","?","M","$","M","R","BOSS"],"build_version":"2018-02-22-PROD2","purchased_purges":2,"victory":false,"master_deck":["Defend_G","Defend_G","Defend_G","Defend_G","Defend_G","Strike_G","Strike_G","Strike_G","Survivor","Neutralize","Noxious Fumes","Endless Agony+1","Reflex+1","Dagger Throw","A Thousand Cuts+1","Calculated Gamble+1","Choke","Acrobatics","Underhanded Strike+1","Tools of the Trade","Clumsy","Dash+1","Masterful Stab+1","Dagger Throw+1","Footwork+1","Flying Knee+1","Flying Knee+1","Slice+1","Prepared","Sucker Punch","Wraith Form+1"],"max_hp_per_floor":[70,70,70,70,70,70,70,70,70,70,70,70,70,70,70,70,84,84,84,84,84,84,84,84,84,84,84,84,84,84,84,84],"relics":["Ring of the Snake","Snake Skull","Girya","Blood Vial","Calling Bell","Frozen Egg 2","Ornamental Fan","Mango","Whetstone"],"card_choices":[{"not_picked":["Sucker Punch","Catalyst"],"picked":"Noxious Fumes"},{"not_picked":["Bane","Backflip"],"picked":"Endless Agony"},{"not_picked":["Deadly Poison","Masterful Stab"],"picked":"Dagger Throw"},{"not_picked":["Distraction","PiercingWail"],"picked":"A Thousand Cuts"},{"not_picked":["Quick Slash","Prepared"],"picked":"Acrobatics"},{"not_picked":["Caltrops","Calculated Gamble"],"picked":"Underhanded Strike"},{"not_picked":["Bullet Time","Venomology"],"picked":"Tools of the Trade"},{"not_picked":["Backflip","Masterful Stab"],"picked":"Dash"},{"not_picked":["Outmaneuver","Dodge and Roll"],"picked":"Dagger Throw"},{"not_picked":["Skewer","Caltrops"],"picked":"Flying Knee"},{"not_picked":["Dagger Throw","Poisoned Stab"],"picked":"Flying Knee"},{"not_picked":["Backflip","Leg Sweep"],"picked":"Slice"},{"not_picked":["Slice","Quick Slash"],"picked":"Prepared"},{"not_picked":["Dagger Spray","Distraction"],"picked":"Wraith Form"}],"player_experience":28102,"potions_floor_usage":[16,22,23,24,29,31,33],"damage_taken":[{"damage":0,"enemies":"2 Louse","floor":1,"turns":4},{"damage":0,"enemies":"Cultist","floor":3,"turns":5},{"damage":0,"enemies":"Small Slimes","floor":5,"turns":4},{"damage":0,"enemies":"Gremlin Gang","floor":7,"turns":5},{"damage":3,"enemies":"Exordium Thugs","floor":12,"turns":4},{"damage":4,"enemies":"Blue Slaver","floor":14,"turns":5},{"damage":40,"enemies":"Hexaghost","floor":16,"turns":9},{"damage":16,"enemies":"Spheric Guardian","floor":18,"turns":4},{"damage":29,"enemies":"Chosen","floor":20,"turns":6},{"damage":18,"enemies":"Snecko","floor":22,"turns":7},{"damage":9,"enemies":"Cultist and Chosen","floor":23,"turns":6},{"damage":13,"enemies":"Sentry and Sphere","floor":24,"turns":6},{"damage":19,"enemies":"Snake Plant","floor":28,"turns":5},{"damage":12,"enemies":"Snecko","floor":29,"turns":4},{"damage":3,"enemies":"Chosen and Byrds","floor":31,"turns":4},{"damage":33,"enemies":"Collector","floor":33,"turns":5}],"event_choices":[{"event_name":"Transmorgrifier","player_choice":"Transform","floor":4,"damage_taken":0},{"event_name":"Transmorgrifier","player_choice":"Transform","floor":19,"damage_taken":0}],"boss_relics":[{"not_picked":["Eternal Feather","Ectoplasm"],"picked":"Calling Bell"}],"potions_floor_spawned":[1,14,16,20,24,28,31],"seed_played":"1592534026968726495","killed_by":"Collector","ascension_level":0,"is_trial":false}