{"gold_per_floor":[118,137,157,107,107,107,120,120,120,134,134,152,182,196,196,299,299,312,97,115,134,134,134,165,165,165,192,204,217,217,232,232,331,331,349,349,269,269,280,314,314,78,156,206,222,222,236,0,0,0],"floor_reached":51,"playtime":2661,"items_purged":["Strike_G","Strike_G","Strike_G"],"score":794,"play_id":"5cd01eab-9f3d-478c-8a7f-e398ee7471ea","local_time":"20181021202520","is_ascension_mode":false,"campfire_choices":[{"data":"Well Laid Plans","floor":6.0,"key":"SMITH"},{"data":"Deadly Poison","floor":8.0,"key":"SMITH"},{"data":"Neutralize","floor":11.0,"key":"SMITH"},{"data":"Deadly Poison","floor":15.0,"key":"SMITH"},{"data":"Noxious Fumes","floor":23.0,"key":"SMITH"},{"data":"Footwork","floor":25.0,"key":"SMITH"},{"data":"Malaise","floor":30.0,"key":"SMITH"},{"data":"Tools of the Trade","floor":32.0,"key":"SMITH"},{"data":"Reflex","floor":41.0,"key":"SMITH"},{"data":"Catalyst","floor":46.0,"key":"SMITH"},{"data":"Catalyst","floor":49,"key":"SMITH"}],"neow_cost":"NONE","seed_source_timestamp":42263172655014,"circlet_count":0,"master_deck":["Defend_G+1","Defend_G+1","Defend_G+1","Defend_G+1","Defend_G+1","Strike_G+1","Survivor+1","Neutralize+1","Well Laid Plans+1","Backstab+1","Deadly Poison+1","Backflip+1","Deadly Poison+1","Malaise+1","Noxious Fumes+1","Footwork+1","Tools of the Trade+1","Backflip+1","Reflex+1","Magnetism+1","Catalyst+1","Catalyst+1"],"special_seed":0,"relics":["Ring of the Snake","Regal Pillow","StoneCalendar","The Courier","Strawberry","Sozu","Bag of Preparation","PreservedInsect","Potion Belt","Omamori","Eternal Feather","SsserpentHead","Bronze Scales","Question Card","Mark of the Bloom","Red Mask"],"potions_floor_usage":[],"damage_taken":[{"damage":1.0,"enemies":"Cultist","floor":1.0,"turns":5.0},{"damage":1.0,"enemies":"Small Slimes","floor":2.0,"turns":5.0},{"damage":1.0,"enemies":"Jaw Worm","floor":3.0,"turns":6.0},{"damage":2.0,"enemies":"Blue Slaver","floor":7.0,"turns":5.0},{"damage":0.0,"enemies":"Large Slime","floor":10.0,"turns":6.0},{"damage":2.0,"enemies":"2 Fungi Beasts","floor":12.0,"turns":3.0},{"damage":5.0,"enemies":"3 Sentries","floor":13.0,"turns":7.0},{"damage":4.0,"enemies":"Exordium Wildlife","floor":14.0,"turns":5.0},{"damage":3.0,"enemies":"The Guardian","floor":16.0,"turns":8.0},{"damage":0.0,"enemies":"Spheric Guardian","floor":18.0,"turns":3.0},{"damage":0.0,"enemies":"Shell Parasite","floor":20.0,"turns":5.0},{"damage":0.0,"enemies":"Snecko","floor":21.0,"turns":6.0},{"damage":0.0,"enemies":"Book of Stabbing","floor":24.0,"turns":6.0},{"damage":21.0,"enemies":"Slavers","floor":27.0,"turns":6.0},{"damage":0.0,"enemies":"Centurion and Healer","floor":28.0,"turns":6.0},{"damage":0.0,"enemies":"3 Cultists","floor":29.0,"turns":5.0},{"damage":0.0,"enemies":"Chosen and Byrds","floor":31.0,"turns":6.0},{"damage":11.0,"enemies":"Collector","floor":33.0,"turns":8.0},{"damage":0.0,"enemies":"3 Shapes","floor":35.0,"turns":5.0},{"damage":0.0,"enemies":"Orb Walker","floor":39.0,"turns":5.0},{"damage":0.0,"enemies":"Nemesis","floor":40.0,"turns":7.0},{"damage":0.0,"enemies":"3 Darklings","floor":45.0,"turns":6.0},{"damage":2.0,"enemies":"Jaw Worm Horde","floor":47.0,"turns":5.0},{"damage":1,"enemies":"Time Eater","floor":50,"turns":6}],"seed_played":"-4474561976368431586","potions_obtained":[{"floor":3.0,"key":"AttackPotion"},{"floor":7.0,"key":"Block Potion"},{"floor":10.0,"key":"Energy Potion"}],"is_trial":false,"path_per_floor":["M","M","M","?","?","R","M","R","T","M","R","M","E","M","R","B",null,"M","$","M","M","?","R","E","R","T","E","M","M","R","M","R","B",null,"M","?","$","?","M","E","R","$","T","?","M","R","M","?","R","B"],"character_chosen":"THE_SILENT","items_purchased":["Noxious Fumes","Bag of Preparation","Magnetism"],"campfire_rested":0,"item_purchase_floors":[19,19,42],"current_hp_per_floor":[69,68,67,67,64,64,62,62,62,62,62,60,62,58,58,55,77,77,77,77,77,77,77,77,77,77,56,56,56,56,56,56,45,77,77,77,77,77,77,77,77,77,77,77,77,77,75,75,75,74],"gold":0,"neow_bonus":"RANDOM_COMMON_RELIC","is_prod":false,"is_daily":false,"chose_seed":false,"campfire_upgraded":11,"win_rate":0,"timestamp":1540124720,"path_taken":["M","M","?","?","?","R","M","R","T","M","R","M","E","M","R","BOSS","M","$","M","M","?","R","E","R","T","E","M","M","R","M","R","BOSS","M","?","$","?","M","E","R","$","T","?","M","R","M","?","R","BOSS"],"build_version":"2018-10-18","purchased_purges":3,"victory":true,"max_hp_per_floor":[70,70,70,70,70,70,70,70,70,70,70,70,77,77,77,77,77,77,77,77,77,77,77,77,77,77,77,77,77,77,77,77,77,77,77,77,77,77,77,77,77,77,77,77,77,77,77,77,77,77],"card_choices":[{"not_picked":["Slice","Concentrate","Heel Hook"],"picked":"SKIP","floor":1.0},{"not_picked":["Finisher","Poisoned Stab"],"picked":"Well Laid Plans","floor":2.0},{"not_picked":["Flying Knee","Slice"],"picked":"Backstab","floor":3.0},{"not_picked":["Dagger Throw","Crippling Poison"],"picked":"Deadly Poison","floor":7.0},{"not_picked":["Deflect","Finisher"],"picked":"Backflip","floor":10.0},{"not_picked":["Poisoned Stab","Prepared"],"picked":"Deadly Poison","floor":12.0},{"not_picked":["Heel Hook","Setup","Poisoned Stab"],"picked":"SKIP","floor":13.0},{"not_picked":["Heel Hook","Setup","Poisoned Stab"],"picked":"SKIP","floor":13.0},{"not_picked":["Dodge and Roll","PiercingWail","Tactician"],"picked":"SKIP","floor":14.0},{"not_picked":["Wraith Form v2","Glass Knife"],"picked":"Malaise","floor":16.0},{"not_picked":["Poisoned Stab","Dash","Deflect"],"picked":"SKIP","floor":18.0},{"not_picked":["Quick Slash+1","Prepared","Dagger Spray"],"picked":"SKIP","floor":20.0},{"not_picked":["Prepared","Cloak And Dagger","Reflex"],"picked":"SKIP","floor":21.0},{"not_picked":["Deadly Poison","Eviscerate","Reflex"],"picked":"SKIP","floor":24.0},{"not_picked":["Blade Dance+1","Blur","Poisoned Stab"],"picked":"SKIP","floor":27.0},{"not_picked":["Escape Plan+1","Deflect+1"],"picked":"Tools of the Trade","floor":28.0},{"not_picked":["Dagger Throw","Dash"],"picked":"Backflip","floor":29.0},{"not_picked":["Dodge and Roll","Choke"],"picked":"Reflex","floor":31.0},{"not_picked":["Deadly Poison","Dagger Spray+1","Outmaneuver+1"],"picked":"SKIP","floor":35.0},{"not_picked":["Deflect","Bane","Prepared+1"],"picked":"SKIP","floor":39.0},{"not_picked":["Dodge and Roll","Bane","Poisoned Stab"],"picked":"SKIP","floor":40.0},{"not_picked":["Acrobatics","Bouncing Flask+1","Underhanded Strike+1"],"picked":"Catalyst","floor":45.0},{"not_picked":["Acrobatics","Reflex","Flying Knee"],"picked":"Catalyst","floor":47.0}],"player_experience":471571,"relics_obtained":[{"floor":9.0,"key":"The Courier"},{"floor":13.0,"key":"Strawberry"},{"floor":24.0,"key":"PreservedInsect"},{"floor":26.0,"key":"Potion Belt"},{"floor":27.0,"key":"Omamori"},{"floor":40.0,"key":"Bronze Scales"},{"floor":43.0,"key":"Question Card"}],"event_choices":[{"cards_removed":["Strike_G"],"damage_healed":0.0,"max_hp_gain":0.0,"max_hp_loss":0.0,"gold_gain":0.0,"event_name":"The Cleric","player_choice":"Card Removal","floor":4.0,"gold_loss":50.0,"damage_taken":0.0},{"damage_healed":0.0,"max_hp_gain":0.0,"max_hp_loss":0.0,"gold_gain":0.0,"event_name":"Scrap Ooze","player_choice":"Success","floor":5.0,"gold_loss":0.0,"damage_taken":3.0,"relics_obtained":["StoneCalendar"]},{"damage_healed":0.0,"max_hp_gain":0.0,"max_hp_loss":0.0,"gold_gain":0.0,"event_name":"The Library","player_choice":"Read","floor":22.0,"gold_loss":0.0,"damage_taken":0.0,"cards_obtained":["Footwork"]},{"damage_healed":0.0,"max_hp_gain":0.0,"max_hp_loss":0.0,"gold_gain":0.0,"event_name":"Mysterious Sphere","player_choice":"Ignored","floor":36.0,"gold_loss":0.0,"damage_taken":0.0},{"damage_healed":0.0,"max_hp_gain":0.0,"max_hp_loss":0.0,"gold_gain":0.0,"event_name":"FaceTrader","player_choice":"Trade","floor":38.0,"gold_loss":0.0,"damage_taken":0.0,"relics_obtained":["SsserpentHead"]},{"damage_healed":0.0,"max_hp_gain":0.0,"max_hp_loss":0.0,"gold_gain":0.0,"event_name":"MindBloom","player_choice":"Upgrade","floor":44.0,"gold_loss":0.0,"damage_taken":0.0,"cards_upgraded":["Defend_G","Defend_G","Defend_G","Defend_G","Defend_G","Strike_G","Survivor","Backstab","Backflip","Backflip","Magnetism"],"relics_obtained":["Mark of the Bloom"]},{"damage_healed":0.0,"max_hp_gain":0.0,"max_hp_loss":0.0,"gold_gain":0.0,"event_name":"Tomb of Lord Red Mask","player_choice":"Paid","floor":48.0,"gold_loss":286.0,"damage_taken":0.0,"relics_obtained":["Red Mask"]}],"is_beta":false,"boss_relics":[{"not_picked":["White Beast Statue","WristBlade"],"picked":"Sozu"},{"not_picked":["Snecko Eye","HoveringKite"],"picked":"Eternal Feather"}],"items_purged_floors":[19,37,42],"is_endless":false,"potions_floor_spawned":[3,7,10,16,18,21,33],"ascension_level":0}