{"gold_per_floor":[109,109,125,145,170,170,181,132,156,169,169,17,36,62,62,141,141,153,53,53,72,122,122,133,133,156,176,201,201,111,111,111,111],"floor_reached":33,"playtime":968,"items_purged":["Strike_G","Strike_G"],"score":688,"play_id":"b8ad9e4b-4909-4d98-b9aa-76921423e183","local_time":"20190124215715","is_ascension_mode":true,"campfire_choices":[{"data":"Calculated Gamble","floor":6.0,"key":"SMITH"},{"data":"Deadly Poison","floor":11.0,"key":"SMITH"},{"data":"Catalyst","floor":15.0,"key":"SMITH"},{"data":"Burst","floor":23.0,"key":"SMITH"},{"data":"Ghostly","floor":25.0,"key":"SMITH"},{"data":"Catalyst","floor":29,"key":"SMITH"},{"data":"Acrobatics","floor":32,"key":"SMITH"}],"neow_cost":"NONE","seed_source_timestamp":7006229962977,"circlet_count":0,"master_deck":["AscendersBane","Defend_G","Defend_G","Defend_G","Defend_G","Defend_G","Strike_G","Survivor","Neutralize","Catalyst+1","Calculated Gamble+1","Deadly Poison+1","Burst+1","Tactician+1","Bane+1","Well Laid Plans+1","Acrobatics+1","Ghostly+1","Ghostly","Ghostly","Reflex+1","Catalyst+1","Impatience"],"special_seed":0,"relics":["Ring of the Snake","NeowsBlessing","Happy Flower","Snake Skull","Ancient Tea Set","Astrolabe","Darkstone Periapt"],"potions_floor_usage":[28,31],"damage_taken":[{"damage":0.0,"enemies":"Small Slimes","floor":1.0,"turns":1.0},{"damage":0.0,"enemies":"Jaw Worm","floor":3.0,"turns":1.0},{"damage":0.0,"enemies":"Cultist","floor":4.0,"turns":1.0},{"damage":15.0,"enemies":"Lots of Slimes","floor":7.0,"turns":11.0},{"damage":15.0,"enemies":"Exordium Thugs","floor":8.0,"turns":5.0},{"damage":1.0,"enemies":"Looter","floor":10.0,"turns":3.0},{"damage":14.0,"enemies":"Lots of Slimes","floor":13.0,"turns":5.0},{"damage":15.0,"enemies":"Gremlin Nob","floor":14.0,"turns":4.0},{"damage":0.0,"enemies":"Hexaghost","floor":16.0,"turns":8.0},{"damage":19.0,"enemies":"Shell Parasite","floor":18.0,"turns":4.0},{"damage":17.0,"enemies":"3 Byrds","floor":21.0,"turns":7.0},{"damage":0.0,"enemies":"Centurion and Healer","floor":24.0,"turns":5.0},{"damage":0.0,"enemies":"Shelled Parasite and Fungi","floor":27.0,"turns":5.0},{"damage":15,"enemies":"Book of Stabbing","floor":28,"turns":6},{"damage":0,"enemies":"Snake Plant","floor":31,"turns":1},{"damage":2,"enemies":"Automaton","floor":33,"turns":4}],"seed_played":"-7930532820968933108","potions_obtained":[{"floor":3.0,"key":"SpeedPotion"},{"floor":7.0,"key":"PowerPotion"},{"floor":14.0,"key":"SmokeBomb"},{"floor":21.0,"key":"Weak Potion"}],"is_trial":false,"path_per_floor":["M","?","M","M","T","R","M","M","T","M","R","$","M","E","R","B",null,"M","$","?","M","?","R","M","R","T","M","E","R","$","M","R","B"],"character_chosen":"THE_SILENT","items_purchased":["Well Laid Plans","Impatience"],"campfire_rested":0,"item_purchase_floors":[12,30],"current_hp_per_floor":[59,64,64,64,64,64,49,34,34,33,33,33,19,4,4,4,54,35,35,35,18,18,18,18,18,18,18,3,3,3,3,3,1],"gold":111,"neow_bonus":"THREE_ENEMY_KILL","is_prod":false,"is_daily":false,"chose_seed":false,"campfire_upgraded":7,"win_rate":0,"timestamp":1548338235,"path_taken":["M","?","M","M","?","R","M","M","T","?","R","?","?","E","R","BOSS","M","$","?","M","?","R","?","R","T","M","E","R","$","M","R","BOSS"],"build_version":"2019-01-23","purchased_purges":2,"victory":false,"max_hp_per_floor":[66,71,71,71,71,71,71,71,71,71,71,71,71,71,71,71,71,71,71,35,35,35,35,35,35,35,35,35,35,35,35,35,35],"card_choices":[{"not_picked":["Dodge and Roll","Finisher","Catalyst"],"picked":"SKIP","floor":1.0},{"not_picked":["Choke","Cloak And Dagger"],"picked":"Catalyst","floor":3.0},{"not_picked":["Backflip","Cloak And Dagger"],"picked":"Calculated Gamble","floor":4.0},{"not_picked":["PiercingWail","A Thousand Cuts","Underhanded Strike"],"picked":"SKIP","floor":7.0},{"not_picked":["Bane","Riddle With Holes"],"picked":"Deadly Poison","floor":8.0},{"not_picked":["Slice","Quick Slash","Concentrate"],"picked":"SKIP","floor":10.0},{"not_picked":["Cloak And Dagger","Deadly Poison","Backstab"],"picked":"SKIP","floor":13.0},{"not_picked":["Choke","Well Laid Plans","Riddle With Holes"],"picked":"SKIP","floor":14.0},{"not_picked":["Doppelganger","Unload"],"picked":"Burst","floor":16.0},{"not_picked":["Endless Agony+1","Poisoned Stab"],"picked":"Acrobatics","floor":18.0},{"not_picked":["Sucker Punch","Catalyst"],"picked":"Reflex+1","floor":21.0},{"not_picked":["Dodge and Roll","Eviscerate","Bane+1"],"picked":"SKIP","floor":24.0},{"not_picked":["Dodge and Roll","Eviscerate","Bane+1"],"picked":"SKIP","floor":24.0},{"not_picked":["Endless Agony","Prepared","Slice"],"picked":"SKIP","floor":27.0},{"not_picked":["Deadly Poison","Escape Plan"],"picked":"Catalyst","floor":28}],"player_experience":1336304,"relics_obtained":[{"floor":5.0,"key":"Happy Flower"},{"floor":9.0,"key":"Snake Skull"},{"floor":14.0,"key":"Ancient Tea Set"},{"floor":28,"key":"Darkstone Periapt"}],"event_choices":[{"damage_healed":0.0,"max_hp_gain":5.0,"max_hp_loss":0.0,"gold_gain":0.0,"event_name":"Big Fish","player_choice":"Donut","floor":2.0,"gold_loss":0.0,"damage_taken":0.0},{"damage_healed":0.0,"max_hp_gain":0.0,"max_hp_loss":36.0,"gold_gain":0.0,"event_name":"Ghosts","player_choice":"Became a Ghost","floor":20.0,"gold_loss":0.0,"damage_taken":0.0,"cards_obtained":["Ghostly","Ghostly","Ghostly"]},{"damage_healed":0.0,"max_hp_gain":0.0,"max_hp_loss":0.0,"gold_gain":100.0,"event_name":"The Joust","player_choice":"Bet on Murderer","floor":22.0,"gold_loss":50.0,"damage_taken":0.0}],"is_beta":true,"boss_relics":[{"not_picked":["Snecko Eye","Fusion Hammer"],"picked":"Astrolabe"}],"items_purged_floors":[12,19],"is_endless":false,"potions_floor_spawned":[3,7,10,14,21,27],"killed_by":"Automaton","ascension_level":20}