{"gold_per_floor":[111,111,31,51,62,62,72,72,72,72,98,98,131,156,168,180],"floor_reached":16,"playtime":436,"items_purged":[],"score":220,"play_id":"8d780480-9df4-4351-be59-4b3d2e784c4b","local_time":"20190302154219","is_ascension_mode":true,"campfire_choices":[{"data":"Defragment","floor":6,"key":"SMITH"},{"data":"Dualcast","floor":8,"key":"SMITH"},{"data":"Coolheaded","floor":10,"key":"SMITH"},{"floor":12,"key":"REST"},{"data":"Recycle","floor":15,"key":"SMITH"}],"neow_cost":"NONE","seed_source_timestamp":173389452401681,"circlet_count":0,"master_deck":["AscendersBane","Strike_B","Strike_B","Strike_B","Strike_B","Defend_B","Defend_B","Defend_B","Defend_B","Zap+1","Dualcast+1","Coolheaded+1","Defragment+1","Steam","Conserve Battery","Tempest","Skim","Recycle+1","Hologram"],"relics":["Cracked Core","Happy Flower","Ginger","Incense Burner","MawBank"],"potions_floor_usage":[13,16],"damage_taken":[{"damage":1,"enemies":"2 Louse","floor":1,"turns":2},{"damage":0,"enemies":"Cultist","floor":4,"turns":3},{"damage":3,"enemies":"Small Slimes","floor":5,"turns":3},{"damage":3,"enemies":"Blue Slaver","floor":7,"turns":4},{"damage":39,"enemies":"3 Sentries","floor":11,"turns":12},{"damage":33,"enemies":"Gremlin Nob","floor":13,"turns":4},{"damage":3,"enemies":"Red Slaver","floor":14,"turns":3},{"damage":3,"enemies":"Hexaghost","floor":16,"turns":7}],"seed_played":"5604710912383321978","potions_obtained":[{"floor":4,"key":"FocusPotion"},{"floor":11,"key":"GamblersBrew"},{"floor":13,"key":"Energy Potion"}],"is_trial":false,"path_per_floor":["M","?","$","M","M","R","M","R","T","R","E","R","E","M","R","B"],"character_chosen":"DEFECT","items_purchased":["Defragment"],"campfire_rested":1,"item_purchase_floors":[3],"current_hp_per_floor":[63,63,63,63,60,60,57,57,57,57,18,39,6,3,3,0],"gold":180,"neow_bonus":"RANDOM_COMMON_RELIC","is_prod":false,"is_daily":false,"chose_seed":false,"campfire_upgraded":4,"win_rate":0,"timestamp":1551512539,"path_taken":["M","?","?","M","M","R","M","R","T","R","E","R","E","?","R","BOSS"],"build_version":"2019-01-23","purchased_purges":0,"victory":false,"max_hp_per_floor":[71,71,71,71,71,71,71,71,71,71,71,71,71,71,71,71],"card_choices":[{"not_picked":["Gash","Leap"],"picked":"Coolheaded","floor":1},{"not_picked":["Sweeping Beam","Chaos"],"picked":"Steam","floor":4},{"not_picked":["Redo","Leap"],"picked":"Conserve Battery","floor":5},{"not_picked":["Doom and Gloom","Redo"],"picked":"Tempest","floor":7},{"not_picked":["Steam Power","Stack"],"picked":"Skim","floor":11},{"not_picked":["Amplify","Hologram"],"picked":"Recycle","floor":13},{"not_picked":["Compile Driver","Go for the Eyes"],"picked":"Hologram","floor":14}],"player_experience":1069035,"relics_obtained":[{"floor":9,"key":"Ginger"},{"floor":11,"key":"Incense Burner"},{"floor":13,"key":"MawBank"}],"event_choices":[{"damage_healed":0,"gold_gain":0,"player_choice":"Upgraded","damage_taken":0,"max_hp_gain":0,"max_hp_loss":0,"event_name":"Upgrade Shrine","floor":2,"gold_loss":0,"cards_upgraded":["Zap"]}],"is_beta":false,"boss_relics":[],"items_purged_floors":[],"is_endless":false,"potions_floor_spawned":[4,11,13],"killed_by":"Hexaghost","ascension_level":20}