{"gold_per_floor":[366,385,397,397,15,15,34,49,49,49,74,74,94,124,124,225,225,243,253,272,288,288,288,320,332,332,365,380,380,380,398,398,503,503,521,521,521],"floor_reached":38,"playtime":1011,"items_purged":["Strike_B"],"score":618,"play_id":"71213f28-833a-4a66-9452-dbe2afd05e3f","local_time":"20190611193547","is_ascension_mode":false,"campfire_choices":[{"data":"Dualcast","floor":6.0,"key":"SMITH"},{"data":"Zap","floor":10.0,"key":"SMITH"},{"data":"Streamline","floor":12.0,"key":"SMITH"},{"data":"Biased Cognition","floor":15.0,"key":"SMITH"},{"data":"Fission","floor":23.0,"key":"SMITH"},{"floor":29.0,"key":"REST"},{"data":"Defragment","floor":32,"key":"SMITH"}],"neow_cost":"TEN_PERCENT_HP_LOSS","seed_source_timestamp":31494902792758,"circlet_count":0,"master_deck":["Zap+1","Dualcast+1","Cold Snap","FTL","Streamline+1","Electrodynamics","Hologram","Turbo","Biased Cognition+1","Fission+1","Steam","Reprogram","Multi-Cast","Chaos","Gash","Reboot","White Noise","Defragment+1","Redo+1","Reboot","Heatsinks+1","Coolheaded","Creative AI"],"special_seed":0,"relics":["Cracked Core","Happy Flower","Matryoshka","Bag of Marbles","Bottled Lightning","Odd Mushroom","Boot","Pandora\u0027s Box","FaceOfCleric","Gambling Chip","Symbiotic Virus","Letter Opener","Bottled Flame","Runic Pyramid"],"potions_floor_usage":[37,37,37],"damage_taken":[{"damage":1.0,"enemies":"Cultist","floor":1.0,"turns":3.0},{"damage":0.0,"enemies":"2 Louse","floor":2.0,"turns":2.0},{"damage":1.0,"enemies":"Jaw Worm","floor":3.0,"turns":3.0},{"damage":8.0,"enemies":"Looter","floor":7.0,"turns":2.0},{"damage":6.0,"enemies":"Red Slaver","floor":8.0,"turns":3.0},{"damage":4.0,"enemies":"The Mushroom Lair","floor":11.0,"turns":3.0},{"damage":2.0,"enemies":"Blue Slaver","floor":13.0,"turns":2.0},{"damage":12.0,"enemies":"3 Sentries","floor":14.0,"turns":5.0},{"damage":19.0,"enemies":"The Guardian","floor":16.0,"turns":7.0},{"damage":0.0,"enemies":"Spheric Guardian","floor":18.0,"turns":3.0},{"damage":5.0,"enemies":"3 Byrds","floor":19.0,"turns":2.0},{"damage":8.0,"enemies":"Snake Plant","floor":20.0,"turns":2.0},{"damage":13.0,"enemies":"Sentry and Sphere","floor":21.0,"turns":3.0},{"damage":12.0,"enemies":"Book of Stabbing","floor":24.0,"turns":3.0},{"damage":0.0,"enemies":"3 Cultists","floor":25.0,"turns":1.0},{"damage":27.0,"enemies":"Slavers","floor":27.0,"turns":2.0},{"damage":0.0,"enemies":"Snecko","floor":28.0,"turns":3.0},{"damage":0,"enemies":"Chosen and Byrds","floor":31,"turns":2},{"damage":13,"enemies":"Collector","floor":33,"turns":6},{"damage":0,"enemies":"3 Darklings","floor":35,"turns":2},{"damage":42,"enemies":"Donu and Deca","floor":37,"turns":6}],"seed_played":"-8079250244855917577","potions_obtained":[{"floor":2.0,"key":"Strength Potion"},{"floor":7.0,"key":"FocusPotion"},{"floor":8.0,"key":"GamblersBrew"},{"floor":14.0,"key":"Fire Potion"},{"floor":16.0,"key":"SneckoOil"},{"floor":19.0,"key":"LiquidBronze"},{"floor":31,"key":"Strength Potion"},{"floor":33,"key":"Swift Potion"}],"is_trial":false,"path_per_floor":["M","M","M","?","$","R","M","M","T","R","?","R","M","E","R","B",null,"M","M","M","M","?","R","E","M","T","E","M","R","?","M","R","B",null,"M","?","B",null],"character_chosen":"DEFECT","items_purchased":["Electrodynamics","Matryoshka"],"campfire_rested":1,"item_purchase_floors":[5,5],"current_hp_per_floor":[67,67,66,59,59,59,51,45,45,45,41,41,39,27,27,8,68,68,63,55,42,42,42,31,32,32,6,7,28,52,53,53,41,74,75,75,34],"gold":521,"neow_bonus":"TWO_FIFTY_GOLD","is_prod":false,"is_daily":false,"chose_seed":false,"campfire_upgraded":6,"win_rate":0,"timestamp":1560252947,"path_taken":["M","M","?","?","$","R","M","M","T","R","?","R","M","E","R","BOSS","M","M","M","M","?","R","E","?","T","E","M","R","?","M","R","BOSS","M","?","BOSS"],"build_version":"2019-01-23","purchased_purges":1,"victory":true,"max_hp_per_floor":[68,68,68,68,68,68,68,68,68,68,68,68,68,68,68,68,68,68,68,68,68,68,68,69,70,70,71,72,72,72,73,73,74,74,75,75,76],"card_choices":[{"not_picked":["Redo","Turbo"],"picked":"Cold Snap","floor":1.0},{"not_picked":["Go for the Eyes","Coolheaded"],"picked":"FTL","floor":2.0},{"not_picked":["Barrage","Cold Snap"],"picked":"Streamline","floor":3.0},{"not_picked":["Sweeping Beam","Conserve Battery"],"picked":"Hologram","floor":7.0},{"not_picked":["Hologram","Conserve Battery"],"picked":"Turbo","floor":8.0},{"not_picked":["Cold Snap","Hologram","Fusion"],"picked":"SKIP","floor":13.0},{"not_picked":["Hello World","Ball Lightning"],"picked":"Biased Cognition","floor":14.0},{"not_picked":["All For One","Echo Form"],"picked":"Fission","floor":16.0},{"not_picked":["Genetic Algorithm","Turbo","Leap"],"picked":"SKIP","floor":18.0},{"not_picked":["Barrage+1","Conserve Battery","Cold Snap"],"picked":"SKIP","floor":19.0},{"not_picked":["Sunder","Leap"],"picked":"Defragment","floor":20.0},{"not_picked":["Hologram+1","Steam"],"picked":"Redo+1","floor":21.0},{"not_picked":["Ball Lightning+1","Go for the Eyes"],"picked":"Reboot","floor":24.0},{"not_picked":["Gash+1","Defragment","Doom and Gloom"],"picked":"SKIP","floor":25.0},{"not_picked":["Beam Cell+1","Coolheaded"],"picked":"Heatsinks+1","floor":27.0},{"not_picked":["Beam Cell","Undo"],"picked":"Coolheaded","floor":28.0},{"not_picked":["Compile Driver+1","Gash","Chaos+1"],"picked":"SKIP","floor":31},{"not_picked":["All For One","Meteor Strike"],"picked":"Creative AI","floor":33},{"not_picked":["Steam","Cold Snap+1","Barrage+1"],"picked":"SKIP","floor":35}],"player_experience":5062497,"relics_obtained":[{"floor":9.0,"key":"Bag of Marbles"},{"floor":9.0,"key":"Bottled Lightning"},{"floor":11.0,"key":"Odd Mushroom"},{"floor":14.0,"key":"Boot"},{"floor":24.0,"key":"Gambling Chip"},{"floor":26.0,"key":"Symbiotic Virus"},{"floor":26.0,"key":"Letter Opener"},{"floor":27.0,"key":"Bottled Flame"}],"event_choices":[{"damage_healed":0.0,"max_hp_gain":0.0,"max_hp_loss":0.0,"gold_gain":0.0,"event_name":"Scrap Ooze","player_choice":"Success","floor":4.0,"gold_loss":0.0,"damage_taken":7.0,"relics_obtained":["Happy Flower"]},{"damage_healed":0.0,"max_hp_gain":0.0,"max_hp_loss":0.0,"gold_gain":0.0,"event_name":"Mushrooms","player_choice":"Fought Mushrooms","floor":11.0,"gold_loss":0.0,"damage_taken":0.0},{"damage_healed":0.0,"max_hp_gain":0.0,"max_hp_loss":0.0,"gold_gain":0.0,"event_name":"FaceTrader","player_choice":"Trade","floor":22.0,"gold_loss":0.0,"damage_taken":0.0,"relics_obtained":["FaceOfCleric"]},{"damage_healed":24,"gold_gain":0,"player_choice":"Heal","damage_taken":0,"max_hp_gain":0,"max_hp_loss":0,"event_name":"The Library","floor":30,"gold_loss":0},{"damage_healed":0,"gold_gain":0,"player_choice":"Took Portal","damage_taken":0,"max_hp_gain":0,"max_hp_loss":0,"event_name":"SecretPortal","floor":36,"gold_loss":0}],"is_beta":false,"boss_relics":[{"not_picked":["Black Star","Fusion Hammer"],"picked":"Pandora\u0027s Box"},{"not_picked":["Sozu","Runic Dome"],"picked":"Runic Pyramid"}],"items_purged_floors":[5],"is_endless":false,"potions_floor_spawned":[2,7,8,11,14,16,19,27,31,33,35],"ascension_level":0}