{"gold_per_floor":[113,113,131,149,159,159,30,50,50,50,131,150,182,196,196,273,273,286,56,68,17,17],"floor_reached":22,"playtime":587,"items_purged":["Strike_B","Strike_B"],"score":426,"play_id":"2e0950f2-d81a-41e4-b4ef-c58a05a9c74d","local_time":"20190609180728","is_ascension_mode":true,"campfire_choices":[{"data":"Darkness","floor":6,"key":"SMITH"},{"data":"Coolheaded","floor":15,"key":"SMITH"}],"neow_cost":"TEN_PERCENT_HP_LOSS","seed_source_timestamp":279166997579230,"circlet_count":0,"master_deck":["AscendersBane","Strike_B","Defend_B","Defend_B","Defend_B","Zap","Dualcast","Cold Snap","Undo","Seek","Darkness+1","White Noise","Biased Cognition","Skim","Coolheaded+1","Echo Form","Skim+1","Turbo","Self Repair","Fusion+1","Turbo"],"special_seed":0,"relics":["Cracked Core","Shuriken","Oddly Smooth Stone","Philosopher\u0027s Stone"],"potions_floor_usage":[16,16],"damage_taken":[{"damage":0.0,"enemies":"2 Louse","floor":1.0,"turns":4.0},{"damage":0,"enemies":"Cultist","floor":3,"turns":4},{"damage":14,"enemies":"Small Slimes","floor":4,"turns":4},{"damage":2,"enemies":"2 Fungi Beasts","floor":5,"turns":3},{"damage":9,"enemies":"Red Slaver","floor":8,"turns":3},{"damage":6,"enemies":"Looter","floor":12,"turns":4},{"damage":0,"enemies":"Lagavulin","floor":13,"turns":4},{"damage":0,"enemies":"2 Fungi Beasts","floor":14,"turns":3},{"damage":36,"enemies":"The Guardian","floor":16,"turns":10},{"damage":27,"enemies":"Shell Parasite","floor":18,"turns":6},{"damage":18,"enemies":"2 Thieves","floor":20,"turns":4}],"seed_played":"7300426946914966312","potions_obtained":[{"floor":4,"key":"Poison Potion"},{"floor":5,"key":"Regen Potion"},{"floor":20,"key":"Strength Potion"}],"is_trial":false,"path_per_floor":["M","?","M","M","M","R","$","M","T","$","T","M","E","M","R","B",null,"M","$","M","$","?"],"character_chosen":"DEFECT","items_purchased":["PowerPotion","Turbo","Self Repair","Turbo"],"campfire_rested":0,"item_purchase_floors":[7,19,19,21],"current_hp_per_floor":[64,64,64,50,48,48,48,39,39,39,39,33,33,33,33,12,51,24,24,13,13,0],"gold":17,"neow_bonus":"REMOVE_TWO","is_prod":false,"is_daily":false,"chose_seed":false,"campfire_upgraded":2,"win_rate":0,"timestamp":1560071248,"path_taken":["M","?","?","M","?","R","$","M","T","?","?","M","E","M","R","BOSS","M","$","M","$","?"],"build_version":"2019-01-23","purchased_purges":2,"victory":false,"max_hp_per_floor":[64,64,64,64,64,64,64,64,64,64,64,64,64,64,64,64,64,64,64,64,64,69],"card_choices":[{"not_picked":["Streamline","Self Repair"],"picked":"Cold Snap","floor":1.0},{"not_picked":["BootSequence","Coolheaded"],"picked":"Darkness","floor":3},{"not_picked":["Ball Lightning","Stack","Compile Driver"],"picked":"SKIP","floor":4},{"not_picked":["Sweeping Beam","Compile Driver","Cold Snap"],"picked":"SKIP","floor":5},{"not_picked":["Self Repair","Tempest"],"picked":"White Noise","floor":8},{"not_picked":["Cold Snap","Beam Cell"],"picked":"Biased Cognition","floor":12},{"not_picked":["Consume","Rebound"],"picked":"Skim","floor":13},{"not_picked":["Leap","Chill"],"picked":"Coolheaded","floor":14},{"not_picked":["Meteor Strike","Electrodynamics"],"picked":"Echo Form","floor":16},{"not_picked":["Streamline","Reinforced Body+1"],"picked":"Skim+1","floor":18},{"not_picked":["Hello World","Leap"],"picked":"Fusion+1","floor":20}],"player_experience":579961,"relics_obtained":[{"floor":11,"key":"Shuriken"},{"floor":13,"key":"Oddly Smooth Stone"}],"event_choices":[{"damage_healed":0,"gold_gain":0,"player_choice":"2 cards matched","damage_taken":0,"max_hp_gain":0,"max_hp_loss":0,"event_name":"Match and Keep!","floor":2,"gold_loss":0,"cards_obtained":["Undo","Seek"]}],"is_beta":false,"boss_relics":[{"not_picked":["Sozu","White Beast Statue"],"picked":"Philosopher\u0027s Stone"}],"items_purged_floors":[7,19],"is_endless":false,"potions_floor_spawned":[4,5,8,13,14,20],"ascension_level":20}