{"gold_per_floor":[117,137,56,131,143,143,162,189,201,232,2,2,2,2,2,75,75,86,136,150,162,179,179,179,179],"floor_reached":25,"playtime":779,"items_purged":["Strike_R"],"score":456,"play_id":"a4c5dfad-b5e4-4c4b-affa-0e2b59542cb7","local_time":"20190310111045","is_ascension_mode":true,"campfire_choices":[{"data":"Rampage","floor":6.0,"key":"SMITH"},{"data":"Bash","floor":12.0,"key":"SMITH"},{"data":"Offering","floor":15.0,"key":"SMITH"},{"data":"Demon Form","floor":23,"key":"SMITH"}],"neow_cost":"NONE","seed_source_timestamp":1292348753589,"circlet_count":0,"master_deck":["AscendersBane","Strike_R","Strike_R","Strike_R","Strike_R","Defend_R","Defend_R+1","Defend_R","Defend_R","Bash+1","Dropkick","Offering+1","Rampage+1","Rage+1","Power Through","Offering","Shrug It Off","Demon Form+1"],"special_seed":0,"relics":["Burning Blood","Lantern","MawBank","Pen Nib","Eternal Feather","Mercury Hourglass"],"potions_floor_usage":[25],"damage_taken":[{"damage":7.0,"enemies":"Cultist","floor":1.0,"turns":4.0},{"damage":14.0,"enemies":"Jaw Worm","floor":2.0,"turns":4.0},{"damage":8.0,"enemies":"Small Slimes","floor":5.0,"turns":2.0},{"damage":6.0,"enemies":"2 Fungi Beasts","floor":7.0,"turns":3.0},{"damage":21.0,"enemies":"Lagavulin","floor":8.0,"turns":6.0},{"damage":23.0,"enemies":"Exordium Wildlife","floor":10.0,"turns":6.0},{"damage":14.0,"enemies":"The Guardian","floor":16.0,"turns":10.0},{"damage":12.0,"enemies":"2 Thieves","floor":18.0,"turns":3.0},{"damage":12.0,"enemies":"Chosen","floor":20.0,"turns":2.0},{"damage":13,"enemies":"Centurion and Healer","floor":21,"turns":7},{"damage":13,"enemies":"Snake Plant","floor":22,"turns":3},{"damage":33,"enemies":"Slavers","floor":25,"turns":5}],"seed_played":"5391812290164264386","potions_obtained":[{"floor":5.0,"key":"SpeedPotion"},{"floor":8.0,"key":"Energy Potion"},{"floor":18.0,"key":"Weak Potion"},{"floor":22,"key":"Dexterity Potion"}],"is_trial":false,"path_per_floor":["M","M","$","?","M","R","M","E","T","M","$","R","?","?","R","B",null,"M","?","M","M","M","R","?","E"],"character_chosen":"IRONCLAD","items_purchased":["Rampage","Pen Nib"],"campfire_rested":0,"item_purchase_floors":[3,11],"current_hp_per_floor":[67,59,59,48,46,46,46,31,31,14,14,14,39,16,16,8,58,52,45,39,32,25,34,34,1],"gold":179,"neow_bonus":"RANDOM_COMMON_RELIC","is_prod":false,"is_daily":false,"chose_seed":false,"campfire_upgraded":4,"win_rate":0,"timestamp":1552187445,"path_taken":["M","?","$","?","M","R","M","E","T","M","$","R","?","?","R","BOSS","M","?","?","M","M","R","?","E"],"build_version":"2019-01-23","purchased_purges":1,"victory":false,"max_hp_per_floor":[75,75,75,75,75,75,75,75,75,75,75,75,75,75,75,75,75,75,75,75,75,75,75,75,75],"card_choices":[{"not_picked":["Twin Strike","Cleave"],"picked":"Dropkick","floor":1.0},{"not_picked":["Body Slam","True Grit"],"picked":"Offering","floor":2.0},{"not_picked":["Intimidate","Iron Wave","Pommel Strike"],"picked":"SKIP","floor":5.0},{"not_picked":["Whirlwind","Rupture"],"picked":"Rage","floor":7.0},{"not_picked":["Metallicize","Wild Strike","Clash"],"picked":"SKIP","floor":8.0},{"not_picked":["Thunderclap","Twin Strike"],"picked":"Power Through","floor":10.0},{"not_picked":["Bludgeon","Immolate"],"picked":"Offering","floor":16.0},{"not_picked":["Blood for Blood","Twin Strike","Pommel Strike"],"picked":"SKIP","floor":18.0},{"not_picked":["Anger","Clothesline"],"picked":"Shrug It Off","floor":20.0},{"not_picked":["Iron Wave","Perfected Strike","Warcry"],"picked":"SKIP","floor":21},{"not_picked":["Fire Breathing","Rupture"],"picked":"Demon Form","floor":22}],"player_experience":3457156,"relics_obtained":[{"floor":8.0,"key":"MawBank"}],"event_choices":[{"damage_healed":0.0,"max_hp_gain":0.0,"max_hp_loss":0.0,"gold_gain":75.0,"event_name":"World of Goop","player_choice":"Gather Gold","floor":4.0,"gold_loss":0.0,"damage_taken":11.0},{"damage_healed":25.0,"max_hp_gain":0.0,"max_hp_loss":0.0,"gold_gain":0.0,"event_name":"Big Fish","player_choice":"Banana","floor":13.0,"gold_loss":0.0,"damage_taken":0.0},{"damage_healed":0.0,"max_hp_gain":0.0,"max_hp_loss":0.0,"gold_gain":0.0,"event_name":"Shining Light","player_choice":"Entered Light","floor":14.0,"gold_loss":0.0,"damage_taken":23.0,"cards_upgraded":["Defend_R","Rage"]},{"damage_healed":0.0,"max_hp_gain":0.0,"max_hp_loss":0.0,"gold_gain":50.0,"event_name":"FaceTrader","player_choice":"Touch","floor":19.0,"gold_loss":0.0,"damage_taken":7.0},{"damage_healed":0,"gold_gain":0,"player_choice":"Gave Potion","damage_taken":0,"relics_obtained":["Mercury Hourglass"],"max_hp_gain":0,"max_hp_loss":0,"event_name":"WeMeetAgain","floor":24,"gold_loss":0}],"is_beta":false,"boss_relics":[{"not_picked":["Tiny House","Sozu"],"picked":"Eternal Feather"}],"items_purged_floors":[11],"is_endless":false,"potions_floor_spawned":[5,8,18,22],"killed_by":"Slavers","ascension_level":20}