{"gold_per_floor":[19,19,94,114,114,114,114,114,190,190,225,225,243,243],"floor_reached":14,"playtime":267,"items_purged":[],"score":172,"play_id":"cd1f6864-6d3f-4bee-a34e-84a9b082f422","local_time":"20181012155635","is_ascension_mode":true,"campfire_choices":[{"data":"Zap","floor":6,"key":"SMITH"},{"data":"Creative AI","floor":8,"key":"SMITH"},{"data":"Go for the Eyes","floor":10,"key":"SMITH"}],"neow_cost":"NO_GOLD","seed_source_timestamp":144766023411481,"circlet_count":0,"master_deck":["Strike_B","Strike_B","Strike_B","Defend_B","Defend_B","Defend_B","Defend_B","Zap+1","Dualcast","AscendersBane","Creative AI+1","Turbo","Go for the Eyes+1","Beam Cell","Undo"],"relics":["Cracked Core","Torii","Golden Idol","FaceOfCleric","Dodecahedron","Shuriken"],"potions_floor_usage":[],"damage_taken":[{"damage":2,"enemies":"Jaw Worm","floor":1,"turns":4},{"damage":1,"enemies":"Small Slimes","floor":4,"turns":3},{"damage":24,"enemies":"3 Sentries","floor":11,"turns":7},{"damage":1,"enemies":"2 Louse","floor":13,"turns":2},{"damage":16,"enemies":"Lagavulin","floor":14,"turns":5}],"seed_played":"-1303402098128699665","potions_obtained":[{"floor":13,"key":"FearPotion"}],"is_trial":false,"path_per_floor":["M","?","?","M","?","R","?","R","T","R","E","?","M"],"character_chosen":"DEFECT","items_purchased":[],"campfire_rested":0,"item_purchase_floors":[],"current_hp_per_floor":[62,44,33,32,32,32,32,32,32,32,9,9,9,0],"gold":243,"neow_bonus":"THREE_RARE_CARDS","is_prod":false,"is_daily":false,"chose_seed":false,"campfire_upgraded":3,"win_rate":0,"timestamp":1539330995,"path_taken":["M","?","?","M","?","R","?","R","T","R","E","?","?","E"],"build_version":"2018-10-11","purchased_purges":0,"victory":false,"max_hp_per_floor":[71,71,71,71,64,64,64,64,64,64,65,65,66,66],"card_choices":[{"not_picked":["Hyperbeam","Rainbow"],"picked":"Creative AI","floor":0},{"not_picked":["Gash","Conserve Battery"],"picked":"Turbo","floor":1},{"not_picked":["Chill","Force Field"],"picked":"Go for the Eyes","floor":4},{"not_picked":["Rebound","Thunder Strike"],"picked":"Beam Cell","floor":11},{"not_picked":["Hologram","Redo"],"picked":"Undo","floor":13}],"player_experience":311319,"relics_obtained":[{"floor":9,"key":"Dodecahedron"},{"floor":11,"key":"Shuriken"}],"event_choices":[{"event_name":"Scrap Ooze","player_choice":"success","floor":2,"damage_taken":18},{"event_name":"World of Goop","player_choice":"Gather Gold","floor":3,"damage_taken":0},{"event_name":"Golden Idol","player_choice":"Lose Max HP","floor":5,"damage_taken":0},{"event_name":"FaceTrader","player_choice":"Trade","floor":7,"damage_taken":0},{"event_name":"Purifier","player_choice":"One Purge","floor":12,"damage_taken":0}],"is_beta":false,"boss_relics":[],"items_purged_floors":[],"is_endless":false,"potions_floor_spawned":[13],"killed_by":"Lagavulin","ascension_level":20}