{"gold_per_floor":[15,15,33,33,33,33,33,43,96,60,60,77,88,98,98,195,195,214,62,62,85,85,85,96,108,132,147,147,147,47,61,61,163,163,176,86,86,106,106,106,132,132,209,9,21,21,21,31,31,31],"floor_reached":51,"playtime":2060,"items_purged":["Defend_G","Defend_G","Defend_G+1"],"score":715,"play_id":"52af7d65-2883-4590-8c68-4622afc60279","local_time":"20181015224703","is_ascension_mode":false,"campfire_choices":[{"data":"Burst","floor":6.0,"key":"SMITH"},{"data":"Leg Sweep","floor":11.0,"key":"SMITH"},{"data":"Neutralize","floor":15.0,"key":"SMITH"},{"data":"Footwork","floor":23.0,"key":"SMITH"},{"data":"Bouncing Flask","floor":28.0,"key":"SMITH"},{"data":"Bouncing Flask","floor":32.0,"key":"SMITH"},{"floor":40.0,"key":"REST"},{"data":"Dash","floor":42,"key":"SMITH"},{"data":"Catalyst","floor":49,"key":"SMITH"}],"neow_cost":"NO_GOLD","seed_source_timestamp":43227899977078,"circlet_count":0,"master_deck":["Defend_G+1","Strike_G+1","Survivor+1","Neutralize+1","Burst+1","Purity+1","Dash+1","Leg Sweep+1","Backflip+1","Doppelganger+1","Night Terror+1","Predator+1","Footwork+1","All Out Attack+1","Burst+1","Bouncing Flask+1","Bouncing Flask+1","Night Terror+1","Dash+1","Noxious Fumes","Catalyst+1"],"special_seed":0,"relics":["Ring of the Snake","Tiny Chest","Velvet Choker","Potion Belt","War Paint","Runic Pyramid","Mark of the Bloom","Ninja Scroll","Question Card","Torii"],"potions_floor_usage":[50,50,50],"damage_taken":[{"damage":0.0,"enemies":"Jaw Worm","floor":1.0,"turns":5.0},{"damage":2.0,"enemies":"Cultist","floor":3.0,"turns":5.0},{"damage":0.0,"enemies":"Small Slimes","floor":8.0,"turns":5.0},{"damage":2.0,"enemies":"Exordium Thugs","floor":12.0,"turns":5.0},{"damage":0.0,"enemies":"Looter","floor":13.0,"turns":4.0},{"damage":0.0,"enemies":"Red Slaver","floor":14.0,"turns":7.0},{"damage":29.0,"enemies":"Hexaghost","floor":16.0,"turns":12.0},{"damage":0.0,"enemies":"Shell Parasite","floor":18.0,"turns":10.0},{"damage":0.0,"enemies":"3 Byrds","floor":24.0,"turns":6.0},{"damage":1.0,"enemies":"Centurion and Healer","floor":25.0,"turns":9.0},{"damage":0.0,"enemies":"Snecko","floor":27.0,"turns":6.0},{"damage":6.0,"enemies":"Sentry and Sphere","floor":31.0,"turns":6.0},{"damage":46.0,"enemies":"Automaton","floor":33.0,"turns":10.0},{"damage":0.0,"enemies":"Orb Walker","floor":35.0,"turns":5.0},{"damage":0.0,"enemies":"3 Darklings","floor":38.0,"turns":8.0},{"damage":13.0,"enemies":"Nemesis","floor":41.0,"turns":13.0},{"damage":8,"enemies":"4 Shapes","floor":45,"turns":7},{"damage":20,"enemies":"Reptomancer","floor":48,"turns":5},{"damage":19,"enemies":"Donu and Deca","floor":50,"turns":14}],"seed_played":"-6531504109843268423","potions_obtained":[{"floor":3.0,"key":"Strength Potion"},{"floor":8.0,"key":"LiquidBronze"},{"floor":12.0,"key":"LiquidBronze"},{"floor":13.0,"key":"LiquidBronze"},{"floor":25.0,"key":"LiquidBronze"},{"floor":31.0,"key":"Swift Potion"},{"floor":41,"key":"Weak Potion"},{"floor":48,"key":"GhostInAJar"}],"is_trial":false,"path_per_floor":["M","?","M","$","?","R","?","M","T","$","R","M","M","M","R","B",null,"M","$","?","T","?","R","M","M","T","M","R","?","$","M","R","B",null,"M","?","?","M","?","R","E","R","T","$","M","$","T","M","R","B"],"character_chosen":"THE_SILENT","items_purchased":["Leg Sweep","Footwork","Noxious Fumes"],"campfire_rested":1,"item_purchase_floors":[10,19,44],"current_hp_per_floor":[70,70,68,68,68,68,68,68,68,68,68,66,66,66,66,37,70,70,70,70,70,70,70,70,69,69,69,69,69,69,63,63,17,70,70,70,70,70,70,70,57,57,57,57,49,49,49,29,29,10],"gold":31,"neow_bonus":"REMOVE_TWO","is_prod":false,"is_daily":false,"chose_seed":false,"campfire_upgraded":8,"win_rate":0,"timestamp":1539614823,"path_taken":["M","?","M","?","?","R","?","M","T","$","R","M","M","M","R","BOSS","M","$","?","?","?","R","M","M","T","?","R","?","$","M","R","BOSS","M","?","?","M","?","R","E","R","T","$","?","?","?","M","R","BOSS"],"build_version":"2018-10-11","purchased_purges":3,"victory":true,"max_hp_per_floor":[70,70,70,70,70,70,70,70,70,70,70,70,70,70,70,70,70,70,70,70,70,70,70,70,70,70,70,70,70,70,70,70,70,70,70,70,70,70,70,70,70,70,70,70,70,70,70,70,70,70],"card_choices":[{"not_picked":["Bane","Concentrate","Accuracy"],"picked":"SKIP","floor":1.0},{"not_picked":["Dodge and Roll","Infinite Blades","Expertise"],"picked":"SKIP","floor":3.0},{"not_picked":["Flying Knee","All Out Attack"],"picked":"Dash","floor":8.0},{"not_picked":["Outmaneuver","Dagger Spray","Flying Knee"],"picked":"SKIP","floor":12.0},{"not_picked":["Dagger Throw","PiercingWail"],"picked":"Backflip","floor":13.0},{"not_picked":["Blade Dance","Distraction"],"picked":"Doppelganger","floor":14.0},{"not_picked":["Venomology","A Thousand Cuts"],"picked":"Night Terror","floor":16.0},{"not_picked":["Bane","Dodge and Roll"],"picked":"Predator","floor":18.0},{"not_picked":["Cloak And Dagger","Quick Slash+1"],"picked":"Burst","floor":24.0},{"not_picked":["Blade Dance","Dagger Throw","Slice"],"picked":"SKIP","floor":25.0},{"not_picked":["Terror","Dash"],"picked":"Bouncing Flask","floor":27.0},{"not_picked":["Terror+1","Dodge and Roll"],"picked":"Bouncing Flask","floor":31.0},{"not_picked":["Adrenaline","Storm of Steel"],"picked":"Night Terror","floor":33.0},{"not_picked":["Dodge and Roll+1","Poisoned Stab","Deflect+1"],"picked":"SKIP","floor":35.0},{"not_picked":["Distraction+1","Sucker Punch","Escape Plan+1"],"picked":"SKIP","floor":38.0},{"not_picked":["Blade Dance","Dodge and Roll"],"picked":"Dash","floor":41},{"not_picked":["Skewer","Leg Sweep+1","Blade Dance"],"picked":"Catalyst","floor":45},{"not_picked":["Flying Knee+1","Slice+1","Phantasmal Killer","Distraction+1"],"picked":"SKIP","floor":48}],"player_experience":230439,"relics_obtained":[{"floor":9.0,"key":"Tiny Chest"},{"floor":21.0,"key":"Potion Belt"},{"floor":26.0,"key":"War Paint"},{"floor":41,"key":"Ninja Scroll"},{"floor":43,"key":"Question Card"},{"floor":47,"key":"Torii"}],"event_choices":[{"event_name":"Match and Keep!","player_choice":"2 cards matched","floor":2.0,"damage_taken":0.0},{"event_name":"Purifier","player_choice":"One Purge","floor":5.0,"damage_taken":0.0},{"event_name":"Scrap Ooze","player_choice":"unsuccessful","floor":7.0,"damage_taken":0.0},{"event_name":"Upgrade Shrine","player_choice":"Upgraded","floor":20.0,"damage_taken":0.0},{"event_name":"Transmorgrifier","player_choice":"Transform","floor":22.0,"damage_taken":0.0},{"event_name":"Vampires","player_choice":"Ignored","floor":29.0,"damage_taken":0.0},{"event_name":"Designer","player_choice":"Full Service","floor":36.0,"damage_taken":0.0},{"event_name":"SensoryStone","player_choice":"Memory 1","floor":37.0,"damage_taken":0.0},{"event_name":"MindBloom","player_choice":"Upgrade","floor":39.0,"damage_taken":0.0}],"is_beta":false,"boss_relics":[{"not_picked":["Empty Cage","HoveringKite"],"picked":"Velvet Choker"},{"not_picked":["Busted Crown","Philosopher\u0027s Stone"],"picked":"Runic Pyramid"}],"items_purged_floors":[19,30,44],"is_endless":false,"potions_floor_spawned":[3,8,12,13,25,31,41,48],"ascension_level":0}