{"gold_per_floor":[110,60,60,60,40,71,71,105,130,164,177,202,202,51,51,142,142,158,158,202,221,239,239,254,254,254,254,254,278,178,199,199,199],"floor_reached":33,"playtime":1078,"items_purged":["Strike_G","Strike_G"],"score":726,"play_id":"096103ea-5097-4bfa-ad77-691976111fdf","local_time":"20181115221427","is_ascension_mode":true,"campfire_choices":[{"data":"All Out Attack","floor":7,"key":"SMITH"},{"data":"Calculated Gamble","floor":13,"key":"SMITH"},{"data":"Reflex","floor":15,"key":"SMITH"},{"data":"Tactician","floor":23,"key":"SMITH"},{"data":"Well Laid Plans","floor":25,"key":"SMITH"},{"floor":27,"key":"REST"},{"data":"Acrobatics","floor":32,"key":"SMITH"}],"neow_cost":"NONE","seed_source_timestamp":14832571687088,"circlet_count":0,"master_deck":["AscendersBane","Defend_G","Defend_G+1","Defend_G","Defend_G+1","Defend_G","Strike_G","Strike_G","Strike_G","Survivor","Neutralize","All Out Attack+1","Deadly Poison+1","Well Laid Plans+1","Acrobatics+1","Calculated Gamble+1","Reflex+1","Masterful Stab","Adrenaline","Blur","Prepared","Tactician+1","PiercingWail"],"relics":["Ring of the Snake","NeowsBlessing","Golden Idol","Question Card","Turnip","War Paint","Bag of Preparation","Philosopher\u0027s Stone","Red Mask","Bronze Scales","Bottled Tornado"],"potions_floor_usage":[10,16,22,24],"damage_taken":[{"damage":0,"enemies":"2 Louse","floor":1,"turns":1},{"damage":0,"enemies":"Gremlin Nob","floor":6,"turns":1},{"damage":0,"enemies":"3 Sentries","floor":8,"turns":2},{"damage":31,"enemies":"Gremlin Nob","floor":10,"turns":4},{"damage":0,"enemies":"Small Slimes","floor":11,"turns":3},{"damage":0,"enemies":"Cultist","floor":12,"turns":4},{"damage":0,"enemies":"Slime Boss","floor":16,"turns":7},{"damage":11,"enemies":"Shell Parasite","floor":18,"turns":4},{"damage":14,"enemies":"Masked Bandits","floor":20,"turns":3},{"damage":5,"enemies":"3 Byrds","floor":21,"turns":4},{"damage":14,"enemies":"Snecko","floor":22,"turns":5},{"damage":8,"enemies":"Sentry and Sphere","floor":24,"turns":8},{"damage":0,"enemies":"Snake Plant","floor":29,"turns":4},{"damage":0,"enemies":"Centurion and Healer","floor":31,"turns":7},{"damage":39,"enemies":"Collector","floor":33,"turns":7}],"seed_played":"9146512806808492200","potions_obtained":[{"floor":5,"key":"PowerPotion"},{"floor":6,"key":"Strength Potion"},{"floor":11,"key":"GamblersBrew"},{"floor":21,"key":"Regen Potion"},{"floor":24,"key":"Explosive Potion"},{"floor":31,"key":"Dexterity Potion"}],"is_trial":false,"path_per_floor":["M","$","?","?","?","E","R","E","T","E","M","M","R","$","R","B",null,"M","?","?","M","M","R","M","R","T","R","T","M","$","M","R","B"],"character_chosen":"THE_SILENT","items_purchased":["Deadly Poison","Masterful Stab"],"campfire_rested":1,"item_purchase_floors":[2,14],"current_hp_per_floor":[59,59,59,59,59,59,59,59,59,28,28,28,28,28,28,28,52,41,41,27,22,23,23,15,15,15,33,33,33,33,33,33,0],"gold":199,"neow_bonus":"THREE_ENEMY_KILL","is_prod":false,"is_daily":false,"chose_seed":false,"campfire_upgraded":6,"win_rate":0,"timestamp":1542291267,"path_taken":["M","$","?","?","?","E","R","E","T","E","M","?","R","$","R","BOSS","M","?","?","M","M","R","M","R","T","R","?","?","$","M","R","BOSS"],"build_version":"2018-11-14","purchased_purges":2,"victory":false,"max_hp_per_floor":[66,66,60,60,60,60,60,60,60,60,60,60,60,60,60,60,60,60,60,60,60,60,60,60,60,60,60,60,60,60,60,60,60],"card_choices":[{"not_picked":["Outmaneuver","Dagger Throw"],"picked":"All Out Attack","floor":1},{"not_picked":["Cloak And Dagger","Expertise"],"picked":"Well Laid Plans","floor":6},{"not_picked":["Blade Dance","Deadly Poison","Dagger Throw"],"picked":"Acrobatics","floor":8},{"not_picked":["Dagger Spray","Crippling Poison","Noxious Fumes","Cloak And Dagger"],"picked":"SKIP","floor":10},{"not_picked":["Caltrops","Expertise","Dagger Throw"],"picked":"Calculated Gamble","floor":11},{"not_picked":["Sucker Punch","Flying Knee","Blade Dance"],"picked":"Reflex","floor":12},{"not_picked":["Malaise","Phantasmal Killer","After Image"],"picked":"Adrenaline","floor":16},{"not_picked":["Reflex","Sucker Punch","Bouncing Flask"],"picked":"Blur","floor":18},{"not_picked":["Noxious Fumes","Dagger Spray","Backflip"],"picked":"Prepared","floor":21},{"not_picked":["Cloak And Dagger","Deflect","Expertise"],"picked":"Tactician","floor":22},{"not_picked":["Dagger Throw","Acrobatics","Blade Dance","Crippling Poison"],"picked":"SKIP","floor":24},{"not_picked":["All Out Attack","Setup","Dodge and Roll"],"picked":"PiercingWail","floor":29},{"not_picked":["Choke","Masterful Stab","Infinite Blades","Poisoned Stab"],"picked":"SKIP","floor":31}],"player_experience":1070299,"relics_obtained":[{"floor":6,"key":"Question Card"},{"floor":8,"key":"Turnip"},{"floor":9,"key":"War Paint"},{"floor":10,"key":"Bag of Preparation"},{"floor":20,"key":"Red Mask"},{"floor":26,"key":"Bronze Scales"},{"floor":28,"key":"Bottled Tornado"}],"event_choices":[{"damage_healed":0,"gold_gain":0,"player_choice":"Lose Max HP","damage_taken":0,"relics_obtained":["Golden Idol"],"max_hp_gain":0,"max_hp_loss":6,"event_name":"Golden Idol","floor":3,"gold_loss":0},{"damage_healed":0,"gold_gain":0,"player_choice":"Grow","damage_taken":0,"max_hp_gain":0,"max_hp_loss":0,"event_name":"Living Wall","floor":4,"gold_loss":0,"cards_upgraded":["Deadly Poison"]},{"damage_healed":0,"gold_gain":0,"player_choice":"Bought 1 Potion","damage_taken":0,"max_hp_gain":0,"max_hp_loss":0,"event_name":"The Woman in Blue","floor":5,"gold_loss":0},{"damage_healed":0,"gold_gain":0,"player_choice":"Ignored","damage_taken":0,"max_hp_gain":0,"max_hp_loss":0,"event_name":"The Mausoleum","floor":19,"gold_loss":0},{"damage_healed":0,"gold_gain":0,"player_choice":"Fought Bandits","damage_taken":0,"max_hp_gain":0,"max_hp_loss":0,"event_name":"Masked Bandits","floor":20,"gold_loss":0}],"is_beta":true,"boss_relics":[{"not_picked":["Runic Pyramid","WristBlade"],"picked":"Philosopher\u0027s Stone"}],"items_purged_floors":[14,30],"is_endless":false,"potions_floor_spawned":[6,11,21,24,31],"killed_by":"Collector","ascension_level":20}