{"gold_per_floor":[110,110,120,120,120,120,155,169,169,169,68,96,113,123,123,221,221,231,13,13,27,46,46,46,46,46,46,60,79,111,130,130,130],"floor_reached":33,"playtime":4043,"items_purged":["Strike_R"],"score":401,"play_id":"a5af1869-7d36-4d54-9ee6-e68f9218e376","local_time":"20190729065948","is_ascension_mode":true,"campfire_choices":[{"data":"Sword Boomerang","floor":6.0,"key":"SMITH"},{"data":"Whirlwind","floor":10.0,"key":"SMITH"},{"data":"Body Slam","floor":15.0,"key":"SMITH"},{"data":"Flame Barrier","floor":23,"key":"SMITH"},{"data":"Inflame","floor":25,"key":"SMITH"},{"data":"True Grit","floor":27,"key":"SMITH"},{"floor":32,"key":"REST"}],"neow_cost":"NONE","seed_source_timestamp":0,"circlet_count":0,"master_deck":["AscendersBane","Strike_R+1","Strike_R","Strike_R","Defend_R","Defend_R","Defend_R","Defend_R","Bash","Berserk+1","Sword Boomerang+1","Sword Boomerang","Whirlwind+1","Body Slam+1","True Grit+1","Anger+1","Iron Wave+1","Impervious","Inflame+1","Flame Barrier+1","Fiend Fire+1","Pommel Strike+1","Rampage+1","Double Tap","Entrench","Body Slam+1","Sword Boomerang+1"],"special_seed":0,"relics":["Burning Blood","Anchor","Bronze Scales","Molten Egg 2","Odd Mushroom","Sozu","Nunchaku","Gremlin Horn","Omamori"],"potions_floor_usage":[],"damage_taken":[{"damage":2.0,"enemies":"2 Louse","floor":1.0,"turns":5.0},{"damage":0.0,"enemies":"Jaw Worm","floor":3.0,"turns":3.0},{"damage":25.0,"enemies":"Lagavulin","floor":7.0,"turns":6.0},{"damage":1.0,"enemies":"Cultist","floor":8.0,"turns":4.0},{"damage":2.0,"enemies":"The Mushroom Lair","floor":12.0,"turns":2.0},{"damage":0.0,"enemies":"Exordium Wildlife","floor":13.0,"turns":3.0},{"damage":0.0,"enemies":"Gremlin Gang","floor":14.0,"turns":2.0},{"damage":53.0,"enemies":"Hexaghost","floor":16.0,"turns":9.0},{"damage":8,"enemies":"3 Byrds","floor":18,"turns":4},{"damage":12,"enemies":"2 Thieves","floor":21,"turns":2},{"damage":8,"enemies":"Snake Plant","floor":22,"turns":2},{"damage":0,"enemies":"Chosen and Byrds","floor":28,"turns":3},{"damage":10,"enemies":"Centurion and Healer","floor":29,"turns":4},{"damage":26,"enemies":"Gremlin Leader","floor":30,"turns":5},{"damage":0,"enemies":"Shelled Parasite and Fungi","floor":31,"turns":2},{"damage":79,"enemies":"Automaton","floor":33,"turns":6}],"seed_played":"-7837594824765794615","potions_obtained":[{"floor":1.0,"key":"PowerPotion"},{"floor":3.0,"key":"EssenceOfSteel"}],"is_trial":false,"path_per_floor":["M","?","M","?","?","R","E","M","T","R","$","?","M","M","R","B",null,"M","$","?","M","M","R","?","R","T","R","M","M","E","M","R","B"],"character_chosen":"IRONCLAD","items_purchased":["True Grit","Inflame","Flame Barrier","Fiend Fire+1"],"campfire_rested":1,"item_purchase_floors":[11,19,19,19],"current_hp_per_floor":[76,73,79,63,56,56,37,42,42,42,42,46,52,58,58,11,63,61,61,61,55,53,53,53,53,53,53,59,55,35,41,65,0],"gold":130,"neow_bonus":"ONE_RANDOM_RARE_CARD","is_prod":false,"is_daily":false,"chose_seed":false,"campfire_upgraded":6,"win_rate":0,"timestamp":1564401588,"path_taken":["M","?","M","?","?","R","E","M","T","R","$","?","M","?","R","BOSS","M","$","?","M","M","R","?","R","T","R","M","M","E","?","R","BOSS"],"build_version":"2019-07-17","purchased_purges":1,"victory":false,"max_hp_per_floor":[80,80,80,80,80,80,80,80,80,80,80,80,80,80,80,80,80,80,80,80,80,80,80,80,80,80,80,80,80,80,80,80,80],"card_choices":[{"not_picked":["Sever Soul","Headbutt"],"picked":"Sword Boomerang","floor":1.0},{"not_picked":["Wild Strike","Perfected Strike"],"picked":"Sword Boomerang","floor":3.0},{"not_picked":["Warcry","Reaper"],"picked":"Whirlwind","floor":7.0},{"not_picked":["Clothesline","Anger"],"picked":"Body Slam","floor":8.0},{"not_picked":["Havoc","Rupture"],"picked":"Anger+1","floor":12.0},{"not_picked":["Warcry","Burning Pact","Clash+1"],"picked":"SKIP","floor":13.0},{"not_picked":["Shrug It Off","Anger+1"],"picked":"Iron Wave+1","floor":14.0},{"not_picked":["Exhume","Fiend Fire+1"],"picked":"Impervious","floor":16.0},{"not_picked":["Thunderclap+1","Havoc","Evolve"],"picked":"SKIP","floor":18},{"not_picked":["Feel No Pain","Power Through"],"picked":"Pommel Strike+1","floor":21},{"not_picked":["Sword Boomerang+1","Headbutt+1"],"picked":"Rampage+1","floor":22},{"not_picked":["Sword Boomerang+1","Shrug It Off"],"picked":"Double Tap","floor":28},{"not_picked":["Iron Wave+1","Clash+1"],"picked":"Entrench","floor":29},{"not_picked":["Iron Wave+1","Armaments+1"],"picked":"Body Slam+1","floor":30},{"not_picked":["Thunderclap+1","Corruption"],"picked":"Sword Boomerang+1","floor":31}],"player_experience":374639,"relics_obtained":[{"floor":7.0,"key":"Bronze Scales"},{"floor":9.0,"key":"Molten Egg 2"},{"floor":12.0,"key":"Odd Mushroom"},{"floor":26,"key":"Gremlin Horn"},{"floor":30,"key":"Omamori"}],"event_choices":[{"damage_healed":0.0,"max_hp_gain":0.0,"max_hp_loss":0.0,"gold_gain":0.0,"event_name":"Scrap Ooze","player_choice":"Success","floor":2.0,"gold_loss":0.0,"damage_taken":3.0,"relics_obtained":["Anchor"]},{"damage_healed":0.0,"max_hp_gain":0.0,"max_hp_loss":0.0,"gold_gain":0.0,"event_name":"Shining Light","player_choice":"Entered Light","floor":4.0,"gold_loss":0.0,"damage_taken":16.0,"cards_upgraded":["Berserk","Strike_R"]},{"cards_removed":["Strike_R"],"damage_healed":0.0,"max_hp_gain":0.0,"max_hp_loss":0.0,"gold_gain":0.0,"event_name":"Golden Wing","player_choice":"Card Removal","floor":5.0,"gold_loss":0.0,"damage_taken":7.0},{"damage_healed":0.0,"max_hp_gain":0.0,"max_hp_loss":0.0,"gold_gain":0.0,"event_name":"Mushrooms","player_choice":"Fought Mushrooms","floor":12.0,"gold_loss":0.0,"damage_taken":0.0},{"damage_healed":0,"gold_gain":0,"player_choice":"Gave Potion","damage_taken":0,"relics_obtained":["Nunchaku"],"max_hp_gain":0,"max_hp_loss":0,"event_name":"WeMeetAgain","floor":24,"gold_loss":0}],"is_beta":false,"boss_relics":[{"not_picked":["Runic Pyramid","Calling Bell"],"picked":"Sozu"}],"items_purged_floors":[11],"is_endless":false,"potions_floor_spawned":[1,3,21,22,28,31],"killed_by":"Automaton","ascension_level":10}