{"gold_per_floor":[116,130,145,159,172,202,202,229,255,255,269,205,224,244,244,318,318,302,87,99,109,109],"floor_reached":22,"playtime":887,"items_purged":[],"score":354,"play_id":"e1e8efd6-4f3e-47bd-8e4b-0d139081f34d","local_time":"20180722101920","is_ascension_mode":true,"campfire_choices":[{"floor":7,"key":"REST"},{"floor":10,"key":"REST"},{"data":"Setup","floor":15,"key":"SMITH"}],"neow_cost":"","seed_source_timestamp":10326513286708,"circlet_count":0,"master_deck":["Defend_G","Defend_G","Defend_G","Defend_G","Defend_G","Strike_G","Strike_G","Strike_G","Strike_G+1","Strike_G+1","Survivor","Neutralize","AscendersBane","Dagger Spray","Setup+1","Well Laid Plans","Infinite Blades","Poisoned Stab","Backflip","Cloak And Dagger","Venomology","Tactician","All Out Attack","Burst","Underhanded Strike","Prepared","PiercingWail","Dagger Throw"],"relics":["Ring of the Snake","Whetstone","Bronze Scales","Snake Skull","Busted Crown","TwistedFunnel"],"potions_floor_usage":[6,8,16,16,16,18,20,21],"damage_taken":[{"damage":2,"enemies":"Jaw Worm","floor":1,"turns":8},{"damage":0,"enemies":"2 Louse","floor":2,"turns":3},{"damage":2,"enemies":"Cultist","floor":3,"turns":4},{"damage":12,"enemies":"Large Slime","floor":4,"turns":9},{"damage":4,"enemies":"2 Fungi Beasts","floor":5,"turns":5},{"damage":38,"enemies":"Gremlin Nob","floor":6,"turns":5},{"damage":15,"enemies":"Lagavulin","floor":8,"turns":7},{"damage":0,"enemies":"Looter","floor":11,"turns":3},{"damage":0,"enemies":"Gremlin Gang","floor":13,"turns":3},{"damage":0,"enemies":"Large Slime","floor":14,"turns":5},{"damage":2,"enemies":"Hexaghost","floor":16,"turns":9},{"damage":17,"enemies":"2 Thieves","floor":18,"turns":4},{"damage":1,"enemies":"3 Byrds","floor":20,"turns":4},{"damage":17,"enemies":"3 Cultists","floor":21,"turns":5}],"seed_played":"-8505122646093981779","potions_obtained":[{"floor":2,"key":"Block Potion"},{"floor":3,"key":"Weak Potion"},{"floor":13,"key":"AttackPotion"},{"floor":16,"key":"SpeedPotion"},{"floor":18,"key":"PowerPotion"}],"is_trial":false,"path_per_floor":["M","M","M","M","M","E","R","E","T","R","M","?","M","M","R","B",null,"M","$","M","M"],"character_chosen":"THE_SILENT","items_purchased":["TwistedFunnel","Prepared"],"campfire_rested":2,"item_purchase_floors":[19,19],"current_hp_per_floor":[57,57,55,43,39,1,20,5,5,24,24,24,24,24,24,22,55,38,38,37,20,0],"gold":109,"neow_bonus":"","is_prod":false,"is_daily":false,"chose_seed":false,"campfire_upgraded":1,"win_rate":0,"timestamp":1532225960,"path_taken":["M","M","M","M","M","E","R","E","T","R","M","?","?","M","R","BOSS","M","$","M","M","?"],"build_version":"2018-07-19","purchased_purges":0,"victory":false,"max_hp_per_floor":[66,66,66,66,66,66,66,66,66,66,66,66,66,66,66,66,66,66,66,66,66,66],"card_choices":[{"not_picked":["Reflex","Setup"],"picked":"Dagger Spray","floor":1},{"not_picked":["Catalyst","Setup","Acrobatics"],"picked":"SKIP","floor":2},{"not_picked":["Catalyst","Acrobatics"],"picked":"Setup","floor":2},{"not_picked":["Eviscerate","Leg Sweep"],"picked":"Well Laid Plans","floor":3},{"not_picked":["Dodge and Roll","Leg Sweep"],"picked":"Infinite Blades","floor":4},{"not_picked":["Cloak And Dagger","Dodge and Roll"],"picked":"Poisoned Stab","floor":5},{"not_picked":["Cloak And Dagger","Reflex"],"picked":"Backflip","floor":6},{"not_picked":["Setup","Crippling Poison"],"picked":"Cloak And Dagger","floor":8},{"not_picked":["Backflip","Deflect"],"picked":"Venomology","floor":11},{"not_picked":["Prepared","Dash"],"picked":"Tactician","floor":13},{"not_picked":["Outmaneuver","Infinite Blades"],"picked":"All Out Attack","floor":14},{"not_picked":["Malaise","Die Die Die"],"picked":"Burst","floor":16},{"not_picked":[],"picked":"Underhanded Strike","floor":18},{"not_picked":[],"picked":"PiercingWail","floor":20},{"not_picked":[],"picked":"Dagger Throw","floor":21}],"player_experience":762539,"relics_obtained":[{"floor":6,"key":"Whetstone"},{"floor":8,"key":"Bronze Scales"},{"floor":9,"key":"Snake Skull"}],"event_choices":[{"event_name":"World of Goop","player_choice":"Left","floor":12,"damage_taken":0}],"is_beta":true,"boss_relics":[{"not_picked":["Black Star","Snecko Eye"],"picked":"Busted Crown"}],"items_purged_floors":[],"is_endless":false,"potions_floor_spawned":[2,3,5,13,14,16,18,20],"ascension_level":15}