{"gold_per_floor":[110,125,50,62,62,62,82,82,106,120,120,120,137,212,212,313,313,238,238,238,138,138,138,13,13,13,13,13,13,13,13,13,13,13,13,0,0,0,0,0],"floor_reached":40,"playtime":2650,"items_purged":["Defend_G","Defend_G","Strike_G"],"score":419,"play_id":"ed6e000a-9329-473a-97a1-eda526c55f92","local_time":"20190102181958","is_ascension_mode":false,"campfire_choices":[{"data":"Survivor","floor":6,"key":"SMITH"},{"data":"Blade Dance","floor":8,"key":"SMITH"},{"data":"Quick Slash","floor":11,"key":"SMITH"},{"floor":15,"key":"REST"},{"data":"Adrenaline","floor":23,"key":"SMITH"},{"data":"Cloak And Dagger","floor":25,"key":"SMITH"},{"data":"Neutralize","floor":28,"key":"SMITH"},{"floor":32,"key":"RECALL"}],"neow_cost":"PERCENT_DAMAGE","seed_source_timestamp":17414388164072,"circlet_count":0,"master_deck":["Defend_G+1","Defend_G+1","Survivor+1","Neutralize+1","Infinite Blades","Quick Slash+1","After Image","Blade Dance+1","Adrenaline+1","Cloak And Dagger+1","Backstab+1","Outmaneuver","Adrenaline","Terror","Night Terror","Thinking Ahead","Transmutation"],"relics":["Ring of the Serpent","Odd Mushroom","War Paint","Ectoplasm","Lantern","Bottled Lightning","Red Mask"],"potions_floor_usage":[],"damage_taken":[{"damage":0,"enemies":"Small Slimes","floor":1,"turns":3},{"damage":3,"enemies":"2 Louse","floor":2,"turns":3},{"damage":0,"enemies":"Jaw Worm","floor":4,"turns":4},{"damage":25,"enemies":"The Mushroom Lair","floor":7,"turns":7},{"damage":0,"enemies":"Exordium Thugs","floor":10,"turns":6},{"damage":0,"enemies":"2 Fungi Beasts","floor":13,"turns":3},{"damage":14,"enemies":"The Guardian","floor":16,"turns":17},{"damage":0,"enemies":"2 Thieves","floor":18,"turns":5},{"damage":0,"enemies":"3 Byrds","floor":20,"turns":5},{"damage":0,"enemies":"Snecko","floor":22,"turns":5},{"damage":0,"enemies":"Book of Stabbing","floor":27,"turns":5},{"damage":0,"enemies":"Centurion and Healer","floor":30,"turns":6},{"damage":0,"enemies":"Cultist and Chosen","floor":31,"turns":7},{"damage":18,"enemies":"Champ","floor":33,"turns":14},{"damage":0,"enemies":"3 Shapes","floor":35,"turns":4},{"damage":9,"enemies":"Orb Walker","floor":39,"turns":3},{"damage":0,"enemies":"Reptomancer","floor":40,"turns":2}],"seed_played":"6585907752409021025","potions_obtained":[{"floor":13,"key":"Block Potion"},{"floor":20,"key":"Explosive Potion"},{"floor":30,"key":"SkillPotion"},{"floor":33,"key":"Swift Potion"}],"is_trial":false,"path_per_floor":["M","M","$","M","?","R","?","R","T","M","R","?","M","?","R","B",null,"M","?","M","$","M","R","$","R","T","E","R","T","M","M","R","B",null,"M","?","?","?","M","E"],"character_chosen":"THE_SILENT","items_purchased":[],"campfire_rested":1,"item_purchase_floors":[],"current_hp_per_floor":[49,46,46,46,69,69,44,44,44,44,44,44,44,33,54,40,70,70,70,70,70,70,70,70,70,70,70,70,70,70,70,70,52,70,70,70,70,60,51,51],"gold":0,"neow_bonus":"REMOVE_TWO","is_prod":false,"is_daily":false,"chose_seed":false,"campfire_upgraded":6,"win_rate":0,"timestamp":1546449598,"path_taken":["M","M","$","M","?","R","?","R","T","M","R","?","M","?","R","BOSS","M","?","M","$","M","R","$","R","T","E","R","?","M","M","R","BOSS","M","?","?","?","M","E"],"build_version":"2018-12-20","purchased_purges":3,"victory":false,"max_hp_per_floor":[70,70,70,70,70,70,70,70,70,70,70,70,70,70,70,70,70,70,70,70,70,70,70,70,70,70,70,70,70,70,70,70,70,70,70,70,70,70,70,70],"card_choices":[{"not_picked":["Bane","Acrobatics"],"picked":"Infinite Blades","floor":1},{"not_picked":["Bane","Deadly Poison"],"picked":"Quick Slash","floor":2},{"not_picked":["Reflex","Slice"],"picked":"After Image","floor":4},{"not_picked":["Deflect","Masterful Stab"],"picked":"Blade Dance","floor":7},{"not_picked":["Backflip","Poisoned Stab","Expertise"],"picked":"SKIP","floor":10},{"not_picked":["Flechettes","Setup","PiercingWail"],"picked":"SKIP","floor":13},{"not_picked":["Corpse Explosion","Wraith Form v2"],"picked":"Adrenaline","floor":16},{"not_picked":["Underhanded Strike+1","Backflip"],"picked":"Cloak And Dagger","floor":18},{"not_picked":["Dodge and Roll","Underhanded Strike","Flying Knee"],"picked":"SKIP","floor":20},{"not_picked":["Distraction+1","Sucker Punch"],"picked":"Backstab+1","floor":22},{"not_picked":["Sucker Punch","Reflex"],"picked":"Outmaneuver","floor":27},{"not_picked":["Deflect","Distraction"],"picked":"Adrenaline","floor":30},{"not_picked":["Quick Slash","Underhanded Strike"],"picked":"Terror","floor":31},{"not_picked":["Tools of the Trade","Bullet Time"],"picked":"Night Terror","floor":33},{"not_picked":["Quick Slash","PiercingWail+1","Dagger Throw"],"picked":"SKIP","floor":35},{"not_picked":["Good Instincts","Swift Strike"],"picked":"Thinking Ahead","floor":38},{"not_picked":["Finesse","Apotheosis"],"picked":"Transmutation","floor":38},{"not_picked":["Deflect","Underhanded Strike+1","Dagger Spray+1"],"picked":"SKIP","floor":39}],"player_experience":383785,"relics_obtained":[{"floor":7,"key":"Odd Mushroom"},{"floor":9,"key":"War Paint"},{"floor":26,"key":"Lantern"},{"floor":27,"key":"Bottled Lightning"}],"event_choices":[{"damage_healed":23,"gold_gain":0,"player_choice":"Banana","damage_taken":0,"max_hp_gain":0,"max_hp_loss":0,"event_name":"Big Fish","floor":5,"gold_loss":0},{"damage_healed":0,"gold_gain":0,"player_choice":"Fought Mushrooms","damage_taken":0,"max_hp_gain":0,"max_hp_loss":0,"event_name":"Mushrooms","floor":7,"gold_loss":0},{"cards_removed":["Strike_G"],"damage_healed":0,"gold_gain":0,"player_choice":"Forget","damage_taken":0,"max_hp_gain":0,"max_hp_loss":0,"event_name":"Living Wall","floor":12,"gold_loss":0},{"damage_healed":0,"gold_gain":75,"player_choice":"Gather Gold","damage_taken":11,"max_hp_gain":0,"max_hp_loss":0,"event_name":"World of Goop","floor":14,"gold_loss":0},{"cards_removed":["Strike_G"],"damage_healed":0,"gold_gain":0,"player_choice":"Elegance","damage_taken":0,"max_hp_gain":0,"max_hp_loss":0,"event_name":"Back to Basics","floor":19,"gold_loss":0},{"damage_healed":0,"gold_gain":0,"player_choice":"Paid","damage_taken":0,"relics_obtained":["Red Mask"],"max_hp_gain":0,"max_hp_loss":0,"event_name":"Tomb of Lord Red Mask","floor":36,"gold_loss":13},{"cards_removed":["Strike_G"],"damage_healed":0,"gold_gain":0,"player_choice":"Removed Attack","damage_taken":0,"max_hp_gain":0,"max_hp_loss":0,"event_name":"Falling","floor":37,"gold_loss":0},{"damage_healed":0,"gold_gain":0,"player_choice":"Memory 3","damage_taken":10,"max_hp_gain":0,"max_hp_loss":0,"event_name":"SensoryStone","floor":38,"gold_loss":0}],"is_beta":false,"boss_relics":[{"not_picked":["Runic Pyramid","Runic Dome"],"picked":"Ectoplasm"},{"not_picked":["Fusion Hammer","Empty Cage"],"picked":"Ring of the Serpent"}],"items_purged_floors":[3,21,24],"is_endless":false,"potions_floor_spawned":[13,20,30,33,35],"killed_by":"Reptomancer","ascension_level":0}