{"gold_per_floor":[359,359,379,395,320,320,354,354,354,354,369,389,403,415,415,514,514,527,527,527,543,543,543,557,575,575,328,328,360,360,394,394,495,495,513,528,192,192,212,212,212,212,236,251,251,251,271,371,371,371],"floor_reached":51,"playtime":4206,"items_purged":["Strike_R","Strike_R","Defend_R"],"score":950,"play_id":"d174c39f-a100-40ab-8f55-78101b13be77","local_time":"20190726193751","is_ascension_mode":true,"campfire_choices":[{"data":"Searing Blow","floor":6,"key":"SMITH"},{"floor":10,"key":"REST"},{"floor":15,"key":"REST"},{"data":"Searing Blow+2","floor":23,"key":"SMITH"},{"data":"Searing Blow+3","floor":28,"key":"SMITH"},{"data":"Searing Blow+4","floor":30,"key":"SMITH"},{"data":"Searing Blow+5","floor":32,"key":"SMITH"},{"data":"Searing Blow+6","floor":40,"key":"SMITH"},{"data":"Searing Blow+7","floor":42,"key":"SMITH"},{"data":"Searing Blow+8","floor":45,"key":"SMITH"},{"floor":49,"key":"REST"}],"neow_cost":"PERCENT_DAMAGE","seed_source_timestamp":539636925351360,"circlet_count":0,"master_deck":["Strike_R+1","Defend_R+1","Defend_R","Defend_R","Iron Wave","Searing Blow+9","Shrug It Off","Seeing Red+1","Uppercut","Barricade","Offering+1","Shrug It Off+1","Rampage+1","Flame Barrier+1","Intimidate+1","Exhume+1","Shrug It Off+1","Master of Strategy+1","Trip+1","Madness+1","Madness+1"],"relics":["Burning Blood","Incense Burner","Toxic Egg 2","Busted Crown","Bottled Tornado","Pear","Red Mask","Sozu","Red Skull"],"potions_floor_usage":[11,16,16,16,29,33,50,50],"damage_taken":[{"damage":3,"enemies":"2 Louse","floor":1,"turns":4},{"damage":1,"enemies":"Cultist","floor":3,"turns":4},{"damage":5,"enemies":"Small Slimes","floor":4,"turns":3},{"damage":46,"enemies":"Lagavulin","floor":7,"turns":9},{"damage":19,"enemies":"Exordium Thugs","floor":11,"turns":6},{"damage":4,"enemies":"Exordium Wildlife","floor":12,"turns":6},{"damage":0,"enemies":"3 Louse","floor":13,"turns":4},{"damage":16,"enemies":"Large Slime","floor":14,"turns":6},{"damage":16,"enemies":"The Guardian","floor":16,"turns":10},{"damage":8,"enemies":"Chosen","floor":18,"turns":5},{"damage":8,"enemies":"3 Byrds","floor":21,"turns":8},{"damage":7,"enemies":"Shelled Parasite and Fungi","floor":24,"turns":5},{"damage":0,"enemies":"Snecko","floor":25,"turns":7},{"damage":12,"enemies":"Book of Stabbing","floor":29,"turns":5},{"damage":6,"enemies":"Masked Bandits","floor":31,"turns":4},{"damage":6,"enemies":"Automaton","floor":33,"turns":7},{"damage":0,"enemies":"3 Shapes","floor":35,"turns":7},{"damage":12,"enemies":"3 Darklings","floor":36,"turns":5},{"damage":6,"enemies":"Transient","floor":39,"turns":5},{"damage":6,"enemies":"Maw","floor":44,"turns":6},{"damage":13,"enemies":"Jaw Worm Horde","floor":47,"turns":3},{"damage":4,"enemies":"Time Eater","floor":50,"turns":7}],"seed_played":"-8179715816705585077","potions_obtained":[{"floor":7,"key":"FearPotion"},{"floor":12,"key":"GamblersBrew"},{"floor":13,"key":"PowerPotion"},{"floor":14,"key":"PowerPotion"},{"floor":16,"key":"Fruit Juice"},{"floor":18,"key":"Dexterity Potion"},{"floor":21,"key":"Weak Potion"},{"floor":29,"key":"FearPotion"},{"floor":33,"key":"Strength Potion"}],"is_trial":false,"path_per_floor":["M","?","M","M","$","R","E","?","T","R","M","M","M","M","R","B",null,"M","?","?","M","?","R","M","M","T","$","R","E","R","?","R","B",null,"M","M","$","?","M","R","?","R","T","M","R","?","M","?","R","B",null],"character_chosen":"IRONCLAD","items_purchased":["Flame Barrier+1","BloodPotion","Shrug It Off+1","Master of Strategy+1"],"campfire_rested":3,"item_purchase_floors":[27,27,37,37],"current_hp_per_floor":[54,54,59,60,60,60,20,4,4,28,15,17,23,13,37,32,72,70,54,54,52,52,52,51,57,57,57,57,83,83,83,83,83,96,100,94,94,84,84,84,84,84,84,84,84,71,64,64,94,96],"gold":371,"neow_bonus":"TWO_FIFTY_GOLD","is_prod":false,"is_daily":false,"chose_seed":false,"campfire_upgraded":8,"win_rate":0,"timestamp":1564187871,"path_taken":["M","?","M","?","?","R","E","?","T","R","M","M","?","M","R","BOSS","M","?","?","M","?","R","M","?","T","$","R","E","R","?","R","BOSS","M","M","$","?","M","R","?","R","T","?","R","?","M","?","R","BOSS"],"build_version":"2019-07-17","purchased_purges":3,"victory":true,"max_hp_per_floor":[80,80,80,80,80,80,80,80,80,80,80,80,80,80,80,85,85,85,90,90,90,90,90,90,90,90,90,90,100,100,100,100,100,100,100,100,100,100,100,100,100,100,100,100,100,100,100,100,100,100],"card_choices":[{"not_picked":["Perfected Strike","Sever Soul"],"picked":"Iron Wave","floor":1},{"not_picked":["Hemokinesis","Flame Barrier"],"picked":"Searing Blow","floor":3},{"not_picked":["Sentinel","Wild Strike"],"picked":"Shrug It Off","floor":4},{"not_picked":["Flex","Feel No Pain","Havoc"],"picked":"SKIP","floor":7},{"not_picked":["Havoc+1","Cleave","Corruption"],"picked":"SKIP","floor":11},{"not_picked":["Wild Strike","Fire Breathing"],"picked":"Seeing Red+1","floor":12},{"not_picked":["Havoc+1","Pommel Strike","Hemokinesis"],"picked":"SKIP","floor":13},{"not_picked":["Bludgeon","Heavy Blade"],"picked":"Uppercut","floor":14},{"not_picked":["Juggernaut","Exhume+1"],"picked":"Barricade","floor":16},{"not_picked":["Wild Strike"],"picked":"SKIP","floor":18},{"not_picked":["Combust"],"picked":"SKIP","floor":21},{"not_picked":["Clothesline"],"picked":"SKIP","floor":24},{"not_picked":[],"picked":"Rampage+1","floor":25},{"not_picked":["Anger"],"picked":"SKIP","floor":29},{"not_picked":[],"picked":"Intimidate+1","floor":31},{"not_picked":[],"picked":"Exhume+1","floor":33},{"not_picked":["Cleave+1"],"picked":"SKIP","floor":35},{"not_picked":["Flex+1"],"picked":"SKIP","floor":36},{"not_picked":[],"picked":"Trip+1","floor":38},{"not_picked":["Heavy Blade+1"],"picked":"SKIP","floor":39},{"not_picked":["Clothesline"],"picked":"SKIP","floor":44},{"not_picked":["Twin Strike+1"],"picked":"SKIP","floor":47}],"player_experience":315174,"relics_obtained":[{"floor":7,"key":"Incense Burner"},{"floor":9,"key":"Toxic Egg 2"},{"floor":26,"key":"Bottled Tornado"},{"floor":29,"key":"Pear"},{"floor":31,"key":"Red Mask"},{"floor":43,"key":"Red Skull"}],"event_choices":[{"cards_removed":["Bash"],"damage_healed":0,"gold_gain":0,"player_choice":"Offered Basic","damage_taken":0,"max_hp_gain":0,"max_hp_loss":0,"event_name":"Bonfire Elementals","floor":2,"gold_loss":0},{"damage_healed":0,"gold_gain":0,"player_choice":"Entered Light","damage_taken":16,"max_hp_gain":0,"max_hp_loss":0,"event_name":"Shining Light","floor":8,"gold_loss":0,"cards_upgraded":["Defend_R","Strike_R"]},{"damage_healed":0,"gold_gain":0,"player_choice":"Shed Blood","damage_taken":21,"max_hp_gain":5,"max_hp_loss":0,"event_name":"Forgotten Altar","floor":19,"gold_loss":0},{"damage_healed":0,"gold_gain":0,"cards_transformed":["Strike_R","Strike_R"],"player_choice":"Became Test Subject","damage_taken":0,"max_hp_gain":0,"max_hp_loss":0,"event_name":"Drug Dealer","floor":20,"gold_loss":0,"cards_obtained":["Offering","Shrug It Off"]},{"damage_healed":0,"gold_gain":0,"player_choice":"Forge","damage_taken":0,"max_hp_gain":0,"max_hp_loss":0,"event_name":"Accursed Blacksmith","floor":22,"gold_loss":0,"cards_upgraded":["Searing Blow"]},{"damage_healed":0,"gold_gain":0,"player_choice":"Fought Bandits","damage_taken":0,"max_hp_gain":0,"max_hp_loss":0,"event_name":"Masked Bandits","floor":31,"gold_loss":0},{"damage_healed":0,"gold_gain":0,"player_choice":"Memory 3","damage_taken":10,"max_hp_gain":0,"max_hp_loss":0,"event_name":"SensoryStone","floor":38,"gold_loss":0},{"damage_healed":0,"gold_gain":0,"player_choice":"Got Potions","damage_taken":0,"max_hp_gain":0,"max_hp_loss":0,"event_name":"Lab","floor":41,"gold_loss":0},{"damage_healed":0,"gold_gain":0,"player_choice":"Embrace Madness","damage_taken":13,"max_hp_gain":0,"max_hp_loss":0,"event_name":"Winding Halls","floor":46,"gold_loss":0,"cards_obtained":["Madness","Madness"]},{"damage_healed":0,"gold_gain":100,"player_choice":"Pray","damage_taken":0,"max_hp_gain":0,"max_hp_loss":0,"event_name":"Golden Shrine","floor":48,"gold_loss":0}],"is_beta":false,"boss_relics":[{"not_picked":["Calling Bell","Black Blood"],"picked":"Busted Crown"},{"not_picked":["Coffee Dripper","Runic Dome"],"picked":"Sozu"}],"items_purged_floors":[5,27,37],"is_endless":false,"potions_floor_spawned":[7,12,13,14,16,18,21,29,31,33,36,39],"ascension_level":6}