{"gold_per_floor":[115,115,73,73,86,126,147,107,131,131,131,162,162,180,180,180],"floor_reached":16,"playtime":412,"items_purged":[],"score":266,"play_id":"847c2d15-b868-49b7-9fab-c8c7188ce152","local_time":"20190630134724","is_ascension_mode":true,"campfire_choices":[{"data":"Bane","floor":11,"key":"SMITH"},{"data":"Noxious Fumes","floor":13,"key":"SMITH"},{"data":"Neutralize","floor":15,"key":"SMITH"}],"neow_cost":"NONE","seed_source_timestamp":1427779315608,"circlet_count":0,"master_deck":["AscendersBane","Defend_G","Defend_G","Defend_G","Defend_G","Defend_G","Strike_G","Strike_G","Strike_G","Strike_G","Survivor","Neutralize+1","Noxious Fumes+1","Acrobatics","Bane+1","Terror"],"relics":["Ring of the Snake","NeowsBlessing","Golden Idol","Blood Vial","Anchor","Question Card","Matryoshka"],"potions_floor_usage":[16,16],"damage_taken":[{"damage":0,"enemies":"Cultist","floor":1,"turns":1},{"damage":0,"enemies":"Small Slimes","floor":5,"turns":2},{"damage":0,"enemies":"Lagavulin","floor":6,"turns":1},{"damage":2,"enemies":"Jaw Worm","floor":7,"turns":5},{"damage":1,"enemies":"Looter","floor":8,"turns":4},{"damage":32,"enemies":"Gremlin Nob","floor":12,"turns":4},{"damage":14,"enemies":"2 Fungi Beasts","floor":14,"turns":4},{"damage":24,"enemies":"Hexaghost","floor":16,"turns":9}],"seed_played":"-9133506239930656200","potions_obtained":[{"floor":1,"key":"Block Potion"},{"floor":12,"key":"Ancient Potion"},{"floor":14,"key":"Regen Potion"}],"is_trial":false,"path_per_floor":["M","?","$","?","M","E","M","M","T","?","R","E","R","M","R","B"],"character_chosen":"THE_SILENT","items_purchased":["Noxious Fumes"],"campfire_rested":0,"item_purchase_floors":[3],"current_hp_per_floor":[59,59,59,59,59,59,58,59,59,48,48,18,18,6,6,0],"gold":180,"neow_bonus":"THREE_ENEMY_KILL","is_prod":false,"is_daily":false,"chose_seed":false,"campfire_upgraded":3,"win_rate":0,"timestamp":1561873644,"path_taken":["M","?","$","?","M","E","?","M","T","?","R","E","R","M","R","BOSS"],"build_version":"2019-01-23","purchased_purges":0,"victory":false,"max_hp_per_floor":[66,60,60,60,60,60,60,60,60,60,60,60,60,60,60,60],"card_choices":[{"not_picked":["Crippling Poison","Quick Slash","Accuracy"],"picked":"SKIP","floor":1},{"not_picked":["Quick Slash","Deflect","Underhanded Strike"],"picked":"SKIP","floor":5},{"not_picked":["Flying Knee","Dash","Glass Knife"],"picked":"SKIP","floor":6},{"not_picked":["Slice","Dagger Throw"],"picked":"Acrobatics","floor":7},{"not_picked":["Unload","Underhanded Strike"],"picked":"Bane","floor":8},{"not_picked":["Burst","Blade Dance","Flying Knee","Dagger Throw"],"picked":"SKIP","floor":12},{"not_picked":["Noxious Fumes","PiercingWail","Slice"],"picked":"Terror","floor":14}],"player_experience":1495080,"relics_obtained":[{"floor":6,"key":"Blood Vial"},{"floor":9,"key":"Anchor"},{"floor":12,"key":"Matryoshka"}],"event_choices":[{"damage_healed":0,"gold_gain":0,"player_choice":"Lose Max HP","damage_taken":0,"relics_obtained":["Golden Idol"],"max_hp_gain":0,"max_hp_loss":6,"event_name":"Golden Idol","floor":2,"gold_loss":0},{"cards_removed":["Strike_G"],"damage_healed":0,"gold_gain":0,"player_choice":"Purged","damage_taken":0,"max_hp_gain":0,"max_hp_loss":0,"event_name":"Purifier","floor":4,"gold_loss":0},{"damage_healed":0,"gold_gain":0,"player_choice":"Success","damage_taken":11,"relics_obtained":["Question Card"],"max_hp_gain":0,"max_hp_loss":0,"event_name":"Scrap Ooze","floor":10,"gold_loss":0}],"is_beta":false,"boss_relics":[],"items_purged_floors":[],"is_endless":false,"potions_floor_spawned":[1,12,14],"killed_by":"Hexaghost","ascension_level":20}