{"gold_per_floor":[118,128,59,78,32,42,62,62,62,62,62,81,81,6,6,82,82,95,20,20,20,32,32,50,65,65,65,83,83,33,45,45,122,122,137,137,149,149,49,49,64,0,0,12,12,46,56,56,56,56,56,56,56,81,81],"floor_reached":55,"playtime":1657,"items_purged":["Strike_G","Deadly Poison+1"],"score":1493,"play_id":"d05caa73-d700-4da3-bcb6-c9efca8a5957","local_time":"20190316212614","is_ascension_mode":true,"campfire_choices":[{"data":"Noxious Fumes","floor":8.0,"key":"SMITH"},{"data":"Deadly Poison","floor":11.0,"key":"SMITH"},{"data":"Well Laid Plans","floor":13.0,"key":"SMITH"},{"data":"Neutralize","floor":15.0,"key":"SMITH"},{"data":"Grand Finale","floor":23.0,"key":"SMITH"},{"data":"Footwork","floor":29.0,"key":"SMITH"},{"data":"Acrobatics","floor":32.0,"key":"SMITH"},{"floor":40,"key":"RECALL"},{"data":"Reflex","floor":45,"key":"SMITH"}],"neow_cost":"NONE","seed_source_timestamp":36862660757939,"circlet_count":0,"master_deck":["AscendersBane","Survivor+1","Neutralize+1","Cloak And Dagger+1","Well Laid Plans+1","Noxious Fumes+1","Deadly Poison+1","Footwork+1","Grand Finale+1","Underhanded Strike+1","Backflip+1","Acrobatics+1","Caltrops+1","Calculated Gamble+1","Predator+1","Outmaneuver+1","Adrenaline+1","Reflex+1"],"special_seed":0,"relics":["Ring of the Snake","Boot","Unceasing Top","Coffee Dripper","Mango","Pandora\u0027s Box","Mark of the Bloom","Red Mask","Bottled Lightning","Thread and Needle"],"potions_floor_usage":[46,54,55,55],"damage_taken":[{"damage":5.0,"enemies":"Cultist","floor":1.0,"turns":5.0},{"damage":0.0,"enemies":"2 Louse","floor":2.0,"turns":4.0},{"damage":1.0,"enemies":"Jaw Worm","floor":4.0,"turns":3.0},{"damage":0.0,"enemies":"Large Slime","floor":6.0,"turns":6.0},{"damage":0.0,"enemies":"Red Slaver","floor":7.0,"turns":5.0},{"damage":9.0,"enemies":"2 Fungi Beasts","floor":12.0,"turns":4.0},{"damage":0.0,"enemies":"Hexaghost","floor":16.0,"turns":10.0},{"damage":22.0,"enemies":"Spheric Guardian","floor":18.0,"turns":7.0},{"damage":12.0,"enemies":"2 Thieves","floor":22.0,"turns":3.0},{"damage":9.0,"enemies":"Centurion and Healer","floor":24.0,"turns":6.0},{"damage":3.0,"enemies":"Shelled Parasite and Fungi","floor":25.0,"turns":3.0},{"damage":13.0,"enemies":"Sentry and Sphere","floor":28.0,"turns":7.0},{"damage":0.0,"enemies":"Cultist and Chosen","floor":31.0,"turns":4.0},{"damage":0,"enemies":"Champ","floor":33,"turns":9},{"damage":1,"enemies":"3 Shapes","floor":35,"turns":5},{"damage":0,"enemies":"Orb Walker","floor":37,"turns":3},{"damage":0,"enemies":"Jaw Worm Horde","floor":41,"turns":2},{"damage":0,"enemies":"Maw","floor":44,"turns":4},{"damage":10,"enemies":"Reptomancer","floor":46,"turns":4},{"damage":0,"enemies":"3 Darklings","floor":47,"turns":1},{"damage":0,"enemies":"Donu and Deca","floor":50,"turns":5},{"damage":3,"enemies":"Shield and Spear","floor":54,"turns":6},{"damage":50,"enemies":"The Heart","floor":55,"turns":3}],"seed_played":"-692168802697324535","potions_obtained":[{"floor":4.0,"key":"GamblersBrew"},{"floor":7.0,"key":"FearPotion"},{"floor":16.0,"key":"Ancient Potion"},{"floor":24.0,"key":"Fire Potion"},{"floor":33,"key":"Poison Potion"},{"floor":41,"key":"GamblersBrew"},{"floor":46,"key":"Block Potion"},{"floor":54,"key":"Fruit Juice"}],"is_trial":false,"path_per_floor":["M","M","$","M","$","M","M","R","T","$","R","M","R","$","R","B",null,"M","?","$","?","M","R","M","M","T","$","M","R","?","M","R","B",null,"M","?","M","?","$","R","M","?","T","M","R","E","M","?","R","B",null,"R","$","E","B"],"character_chosen":"THE_SILENT","items_purchased":["Well Laid Plans","Deadly Poison"],"campfire_rested":0,"item_purchase_floors":[3,5],"current_hp_per_floor":[54,54,54,53,53,53,53,53,53,53,53,44,44,44,44,44,61,39,39,39,39,27,27,18,15,29,29,16,16,16,16,16,16,64,63,63,63,63,63,63,63,63,63,63,63,53,53,53,53,53,53,53,53,50,0],"gold":81,"neow_bonus":"RANDOM_COMMON_RELIC","is_prod":false,"is_daily":false,"chose_seed":false,"campfire_upgraded":8,"win_rate":0,"timestamp":1552742774,"path_taken":["M","M","$","M","$","M","M","R","T","$","R","M","R","?","R","BOSS","M","?","$","?","M","R","M","M","T","$","M","R","?","?","R","BOSS","M","?","M","?","$","R","M","?","T","M","R","E","M","?","R","BOSS","R","$","E","BOSS"],"build_version":"2019-01-23","purchased_purges":2,"victory":false,"max_hp_per_floor":[66,66,66,66,66,66,66,66,66,66,66,66,66,66,66,66,66,66,66,66,66,66,66,66,66,80,80,80,80,80,80,80,80,80,80,80,80,80,80,80,80,80,80,80,80,80,80,80,80,80,80,80,80,80,85],"card_choices":[{"not_picked":["Quick Slash","Setup"],"picked":"Cloak And Dagger","floor":1.0},{"not_picked":["Distraction","Dodge and Roll","PiercingWail"],"picked":"SKIP","floor":2.0},{"not_picked":["Cloak And Dagger","Acrobatics"],"picked":"Noxious Fumes","floor":4.0},{"not_picked":["Acrobatics","Prepared"],"picked":"Footwork","floor":6.0},{"not_picked":["Slice","Dagger Throw","Flying Knee"],"picked":"SKIP","floor":7.0},{"not_picked":["Accuracy","Reflex","Expertise"],"picked":"SKIP","floor":12.0},{"not_picked":["After Image","Night Terror"],"picked":"Grand Finale","floor":16.0},{"not_picked":["Prepared","Outmaneuver","Dagger Throw"],"picked":"SKIP","floor":18.0},{"not_picked":["Cloak And Dagger+1","Prepared","Dodge and Roll"],"picked":"SKIP","floor":22.0},{"not_picked":["Terror","Grand Finale","Flying Knee"],"picked":"SKIP","floor":24.0},{"not_picked":["Cloak And Dagger","Setup"],"picked":"Backflip","floor":25.0},{"not_picked":["Flechettes","Underhanded Strike","Flying Knee+1"],"picked":"SKIP","floor":28.0},{"not_picked":["Infinite Blades","Prepared"],"picked":"Acrobatics","floor":31.0},{"not_picked":["Crippling Poison","Riddle With Holes","Cloak And Dagger"],"picked":"SKIP","floor":35},{"not_picked":["Choke+1","Dagger Spray+1","Cloak And Dagger"],"picked":"SKIP","floor":37},{"not_picked":["Backflip","All Out Attack"],"picked":"Reflex","floor":41},{"not_picked":["Dash","Slice+1","Sucker Punch"],"picked":"SKIP","floor":44},{"not_picked":["Endless Agony","PiercingWail","Backflip"],"picked":"SKIP","floor":46},{"not_picked":["Dagger Spray","Reflex","Dodge and Roll+1"],"picked":"SKIP","floor":47},{"not_picked":["Blade Dance+1","Backflip","Calculated Gamble"],"picked":"SKIP","floor":54}],"player_experience":3637872,"relics_obtained":[{"floor":9.0,"key":"Unceasing Top"},{"floor":26.0,"key":"Mango"},{"floor":46,"key":"Bottled Lightning"},{"floor":54,"key":"Thread and Needle"}],"event_choices":[{"cards_removed":["Strike_G"],"damage_healed":0.0,"max_hp_gain":0.0,"max_hp_loss":0.0,"gold_gain":0.0,"event_name":"Beggar","player_choice":"Gave Gold","floor":19.0,"gold_loss":75.0,"damage_taken":0.0},{"damage_healed":0.0,"max_hp_gain":0.0,"max_hp_loss":0.0,"gold_gain":0.0,"cards_transformed":["Strike_G","Strike_G"],"event_name":"Drug Dealer","player_choice":"Became Test Subject","floor":21.0,"gold_loss":0.0,"damage_taken":0.0,"cards_obtained":["Predator","Underhanded Strike"]},{"damage_healed":0.0,"max_hp_gain":0.0,"max_hp_loss":0.0,"gold_gain":0.0,"event_name":"The Joust","player_choice":"Bet on Owner","floor":30.0,"gold_loss":50.0,"damage_taken":0.0},{"damage_healed":0,"gold_gain":0,"player_choice":"Upgrade","damage_taken":0,"relics_obtained":["Mark of the Bloom"],"max_hp_gain":0,"max_hp_loss":0,"event_name":"MindBloom","floor":36,"gold_loss":0,"cards_upgraded":["Survivor","Cloak And Dagger","Predator","Underhanded Strike","Backflip","Caltrops","Calculated Gamble","Predator","Outmaneuver","Deadly Poison","Adrenaline"]},{"damage_healed":0,"gold_gain":0,"player_choice":"Memory 1","damage_taken":0,"max_hp_gain":0,"max_hp_loss":0,"event_name":"SensoryStone","floor":38,"gold_loss":0},{"damage_healed":0,"gold_gain":0,"player_choice":"Paid","damage_taken":0,"relics_obtained":["Red Mask"],"max_hp_gain":0,"max_hp_loss":0,"event_name":"Tomb of Lord Red Mask","floor":42,"gold_loss":64},{"cards_removed":["Predator"],"damage_healed":0,"gold_gain":0,"player_choice":"Removed Attack","damage_taken":0,"max_hp_gain":0,"max_hp_loss":0,"event_name":"Falling","floor":48,"gold_loss":0}],"is_beta":false,"boss_relics":[{"not_picked":["Cursed Key","Calling Bell"],"picked":"Coffee Dripper"},{"not_picked":["Philosopher\u0027s Stone","Tiny House"],"picked":"Pandora\u0027s Box"}],"items_purged_floors":[14,39],"is_endless":false,"potions_floor_spawned":[4,7,12,16,24,25,33,41,46,47,54],"killed_by":"The Heart","ascension_level":15}