{"gold_per_floor":[17,28,44,44,44,69,69,98,98,11,11,11,37,56,56,56],"floor_reached":16,"playtime":416,"items_purged":[],"score":286,"play_id":"89e7a328-eaa9-4aec-931b-52083f4ebd3b","local_time":"20190410063029","is_ascension_mode":true,"campfire_choices":[{"data":"Poisoned Stab","floor":7.0,"key":"SMITH"},{"data":"Neutralize","floor":12.0,"key":"SMITH"},{"data":"Tools of the Trade","floor":15,"key":"SMITH"}],"neow_cost":"NO_GOLD","seed_source_timestamp":7652778955746,"circlet_count":0,"master_deck":["AscendersBane","Defend_G","Defend_G","Defend_G","Defend_G","Defend_G","Strike_G","Strike_G","Strike_G","Strike_G","Survivor","Neutralize+1","Dramatic Entrance","Dramatic Entrance","Poisoned Stab+1","Tools of the Trade+1","Backstab","Backflip","Well Laid Plans+1","Backstab","Underhanded Strike"],"special_seed":0,"relics":["Ring of the Snake","Omamori","Mummified Hand","Pear","Letter Opener"],"potions_floor_usage":[],"damage_taken":[{"damage":0.0,"enemies":"Small Slimes","floor":1.0,"turns":2.0},{"damage":0.0,"enemies":"Jaw Worm","floor":2.0,"turns":3.0},{"damage":0.0,"enemies":"Cultist","floor":3.0,"turns":3.0},{"damage":38.0,"enemies":"Lagavulin","floor":6.0,"turns":10.0},{"damage":0.0,"enemies":"Gremlin Nob","floor":8.0,"turns":3.0},{"damage":10,"enemies":"3 Sentries","floor":13,"turns":7},{"damage":6,"enemies":"3 Louse","floor":14,"turns":3},{"damage":0,"enemies":"The Guardian","floor":16,"turns":3}],"seed_played":"3832271905191569233","potions_obtained":[{"floor":3.0,"key":"GamblersBrew"},{"floor":6.0,"key":"Strength Potion"},{"floor":13,"key":"Fire Potion"},{"floor":14,"key":"Weak Potion"}],"is_trial":false,"path_per_floor":["M","M","M","?","?","E","R","E","T","$","?","R","E","M","R","B"],"character_chosen":"THE_SILENT","items_purchased":["Well Laid Plans"],"campfire_rested":0,"item_purchase_floors":[10],"current_hp_per_floor":[59,59,59,59,59,21,21,21,31,31,31,31,21,15,15,15],"gold":56,"neow_bonus":"RANDOM_COLORLESS_2","is_prod":false,"is_daily":false,"chose_seed":false,"campfire_upgraded":3,"win_rate":0,"timestamp":1554849029,"path_taken":["M","M","M","?","?","E","R","E","T","$","?","R","E","M","R","BOSS"],"build_version":"2019-01-23","purchased_purges":0,"victory":false,"max_hp_per_floor":[66,66,66,66,66,66,66,66,76,76,76,76,76,76,76,76],"card_choices":[{"not_picked":["Prepared","Concentrate"],"picked":"Poisoned Stab","floor":1.0},{"not_picked":["Deflect","Dagger Spray","Poisoned Stab"],"picked":"SKIP","floor":2.0},{"not_picked":["PiercingWail","Slice"],"picked":"Tools of the Trade","floor":3.0},{"not_picked":["Expertise","Deflect"],"picked":"Backflip","floor":6.0},{"not_picked":["Bane","Accuracy","Endless Agony"],"picked":"SKIP","floor":8.0},{"not_picked":["Backflip","Outmaneuver"],"picked":"Backstab","floor":13},{"not_picked":["Prepared","Acrobatics"],"picked":"Underhanded Strike","floor":14}],"player_experience":4186620,"relics_obtained":[{"floor":6.0,"key":"Omamori"},{"floor":8.0,"key":"Mummified Hand"},{"floor":9.0,"key":"Pear"},{"floor":13,"key":"Letter Opener"}],"event_choices":[{"damage_healed":0.0,"max_hp_gain":0.0,"max_hp_loss":0.0,"gold_gain":0.0,"event_name":"The Cleric","player_choice":"Leave","floor":4.0,"gold_loss":0.0,"damage_taken":0.0},{"damage_healed":0.0,"max_hp_gain":0.0,"max_hp_loss":0.0,"gold_gain":0.0,"cards_transformed":["Strike_G"],"event_name":"Living Wall","player_choice":"Change","floor":5.0,"gold_loss":0.0,"damage_taken":0.0,"cards_obtained":["Backstab"]},{"damage_healed":0.0,"max_hp_gain":0.0,"max_hp_loss":0.0,"gold_gain":0.0,"event_name":"Upgrade Shrine","player_choice":"Upgraded","floor":11.0,"gold_loss":0.0,"damage_taken":0.0,"cards_upgraded":["Well Laid Plans"]}],"is_beta":false,"boss_relics":[],"items_purged_floors":[],"is_endless":false,"potions_floor_spawned":[3,6,13,14],"killed_by":"The Guardian","ascension_level":20}