{"gold_per_floor":[117,129,129,139,154,154,174,174,197,45,45,55,75,92,92,170,170,190,203,223,239,289,289,308,233,257,257,60,60,60,78,78,152,152,166,177,188,188,205,205],"floor_reached":40,"playtime":2507,"items_purged":[],"score":769,"play_id":"279b1b66-3bb7-40f9-a9de-ddd083cfba65","local_time":"20190303231346","is_ascension_mode":true,"campfire_choices":[{"data":"Dualcast","floor":6,"key":"SMITH"},{"data":"Recycle","floor":8,"key":"SMITH"},{"data":"Jack Of All Trades","floor":15,"key":"SMITH"},{"floor":23,"key":"REST"},{"data":"White Noise","floor":27,"key":"SMITH"},{"data":"Coolheaded","floor":32,"key":"SMITH"}],"neow_cost":"PERCENT_DAMAGE","seed_source_timestamp":41536844638057,"circlet_count":0,"master_deck":["AscendersBane","Strike_B+1","Defend_B+1","Defend_B+1","Defend_B+1","Defend_B+1","Zap","Dualcast+1","Jack Of All Trades+1","Flash of Steel","Undo","White Noise+1","Glacier","Hologram","Recycle+1","Core Surge","Self Repair","Echo Form","Coolheaded+1","FTL","Seek","Heatsinks+1","Storm+1","Cold Snap","Hologram","Capacitor+1","Hologram","Glacier","Stack","Reboot","Loop+1","Conserve Battery","Fusion+1","All For One","Sweeping Beam+1","Recycle+1","White Noise+1","Stack","BootSequence","Hologram","Hologram","Compile Driver","Reboot","Coolheaded","Leap+1"],"relics":["Cracked Core","Omamori","Calling Bell","Strawberry","Ornamental Fan","Prayer Wheel","OrangePellets","Astrolabe"],"potions_floor_usage":[7,13,16,33,40],"damage_taken":[{"damage":12,"enemies":"Jaw Worm","floor":1,"turns":4},{"damage":0,"enemies":"Small Slimes","floor":2,"turns":4},{"damage":0,"enemies":"2 Louse","floor":4,"turns":3},{"damage":0,"enemies":"Looter","floor":5,"turns":4},{"damage":38,"enemies":"Exordium Thugs","floor":7,"turns":5},{"damage":0,"enemies":"Large Slime","floor":12,"turns":4},{"damage":6,"enemies":"Gremlin Gang","floor":13,"turns":6},{"damage":5,"enemies":"2 Fungi Beasts","floor":14,"turns":5},{"damage":13,"enemies":"Hexaghost","floor":16,"turns":14},{"damage":7,"enemies":"Chosen","floor":18,"turns":6},{"damage":16,"enemies":"3 Byrds","floor":19,"turns":7},{"damage":3,"enemies":"Shelled Parasite and Fungi","floor":20,"turns":17},{"damage":38,"enemies":"Centurion and Healer","floor":21,"turns":8},{"damage":10,"enemies":"Chosen and Byrds","floor":24,"turns":4},{"damage":11,"enemies":"Snecko","floor":31,"turns":8},{"damage":16,"enemies":"Automaton","floor":33,"turns":10},{"damage":22,"enemies":"3 Darklings","floor":35,"turns":10},{"damage":5,"enemies":"Orb Walker","floor":36,"turns":6},{"damage":0,"enemies":"Maw","floor":37,"turns":7},{"damage":19,"enemies":"4 Shapes","floor":39,"turns":6},{"damage":99,"enemies":"Reptomancer","floor":40,"turns":3}],"seed_played":"8039305042323646551","potions_obtained":[{"floor":5,"key":"Explosive Potion"},{"floor":7,"key":"Poison Potion"},{"floor":12,"key":"LiquidBronze"},{"floor":18,"key":"FearPotion"},{"floor":21,"key":"PowerPotion"},{"floor":37,"key":"FocusPotion"}],"is_trial":false,"path_per_floor":["M","M","?","M","M","R","M","R","T","$","?","M","M","M","R","B",null,"M","M","M","M","?","R","M","?","T","R","$","?","?","M","R","B",null,"M","M","M","?","M","E"],"character_chosen":"DEFECT","items_purchased":["Core Surge","Self Repair","OrangePellets"],"campfire_rested":1,"item_purchase_floors":[10,10,28],"current_hp_per_floor":[34,34,39,39,39,39,1,1,1,1,1,8,16,18,18,12,67,67,65,69,38,38,62,59,59,59,59,59,59,59,62,62,53,76,54,63,77,77,72,0],"gold":205,"neow_bonus":"RANDOM_COLORLESS_2","is_prod":false,"is_daily":false,"chose_seed":false,"campfire_upgraded":5,"win_rate":0,"timestamp":1551626026,"path_taken":["M","M","?","M","M","R","M","R","T","$","?","M","M","M","R","BOSS","M","M","M","M","?","R","M","?","T","R","$","?","?","M","R","BOSS","M","M","M","?","?","E"],"build_version":"2019-01-23","purchased_purges":0,"victory":false,"max_hp_per_floor":[71,71,76,76,76,76,76,76,76,76,76,76,76,76,76,76,83,83,83,83,83,83,83,83,83,83,83,83,83,83,83,83,83,83,83,83,83,83,83,83],"card_choices":[{"not_picked":["Chill","Stack"],"picked":"Undo","floor":1},{"not_picked":["Turbo","Rebound"],"picked":"White Noise","floor":2},{"not_picked":["Ball Lightning","Skim"],"picked":"Glacier","floor":4},{"not_picked":["Gash","Fusion"],"picked":"Hologram","floor":5},{"not_picked":["Leap","Storm"],"picked":"Recycle","floor":7},{"not_picked":["Gash","Defragment"],"picked":"Echo Form","floor":12},{"not_picked":["Double Energy","Redo"],"picked":"Coolheaded","floor":13},{"not_picked":["Rip and Tear","Go for the Eyes"],"picked":"FTL","floor":14},{"not_picked":["Thunder Strike","Hyperbeam"],"picked":"Seek","floor":16},{"not_picked":["Ball Lightning","Hologram"],"picked":"Heatsinks+1","floor":18},{"not_picked":["Hologram","Gash"],"picked":"Storm+1","floor":18},{"not_picked":["Reprogram","Hologram"],"picked":"Cold Snap","floor":19},{"not_picked":["Go for the Eyes","Beam Cell"],"picked":"Hologram","floor":19},{"not_picked":["Hologram","Steam"],"picked":"Capacitor","floor":20},{"not_picked":["Beam Cell","Leap"],"picked":"Hologram","floor":20},{"not_picked":["Scrape","Reinforced Body"],"picked":"Glacier","floor":21},{"not_picked":["Gash","Undo"],"picked":"Stack","floor":21},{"not_picked":["Barrage+1","Fusion"],"picked":"Reboot","floor":24},{"not_picked":["Rebound","Leap"],"picked":"Loop+1","floor":24},{"not_picked":["Go for the Eyes","Leap"],"picked":"Conserve Battery","floor":31},{"not_picked":["Skim","Ball Lightning"],"picked":"Fusion+1","floor":31},{"not_picked":["Rainbow","Electrodynamics"],"picked":"All For One","floor":33},{"not_picked":["Coolheaded","Streamline"],"picked":"Stack","floor":35},{"not_picked":["Compile Driver","Steam"],"picked":"BootSequence","floor":35},{"not_picked":["Melter+1","Go for the Eyes"],"picked":"Hologram","floor":36},{"not_picked":["FTL","Rebound"],"picked":"Hologram","floor":36},{"not_picked":["Go for the Eyes","Streamline"],"picked":"Compile Driver","floor":37},{"not_picked":["Lockon","Ball Lightning"],"picked":"Reboot","floor":37},{"not_picked":["Rip and Tear","Chaos"],"picked":"Coolheaded","floor":39},{"not_picked":["Auto Shields","Sweeping Beam"],"picked":"Leap+1","floor":39}],"player_experience":3288814,"relics_obtained":[{"floor":9,"key":"Omamori"},{"floor":17,"key":"Strawberry"},{"floor":17,"key":"Ornamental Fan"},{"floor":17,"key":"Prayer Wheel"}],"event_choices":[{"damage_healed":0,"gold_gain":0,"player_choice":"Donut","damage_taken":0,"max_hp_gain":5,"max_hp_loss":0,"event_name":"Big Fish","floor":3,"gold_loss":0},{"damage_healed":0,"gold_gain":0,"player_choice":"Fled","damage_taken":0,"max_hp_gain":0,"max_hp_loss":0,"event_name":"Scrap Ooze","floor":11,"gold_loss":0},{"damage_healed":0,"gold_gain":50,"player_choice":"Stole From Cult","damage_taken":0,"max_hp_gain":0,"max_hp_loss":0,"event_name":"Nest","floor":22,"gold_loss":0},{"cards_removed":["Pain"],"damage_healed":0,"gold_gain":0,"player_choice":"Gave Gold","damage_taken":0,"max_hp_gain":0,"max_hp_loss":0,"event_name":"Beggar","floor":25,"gold_loss":75},{"damage_healed":0,"gold_gain":0,"player_choice":"Ignored","damage_taken":0,"max_hp_gain":0,"max_hp_loss":0,"event_name":"The Mausoleum","floor":29,"gold_loss":0},{"damage_healed":0,"gold_gain":0,"player_choice":"Simplicity","damage_taken":0,"max_hp_gain":0,"max_hp_loss":0,"event_name":"Back to Basics","floor":30,"gold_loss":0,"cards_upgraded":["Strike_B","Strike_B","Strike_B","Strike_B","Defend_B","Defend_B","Defend_B","Defend_B"]},{"damage_healed":0,"gold_gain":0,"player_choice":"Upgraded","damage_taken":0,"max_hp_gain":0,"max_hp_loss":0,"event_name":"Upgrade Shrine","floor":38,"gold_loss":0,"cards_upgraded":["Capacitor"]}],"is_beta":false,"boss_relics":[{"not_picked":["Velvet Choker","Runic Dome"],"picked":"Calling Bell"},{"not_picked":["Tiny House","Black Star"],"picked":"Astrolabe"}],"items_purged_floors":[],"is_endless":false,"potions_floor_spawned":[5,7,12,18,21,31,37],"killed_by":"Reptomancer","ascension_level":15}