{"gold_per_floor":[112,37,37,50,65,65,99,109,109,24,24],"floor_reached":11,"playtime":342,"items_purged":["Strike_G"],"score":146,"play_id":"ecb1d88d-6284-42cd-9e0b-d57ba8c13317","local_time":"20190306121812","is_ascension_mode":true,"campfire_choices":[{"data":"Deadly Poison","floor":6.0,"key":"SMITH"}],"neow_cost":"PERCENT_DAMAGE","seed_source_timestamp":11544283182810,"circlet_count":0,"master_deck":["AscendersBane","Defend_G","Defend_G","Defend_G+1","Defend_G","Strike_G+1","Strike_G","Strike_G","Survivor","Neutralize","Blur","Tools of the Trade","Deadly Poison+1","Dagger Throw","Dash","Wraith Form v2","Footwork"],"special_seed":0,"relics":["Ring of the Snake","Nunchaku","Ginger"],"potions_floor_usage":[11],"damage_taken":[{"damage":4.0,"enemies":"Cultist","floor":1.0,"turns":4.0},{"damage":2.0,"enemies":"Small Slimes","floor":4.0,"turns":4.0},{"damage":1.0,"enemies":"2 Louse","floor":5.0,"turns":3.0},{"damage":1.0,"enemies":"Lagavulin","floor":7.0,"turns":8.0},{"damage":1.0,"enemies":"Red Slaver","floor":8.0,"turns":5.0},{"damage":0,"enemies":"Gremlin Nob","floor":11,"turns":3}],"seed_played":"-82436664177234578","potions_obtained":[{"floor":5.0,"key":"Strength Potion"},{"floor":7.0,"key":"Block Potion"},{"floor":8.0,"key":"SkillPotion"}],"is_trial":false,"path_per_floor":["M","$","?","M","M","R","E","M","T","$","E"],"character_chosen":"THE_SILENT","items_purchased":["Footwork"],"campfire_rested":0,"item_purchase_floors":[10],"current_hp_per_floor":[40,40,20,18,17,17,16,15,15,15,15],"gold":24,"neow_bonus":"TRANSFORM_TWO_CARDS","is_prod":false,"is_daily":false,"chose_seed":false,"campfire_upgraded":1,"win_rate":0,"timestamp":1551845892,"path_taken":["M","?","?","M","M","R","E","M","T","$","E"],"build_version":"2019-01-23","purchased_purges":1,"victory":false,"max_hp_per_floor":[66,66,66,66,66,66,66,66,66,66,66],"card_choices":[{"not_picked":["Reflex","Choke"],"picked":"Deadly Poison","floor":1.0},{"not_picked":["Flying Knee","Dagger Throw","Blade Dance"],"picked":"SKIP","floor":4.0},{"not_picked":["Flying Knee","Blade Dance"],"picked":"Dagger Throw","floor":4.0},{"not_picked":["Slice","Prepared"],"picked":"Dash","floor":5.0},{"not_picked":["Infinite Blades","All Out Attack"],"picked":"Wraith Form v2","floor":7.0},{"not_picked":["Blade Dance","Deadly Poison","Blur"],"picked":"SKIP","floor":8.0}],"player_experience":3351311,"relics_obtained":[{"floor":7.0,"key":"Nunchaku"},{"floor":9.0,"key":"Ginger"}],"event_choices":[{"damage_healed":0.0,"max_hp_gain":0.0,"max_hp_loss":0.0,"gold_gain":0.0,"event_name":"Shining Light","player_choice":"Entered Light","floor":3.0,"gold_loss":0.0,"damage_taken":20.0,"cards_upgraded":["Strike_G","Defend_G"]}],"is_beta":false,"boss_relics":[],"items_purged_floors":[2],"is_endless":false,"potions_floor_spawned":[5,7,8],"killed_by":"Gremlin Nob","ascension_level":20}