{"gold_per_floor":[16,16,33,45,58,86,86,111,111,144,144,159,159,186,186,260,260,277,290,302,37,37,37,37,64,145,157,82,82,114,133,133,207,207,226,244,244,40,54,54,80,132,132,143,143,174,82,102,102,102,102,102,102,57,88,88],"floor_reached":57,"playtime":7491,"items_purged":["Defend_B","Defend_B"],"score":3435,"play_id":"07266dd2-b6fe-4bfb-aebe-7a4e72ba59c3","local_time":"20190513172308","is_ascension_mode":true,"campfire_choices":[{"data":"Turbo","floor":7.0,"key":"SMITH"},{"data":"Recycle","floor":11.0,"key":"SMITH"},{"data":"Consume","floor":13.0,"key":"SMITH"},{"data":"Double Energy","floor":15.0,"key":"SMITH"},{"data":"Turbo","floor":23.0,"key":"SMITH"},{"data":"Recycle","floor":29.0,"key":"SMITH"},{"data":"Turbo","floor":32.0,"key":"SMITH"},{"data":"Recycle","floor":40.0,"key":"SMITH"},{"floor":45.0,"key":"RECALL"},{"data":"Amplify","floor":49.0,"key":"SMITH"},{"data":"Hologram","floor":53.0,"key":"SMITH"}],"neow_cost":"NO_GOLD","seed_source_timestamp":13374898686693,"circlet_count":0,"master_deck":["AscendersBane","Zap","Dualcast","Auto Shields","White Noise","Undo","Creative AI","BootSequence","Turbo+1","Recycle+1","Double Energy+1","Hologram+1","Seek","Consume+1","Capacitor+1","Echo Form+1","Buffer+1","Turbo+1","Undo","Heatsinks+1","Turbo+1","Amplify+1","Defragment+1","Recycle+1","Coolheaded","Glacier","Echo Form+1","Recycle+1","Coolheaded","Skim","Heatsinks+1","Loop+1","Defragment+1","Self Repair+1","Chill","Loop+1","White Noise","Loop+1","Defragment+1"],"special_seed":0,"relics":["Cracked Core","Meat on the Bone","Centennial Puzzle","Frozen Egg 2","Dead Branch","Ancient Tea Set","Orrery","Membership Card","Nilry\u0027s Codex","Pear","Bottled Tornado","Dream Catcher","Empty Cage","OrangePellets","Happy Flower","FossilizedHelix","Mercury Hourglass","Bag of Marbles"],"potions_floor_usage":[56,56],"damage_taken":[{"damage":0.0,"enemies":"Cultist","floor":1.0,"turns":4.0},{"damage":0.0,"enemies":"Jaw Worm","floor":3.0,"turns":7.0},{"damage":0.0,"enemies":"2 Louse","floor":4.0,"turns":3.0},{"damage":0.0,"enemies":"Large Slime","floor":5.0,"turns":5.0},{"damage":0.0,"enemies":"Lagavulin","floor":6.0,"turns":10.0},{"damage":23.0,"enemies":"Gremlin Nob","floor":8.0,"turns":7.0},{"damage":5.0,"enemies":"Lagavulin","floor":10.0,"turns":9.0},{"damage":2.0,"enemies":"Exordium Wildlife","floor":12.0,"turns":3.0},{"damage":0.0,"enemies":"3 Sentries","floor":14.0,"turns":5.0},{"damage":0.0,"enemies":"The Guardian","floor":16.0,"turns":7.0},{"damage":0.0,"enemies":"Spheric Guardian","floor":18.0,"turns":5.0},{"damage":0.0,"enemies":"2 Thieves","floor":19.0,"turns":3.0},{"damage":1.0,"enemies":"Snake Plant","floor":20.0,"turns":4.0},{"damage":18.0,"enemies":"Book of Stabbing","floor":25.0,"turns":6.0},{"damage":0.0,"enemies":"Snecko","floor":27.0,"turns":5.0},{"damage":5.0,"enemies":"Gremlin Leader","floor":30.0,"turns":3.0},{"damage":0.0,"enemies":"3 Cultists","floor":31.0,"turns":2.0},{"damage":0.0,"enemies":"Automaton","floor":33.0,"turns":3.0},{"damage":0.0,"enemies":"Orb Walker","floor":35.0,"turns":2.0},{"damage":0.0,"enemies":"3 Darklings","floor":36.0,"turns":3.0},{"damage":0.0,"enemies":"Jaw Worm Horde","floor":39.0,"turns":2.0},{"damage":0.0,"enemies":"Nemesis","floor":41.0,"turns":3.0},{"damage":0.0,"enemies":"2 Orb Walkers","floor":42.0,"turns":4.0},{"damage":0.0,"enemies":"Writhing Mass","floor":44.0,"turns":3.0},{"damage":0.0,"enemies":"Reptomancer","floor":46.0,"turns":3.0},{"damage":0.0,"enemies":"3 Darklings","floor":48.0,"turns":4.0},{"damage":0.0,"enemies":"Time Eater","floor":50.0,"turns":4.0},{"damage":0.0,"enemies":"Awakened One","floor":51.0,"turns":73.0},{"damage":0.0,"enemies":"Shield and Spear","floor":55.0,"turns":3.0},{"damage":0,"enemies":"The Heart","floor":56,"turns":9}],"seed_played":"839517554659459588","potions_obtained":[{"floor":1.0,"key":"Dexterity Potion"},{"floor":4.0,"key":"LiquidBronze"},{"floor":12.0,"key":"Fire Potion"},{"floor":16.0,"key":"Explosive Potion"},{"floor":19.0,"key":"Dexterity Potion"},{"floor":27.0,"key":"SpeedPotion"},{"floor":41.0,"key":"SkillPotion"},{"floor":55.0,"key":"SpeedPotion"}],"is_trial":false,"path_per_floor":["M","?","M","M","M","E","R","E","T","E","R","M","R","E","R","B",null,"M","M","M","$","?","R","?","E","T","M","?","R","E","M","R","B",null,"M","M","?","$","M","R","E","?","T","M","R","E","$","M","R","B","B",null,"R","$","E","B",null],"character_chosen":"DEFECT","items_purchased":["Membership Card","Defragment+1","Skim","OrangePellets","Heatsinks+1","Loop+1","Loop+1"],"campfire_rested":0,"item_purchase_floors":[21,21,38,38,38,47,54],"current_hp_per_floor":[64,64,64,64,64,64,64,41,41,36,36,46,46,46,46,46,65,65,65,64,64,64,64,43,47,47,47,47,47,42,42,42,42,71,71,71,71,71,71,71,71,71,71,81,81,81,81,81,81,81,81,81,81,81,81,81],"gold":88,"neow_bonus":"TRANSFORM_TWO_CARDS","is_prod":false,"is_daily":false,"chose_seed":false,"campfire_upgraded":10,"win_rate":0,"timestamp":1557739388,"path_taken":["M","?","M","?","M","E","R","E","T","E","R","M","R","E","R","BOSS","M","?","M","$","?","R","?","E","T","M","?","R","E","M","R","BOSS","M","M","?","$","M","R","E","?","T","M","R","E","$","M","R","BOSS","BOSS","R","$","E","BOSS"],"build_version":"2019-01-23","purchased_purges":2,"victory":true,"max_hp_per_floor":[71,71,71,71,71,71,71,71,71,71,71,71,71,71,71,71,71,71,71,71,71,71,71,71,81,81,81,81,81,81,81,81,81,81,81,81,81,81,81,81,81,81,81,81,81,81,81,81,81,81,81,81,81,81,81,81],"card_choices":[{"not_picked":["Compile Driver","Go for the Eyes"],"picked":"Undo","floor":1.0},{"not_picked":["Barrage","Stack"],"picked":"BootSequence","floor":3.0},{"not_picked":["Streamline","Barrage"],"picked":"Turbo","floor":4.0},{"not_picked":["Static Discharge","Rip and Tear"],"picked":"Recycle","floor":5.0},{"not_picked":["Static Discharge","Lockon"],"picked":"Double Energy","floor":6.0},{"not_picked":["Capacitor","Hologram","Lockon"],"picked":"SKIP","floor":8.0},{"not_picked":["Capacitor","Lockon"],"picked":"Hologram","floor":8.0},{"not_picked":["Conserve Battery","Barrage"],"picked":"Seek","floor":10.0},{"not_picked":["Stack","Ball Lightning"],"picked":"Consume","floor":12.0},{"not_picked":["Undo","Leap"],"picked":"Capacitor+1","floor":14.0},{"not_picked":["Hyperbeam","Creative AI+1"],"picked":"Echo Form+1","floor":16.0},{"not_picked":["Steam Power","Streamline"],"picked":"Buffer+1","floor":17.0},{"not_picked":["Stack","FTL"],"picked":"Turbo","floor":17.0},{"not_picked":["Steam","Leap"],"picked":"Undo","floor":17.0},{"not_picked":["Redo","Leap"],"picked":"Heatsinks+1","floor":17.0},{"not_picked":["Conserve Battery+1","Beam Cell"],"picked":"Turbo","floor":18.0},{"not_picked":["Reprogram","Heatsinks+1"],"picked":"Amplify","floor":19.0},{"not_picked":["Beam Cell","Gash","FTL+1"],"picked":"SKIP","floor":20.0},{"not_picked":["Turbo","Rip and Tear"],"picked":"Recycle","floor":25.0},{"not_picked":["Barrage","Streamline"],"picked":"Coolheaded","floor":27.0},{"not_picked":["Ball Lightning","Reinforced Body"],"picked":"Glacier","floor":30.0},{"not_picked":["Beam Cell","Redo","Reprogram"],"picked":"SKIP","floor":31.0},{"not_picked":["Seek","Hyperbeam"],"picked":"Echo Form+1","floor":33.0},{"not_picked":["Hello World+1","Leap"],"picked":"Recycle","floor":35.0},{"not_picked":["Blizzard","Lockon"],"picked":"Coolheaded","floor":36.0},{"not_picked":["Hello World+1","Barrage"],"picked":"Loop+1","floor":39.0},{"not_picked":["Self Repair+1","Lockon"],"picked":"Defragment+1","floor":41.0},{"not_picked":["Compile Driver","Beam Cell"],"picked":"Self Repair+1","floor":42.0},{"not_picked":["Ball Lightning","Gash"],"picked":"Chill","floor":44.0},{"not_picked":["Genetic Algorithm","Compile Driver","Reinforced Body"],"picked":"SKIP","floor":46.0},{"not_picked":["Core Surge","Go for the Eyes"],"picked":"White Noise","floor":48.0},{"not_picked":["Force Field","Compile Driver"],"picked":"Defragment+1","floor":55.0}],"player_experience":4722815,"relics_obtained":[{"floor":6.0,"key":"Meat on the Bone"},{"floor":8.0,"key":"Centennial Puzzle"},{"floor":9.0,"key":"Frozen Egg 2"},{"floor":10.0,"key":"Dead Branch"},{"floor":14.0,"key":"Ancient Tea Set"},{"floor":24.0,"key":"Nilry\u0027s Codex"},{"floor":25.0,"key":"Pear"},{"floor":26.0,"key":"Bottled Tornado"},{"floor":30.0,"key":"Dream Catcher"},{"floor":41.0,"key":"Happy Flower"},{"floor":42.0,"key":"FossilizedHelix"},{"floor":46.0,"key":"Mercury Hourglass"},{"floor":55.0,"key":"Bag of Marbles"}],"event_choices":[{"damage_healed":0.0,"max_hp_gain":0.0,"max_hp_loss":0.0,"gold_gain":0.0,"cards_transformed":["Defend_B"],"event_name":"Transmorgrifier","player_choice":"Transformed","floor":2.0,"gold_loss":0.0,"damage_taken":0.0,"cards_obtained":["Creative AI"]},{"damage_healed":0.0,"max_hp_gain":0.0,"max_hp_loss":0.0,"gold_gain":0.0,"event_name":"The Mausoleum","player_choice":"Ignored","floor":22.0,"gold_loss":0.0,"damage_taken":0.0},{"damage_healed":0.0,"max_hp_gain":0.0,"max_hp_loss":0.0,"gold_gain":0.0,"event_name":"Cursed Tome","player_choice":"Obtained Book","floor":24.0,"gold_loss":0.0,"damage_taken":21.0},{"cards_removed":["Strike_B"],"damage_healed":0.0,"max_hp_gain":0.0,"max_hp_loss":0.0,"gold_gain":0.0,"event_name":"Beggar","player_choice":"Gave Gold","floor":28.0,"gold_loss":75.0,"damage_taken":0.0},{"damage_healed":0.0,"max_hp_gain":0.0,"max_hp_loss":0.0,"gold_gain":0.0,"event_name":"Tomb of Lord Red Mask","player_choice":"Ignored","floor":37.0,"gold_loss":0.0,"damage_taken":0.0},{"damage_healed":0.0,"max_hp_gain":0.0,"max_hp_loss":0.0,"gold_gain":0.0,"event_name":"Mysterious Sphere","player_choice":"Fight","floor":42.0,"gold_loss":0.0,"damage_taken":0.0}],"is_beta":false,"boss_relics":[{"not_picked":["Calling Bell","Sozu"],"picked":"Orrery"},{"not_picked":["FrozenCore","Velvet Choker"],"picked":"Empty Cage"}],"items_purged_floors":[38,47],"is_endless":false,"potions_floor_spawned":[1,4,6,12,16,19,27,30,31,41,42,44,46,55],"ascension_level":20}