{"gold_per_floor":[114,131,131,17,29,60,60,60,60,60,70,70,84,102,102,177,177,197,0,0,50,62,62,76,76,76,90,90,101,101,1,1,1],"floor_reached":33,"playtime":814,"items_purged":["Defend_R","Strike_R"],"score":432,"play_id":"b4d7425d-41d1-419c-855f-ea1d87ae60b8","local_time":"20181216221744","is_ascension_mode":true,"campfire_choices":[{"data":"Bash","floor":8.0,"key":"SMITH"},{"data":"Clash","floor":10.0,"key":"SMITH"},{"floor":15.0,"key":"REST"},{"floor":23.0,"key":"REST"},{"floor":25.0,"key":"REST"},{"floor":28.0,"key":"REST"},{"floor":32,"key":"REST"}],"neow_cost":"NONE","seed_source_timestamp":38111927867573,"circlet_count":0,"master_deck":["AscendersBane","Strike_R","Strike_R","Strike_R","Strike_R","Defend_R","Defend_R","Defend_R","Bash+1","Clash+1","Sever Soul","Evolve+1","Corruption+1","Inflame+1","Sentinel","Uppercut+1","Limit Break","Clothesline+1","Uppercut+1","Clash+1"],"special_seed":0,"relics":["Velvet Choker","Frozen Egg 2","Bottled Tornado","Molten Egg 2","Lizard Tail","Blue Candle"],"potions_floor_usage":[33],"damage_taken":[{"damage":1.0,"enemies":"Cultist","floor":1.0,"turns":3.0},{"damage":1.0,"enemies":"2 Louse","floor":2.0,"turns":3.0},{"damage":7.0,"enemies":"Jaw Worm","floor":5.0,"turns":2.0},{"damage":15.0,"enemies":"3 Sentries","floor":6.0,"turns":5.0},{"damage":8.0,"enemies":"Blue Slaver","floor":11.0,"turns":2.0},{"damage":10.0,"enemies":"2 Fungi Beasts","floor":13.0,"turns":3.0},{"damage":36.0,"enemies":"Gremlin Gang","floor":14.0,"turns":5.0},{"damage":25.0,"enemies":"The Guardian","floor":16.0,"turns":6.0},{"damage":34.0,"enemies":"2 Thieves","floor":18.0,"turns":4.0},{"damage":19.0,"enemies":"3 Byrds","floor":22.0,"turns":6.0},{"damage":27.0,"enemies":"Snake Plant","floor":24.0,"turns":4.0},{"damage":0.0,"enemies":"Snecko","floor":27.0,"turns":3.0},{"damage":29.0,"enemies":"3 Cultists","floor":29.0,"turns":5.0},{"damage":127,"enemies":"Automaton","floor":33,"turns":8}],"seed_played":"-1388198037038004190","potions_obtained":[{"floor":2.0,"key":"Fire Potion"},{"floor":11.0,"key":"Regen Potion"},{"floor":14.0,"key":"Fruit Juice"},{"floor":18.0,"key":"Block Potion"},{"floor":27.0,"key":"Regen Potion"}],"is_trial":false,"path_per_floor":["M","M","?","$","M","E","$","R","T","R","M","$","M","M","R","B",null,"M","?","$","?","M","R","M","R","T","M","R","M","?","$","R","B"],"character_chosen":"IRONCLAD","items_purchased":["Evolve+1"],"campfire_rested":5,"item_purchase_floors":[4],"current_hp_per_floor":[67,66,66,66,59,44,44,44,44,44,36,36,26,7,31,6,62,28,28,28,28,9,33,6,30,30,30,54,25,2,2,27,0],"gold":1,"neow_bonus":"BOSS_RELIC","is_prod":false,"is_daily":false,"chose_seed":false,"campfire_upgraded":2,"win_rate":0,"timestamp":1544969864,"path_taken":["M","?","?","$","M","E","$","R","T","R","M","$","?","M","R","BOSS","M","?","$","?","?","R","M","R","T","M","R","M","?","$","R","BOSS"],"build_version":"2018-12-13","purchased_purges":2,"victory":false,"max_hp_per_floor":[75,75,75,75,75,75,75,75,75,75,75,75,75,80,80,80,80,80,80,80,80,80,80,80,80,80,80,80,80,85,85,85,85],"card_choices":[{"not_picked":["Heavy Blade","Reckless Charge"],"picked":"Clash","floor":1.0},{"not_picked":["Body Slam","Clothesline"],"picked":"Sever Soul","floor":2.0},{"not_picked":["Flex","Iron Wave"],"picked":"Corruption+1","floor":5.0},{"not_picked":["Armaments","Heavy Blade","Havoc"],"picked":"SKIP","floor":6.0},{"not_picked":["Wild Strike+1","Havoc"],"picked":"Inflame+1","floor":11.0},{"not_picked":["Body Slam+1","Ghostly Armor"],"picked":"Sentinel","floor":13.0},{"not_picked":["Blood for Blood+1","Dual Wield"],"picked":"Uppercut+1","floor":14.0},{"not_picked":["Immolate+1","Fiend Fire+1"],"picked":"Limit Break","floor":16.0},{"not_picked":["Bloodletting+1","Anger+1"],"picked":"Clothesline+1","floor":18.0},{"not_picked":["Havoc","Thunderclap+1"],"picked":"Uppercut+1","floor":22.0},{"not_picked":["Sever Soul+1","Iron Wave+1","Warcry"],"picked":"SKIP","floor":24.0},{"not_picked":["Entrench","Body Slam+1","Headbutt+1"],"picked":"SKIP","floor":27.0},{"not_picked":["Perfected Strike+1","Combust+1"],"picked":"Clash+1","floor":29.0}],"player_experience":1296214,"relics_obtained":[{"floor":3.0,"key":"Frozen Egg 2"},{"floor":6.0,"key":"Bottled Tornado"},{"floor":9.0,"key":"Molten Egg 2"},{"floor":26.0,"key":"Blue Candle"}],"event_choices":[{"damage_healed":0.0,"max_hp_gain":0.0,"max_hp_loss":0.0,"gold_gain":0.0,"event_name":"Wheel of Change","player_choice":"Relic","floor":3.0,"gold_loss":0.0,"damage_taken":0.0},{"damage_healed":0.0,"max_hp_gain":0.0,"max_hp_loss":0.0,"gold_gain":0.0,"event_name":"Masked Bandits","player_choice":"Paid Fearfully","floor":19.0,"gold_loss":197.0,"damage_taken":0.0},{"damage_healed":0.0,"max_hp_gain":0.0,"max_hp_loss":0.0,"gold_gain":50.0,"event_name":"Golden Shrine","player_choice":"Pray","floor":21.0,"gold_loss":0.0,"damage_taken":0.0},{"damage_healed":0,"gold_gain":0,"player_choice":"Shed Blood","damage_taken":28,"max_hp_gain":5,"max_hp_loss":0,"event_name":"Forgotten Altar","floor":30,"gold_loss":0}],"is_beta":false,"boss_relics":[{"not_picked":["Sozu","Eternal Feather"],"picked":"Lizard Tail"}],"items_purged_floors":[4,31],"is_endless":false,"potions_floor_spawned":[2,11,14,18,27],"killed_by":"Automaton","ascension_level":15}