{"gold_per_floor":[115,131,53,128,154,183,183,195,195,227,68,68,93,93,93,167,167,185,199,199,199,199,199,199],"floor_reached":24,"playtime":1153,"items_purged":[],"score":445,"play_id":"362593ff-fc45-4828-84dd-e6a31990b896","local_time":"20190731195850","is_ascension_mode":true,"campfire_choices":[{"floor":7.0,"key":"REST"},{"floor":12.0,"key":"REST"},{"data":"Crippling Poison","floor":15.0,"key":"SMITH"},{"data":"Night Terror","floor":23,"key":"SMITH"}],"neow_cost":"NONE","seed_source_timestamp":0,"circlet_count":0,"master_deck":["AscendersBane","Defend_G","Defend_G","Defend_G","Defend_G","Defend_G","Survivor","Neutralize","Flechettes","Well Laid Plans","All Out Attack","Deadly Poison","PiercingWail","Sucker Punch+1","Footwork","Bouncing Flask","Caltrops","Crippling Poison+1","Night Terror+1","Catalyst","Dash+1","Bite+1","Bite+1","Bite+1","Bite+1","Bite+1"],"special_seed":0,"relics":["Ring of the Snake","Pen Nib","Pantograph","Molten Egg 2","Bronze Scales","Pear","Runic Dome","Bag of Marbles"],"potions_floor_usage":[24],"damage_taken":[{"damage":7.0,"enemies":"Small Slimes","floor":1.0,"turns":6.0},{"damage":0.0,"enemies":"Jaw Worm","floor":2.0,"turns":5.0},{"damage":32.0,"enemies":"Gremlin Nob","floor":6.0,"turns":4.0},{"damage":0.0,"enemies":"Cultist","floor":8.0,"turns":3.0},{"damage":26.0,"enemies":"Lagavulin","floor":10.0,"turns":6.0},{"damage":8.0,"enemies":"Gremlin Nob","floor":13.0,"turns":3.0},{"damage":54.0,"enemies":"Slime Boss","floor":16.0,"turns":9.0},{"damage":23,"enemies":"Shell Parasite","floor":18,"turns":5},{"damage":11,"enemies":"Spheric Guardian","floor":19,"turns":3},{"damage":48,"enemies":"Chosen and Byrds","floor":24,"turns":7}],"seed_played":"-8951505894071535054","potions_obtained":[{"floor":1.0,"key":"Explosive Potion"},{"floor":2.0,"key":"SkillPotion"},{"floor":10.0,"key":"Explosive Potion"},{"floor":13.0,"key":"Ancient Potion"},{"floor":19,"key":"LiquidBronze"}],"is_trial":false,"path_per_floor":["M","M","$","?","T","E","R","M","T","E","$","R","E","?","R","B",null,"M","M","?","?","T","R","M"],"character_chosen":"THE_SILENT","items_purchased":["All Out Attack","Footwork","Bouncing Flask"],"campfire_rested":2,"item_purchase_floors":[3,11,11],"current_hp_per_floor":[58,58,58,47,47,15,36,36,36,10,10,31,33,33,33,4,63,40,29,29,29,29,29,0],"gold":199,"neow_bonus":"TEN_PERCENT_HP_BONUS","is_prod":false,"is_daily":false,"chose_seed":false,"campfire_upgraded":2,"win_rate":0,"timestamp":1564595930,"path_taken":["M","M","$","?","?","E","R","M","T","E","$","R","E","?","R","BOSS","M","?","?","?","?","R","M"],"build_version":"2019-07-17","purchased_purges":0,"victory":false,"max_hp_per_floor":[72,72,72,72,72,72,72,72,72,72,72,72,82,82,82,82,82,82,82,82,57,57,57,57],"card_choices":[{"not_picked":["Heel Hook","Dodge and Roll"],"picked":"Flechettes","floor":1.0},{"not_picked":["Crippling Poison","Sucker Punch"],"picked":"Well Laid Plans","floor":2.0},{"not_picked":["Distraction","Poisoned Stab"],"picked":"Deadly Poison","floor":6.0},{"not_picked":["Flechettes","Outmaneuver"],"picked":"PiercingWail","floor":8.0},{"not_picked":["Flying Knee+1","Prepared"],"picked":"Sucker Punch+1","floor":10.0},{"not_picked":["Unload+1","Blade Dance"],"picked":"Caltrops","floor":13.0},{"not_picked":["Tools of the Trade","Unload+1"],"picked":"Night Terror","floor":16.0},{"not_picked":["Expertise+1","Dodge and Roll"],"picked":"Catalyst","floor":18},{"not_picked":["Outmaneuver","Acrobatics","Deadly Poison"],"picked":"SKIP","floor":19}],"player_experience":799002,"relics_obtained":[{"floor":5.0,"key":"Pen Nib"},{"floor":6.0,"key":"Pantograph"},{"floor":9.0,"key":"Molten Egg 2"},{"floor":10.0,"key":"Bronze Scales"},{"floor":13.0,"key":"Pear"},{"floor":22,"key":"Bag of Marbles"}],"event_choices":[{"damage_healed":0.0,"max_hp_gain":0.0,"max_hp_loss":0.0,"gold_gain":75.0,"event_name":"World of Goop","player_choice":"Gather Gold","floor":4.0,"gold_loss":0.0,"damage_taken":11.0},{"damage_healed":0.0,"max_hp_gain":0.0,"max_hp_loss":0.0,"gold_gain":0.0,"cards_transformed":["Strike_G"],"event_name":"Transmorgrifier","player_choice":"Transformed","floor":14.0,"gold_loss":0.0,"damage_taken":0.0,"cards_obtained":["Crippling Poison"]},{"damage_healed":0,"gold_gain":0,"player_choice":"Read","damage_taken":0,"max_hp_gain":0,"max_hp_loss":0,"event_name":"The Library","floor":20,"gold_loss":0,"cards_obtained":["Dash"]},{"damage_healed":0,"gold_gain":0,"player_choice":"Became a vampire","damage_taken":0,"max_hp_gain":0,"max_hp_loss":25,"event_name":"Vampires","floor":21,"gold_loss":0,"cards_obtained":["Bite","Bite","Bite","Bite","Bite"]}],"is_beta":false,"boss_relics":[{"not_picked":["Ring of the Serpent","Orrery"],"picked":"Runic Dome"}],"items_purged_floors":[],"is_endless":false,"potions_floor_spawned":[1,2,10,13,19],"killed_by":"Chosen and Byrds","ascension_level":20}