{"gold_per_floor":[115,115,40,40,40,67,67,137,137,151,151,175,75,99,99,99],"floor_reached":16,"playtime":293,"items_purged":["Strike_G","Strike_G"],"score":316,"play_id":"15383462-b266-43e5-9cb2-eccb11cd6f6c","local_time":"20190217215418","is_ascension_mode":true,"campfire_choices":[{"data":"All Out Attack","floor":11,"key":"SMITH"},{"data":"Tactician","floor":15,"key":"SMITH"}],"neow_cost":"NONE","seed_source_timestamp":22058175811872,"circlet_count":0,"master_deck":["AscendersBane","Defend_G","Defend_G","Defend_G","Defend_G","Defend_G","Strike_G","Strike_G","Survivor","Neutralize","Outmaneuver","All Out Attack+1","Prepared","Predator","Tactician+1","Well Laid Plans"],"special_seed":0,"relics":["Ring of the Snake","NeowsBlessing","Pear","Ancient Tea Set","Golden Idol","Tiny Chest"],"potions_floor_usage":[],"damage_taken":[{"damage":0.0,"enemies":"2 Louse","floor":1.0,"turns":1.0},{"damage":0,"enemies":"Lagavulin","floor":6,"turns":2},{"damage":0,"enemies":"Gremlin Nob","floor":8,"turns":1},{"damage":16,"enemies":"Jaw Worm","floor":10,"turns":7},{"damage":1,"enemies":"Small Slimes","floor":12,"turns":3},{"damage":16,"enemies":"2 Fungi Beasts","floor":14,"turns":3},{"damage":35,"enemies":"Slime Boss","floor":16,"turns":8}],"seed_played":"7168010683483945561","potions_obtained":[{"floor":6,"key":"Dexterity Potion"},{"floor":12,"key":"GamblersBrew"}],"is_trial":false,"path_per_floor":["M","?","$","?","?","E","?","E","T","M","R","M","$","M","R","B"],"character_chosen":"THE_SILENT","items_purchased":[],"campfire_rested":0,"item_purchase_floors":[],"current_hp_per_floor":[59,59,59,58,58,58,58,58,58,42,42,41,41,25,25,0],"gold":99,"neow_bonus":"THREE_ENEMY_KILL","is_prod":false,"is_daily":false,"chose_seed":false,"campfire_upgraded":2,"win_rate":0,"timestamp":1550411658,"path_taken":["M","?","?","?","?","E","?","E","T","?","R","M","$","M","R","BOSS"],"build_version":"2019-01-23","purchased_purges":2,"victory":false,"max_hp_per_floor":[66,66,66,76,76,76,69,69,69,69,69,69,69,69,69,69],"card_choices":[{"not_picked":["Dodge and Roll","Cloak And Dagger"],"picked":"Outmaneuver","floor":1.0},{"not_picked":["Dash","Infinite Blades"],"picked":"All Out Attack","floor":6},{"not_picked":["Dagger Spray","Concentrate"],"picked":"Prepared","floor":8},{"not_picked":["Predator","Poisoned Stab","Leg Sweep"],"picked":"SKIP","floor":10},{"not_picked":["Poisoned Stab","Leg Sweep"],"picked":"Predator","floor":10},{"not_picked":["Dagger Spray","Deflect"],"picked":"Tactician","floor":12},{"not_picked":["Bane","Accuracy"],"picked":"Well Laid Plans","floor":14}],"player_experience":1466507,"relics_obtained":[{"floor":6,"key":"Ancient Tea Set"},{"floor":8,"key":"Tiny Chest"}],"event_choices":[{"cards_removed":["Strike_G"],"damage_healed":0,"gold_gain":0,"player_choice":"Forget","damage_taken":0,"max_hp_gain":0,"max_hp_loss":0,"event_name":"Living Wall","floor":2,"gold_loss":0},{"damage_healed":0,"gold_gain":0,"player_choice":"Success","damage_taken":11,"relics_obtained":["Pear"],"max_hp_gain":0,"max_hp_loss":0,"event_name":"Scrap Ooze","floor":4,"gold_loss":0},{"damage_healed":0,"gold_gain":0,"player_choice":"Ignored","damage_taken":0,"max_hp_gain":0,"max_hp_loss":0,"event_name":"Liars Game","floor":5,"gold_loss":0},{"damage_healed":0,"gold_gain":0,"player_choice":"Lose Max HP","damage_taken":0,"relics_obtained":["Golden Idol"],"max_hp_gain":0,"max_hp_loss":7,"event_name":"Golden Idol","floor":7,"gold_loss":0}],"is_beta":false,"boss_relics":[],"items_purged_floors":[3,13],"is_endless":false,"potions_floor_spawned":[6,12],"killed_by":"Slime Boss","ascension_level":20}