{"gold_per_floor":[117,137,137,60,72,72,42,42,118,118,128,128,59,31,31,127,127,139,171,171,171,22,22,22,22,22,22,33,44,56,75,75,173,173,188,34,54,54,54,54,69,79,79,79,110,75,92,24,24,24],"floor_reached":51,"playtime":2175,"items_purged":["Strike_G"],"score":715,"play_id":"c15980b4-4181-47c4-9934-358cddf75c66","local_time":"20181016105427","is_ascension_mode":false,"campfire_choices":[{"data":"Footwork","floor":6,"key":"SMITH"},{"data":"Footwork","floor":10,"key":"SMITH"},{"data":"Footwork","floor":12,"key":"SMITH"},{"data":"Crippling Poison","floor":15,"key":"SMITH"},{"data":"Accuracy","floor":23,"key":"SMITH"},{"data":"Night Terror","floor":25,"key":"SMITH"},{"data":"Catalyst","floor":27,"key":"SMITH"},{"data":"Envenom","floor":32,"key":"SMITH"},{"data":"Well Laid Plans","floor":40,"key":"SMITH"},{"data":"Cloak And Dagger","floor":44,"key":"SMITH"},{"floor":49,"key":"REST"}],"neow_cost":"NONE","seed_source_timestamp":9395389004968,"circlet_count":0,"master_deck":["Defend_G","Defend_G","Defend_G","Defend_G","Defend_G","Strike_G","Strike_G","Strike_G","Survivor","Neutralize","Footwork+1","Footwork+1","Footwork+1","Backflip","Crippling Poison+1","Catalyst+1","Infinite Blades","Night Terror+1","Infinite Blades","Envenom+1","Accuracy+1","Cloak And Dagger+1","Cloak And Dagger","Backflip+1","After Image","Catalyst","Adrenaline","Noxious Fumes","Well Laid Plans+1","Blind","Mind Blast+1","Mayhem","Malaise","Catalyst","Malaise"],"relics":["Ring of the Snake","Regal Pillow","Shuriken","Eternal Feather","Red Mask","Strawberry","Letter Opener","Molten Egg 2","Cursed Key","Prayer Wheel"],"potions_floor_usage":[19,30,35,42,50,50],"damage_taken":[{"damage":0,"enemies":"Small Slimes","floor":1,"turns":3},{"damage":0,"enemies":"Cultist","floor":2,"turns":5},{"damage":0,"enemies":"2 Louse","floor":5,"turns":6},{"damage":0,"enemies":"Looter","floor":7,"turns":4},{"damage":0,"enemies":"Gremlin Gang","floor":11,"turns":9},{"damage":11,"enemies":"Exordium Thugs","floor":14,"turns":5},{"damage":13,"enemies":"Hexaghost","floor":16,"turns":15},{"damage":0,"enemies":"Spheric Guardian","floor":18,"turns":10},{"damage":55,"enemies":"Masked Bandits","floor":19,"turns":6},{"damage":6,"enemies":"Shell Parasite","floor":28,"turns":10},{"damage":16,"enemies":"Chosen and Byrds","floor":29,"turns":7},{"damage":0,"enemies":"Centurion and Healer","floor":30,"turns":9},{"damage":10,"enemies":"Snake Plant","floor":31,"turns":7},{"damage":50,"enemies":"Champ","floor":33,"turns":11},{"damage":2,"enemies":"3 Shapes","floor":35,"turns":4},{"damage":19,"enemies":"Orb Walker","floor":37,"turns":4},{"damage":0,"enemies":"4 Shapes","floor":41,"turns":4},{"damage":36,"enemies":"Transient","floor":42,"turns":5},{"damage":25,"enemies":"Nemesis","floor":45,"turns":7},{"damage":9,"enemies":"3 Darklings","floor":47,"turns":6},{"damage":55,"enemies":"Awakened One","floor":50,"turns":18}],"seed_played":"7693250025670831240","potions_obtained":[{"floor":2,"key":"GhostInAJar"},{"floor":11,"key":"Ancient Potion"},{"floor":14,"key":"Regen Potion"},{"floor":16,"key":"SkillPotion"},{"floor":29,"key":"LiquidBronze"},{"floor":30,"key":"Dexterity Potion"},{"floor":37,"key":"Fire Potion"},{"floor":42,"key":"Energy Potion"}],"is_trial":false,"path_per_floor":["M","M","?","$","M","R","M","$","T","R","M","R","$","M","R","B",null,"M","?","T","?","$","R","$","R","T","R","M","M","M","M","R","B",null,"M","$","M","?","$","R","M","M","T","R","E","$","M","$","R","B"],"character_chosen":"THE_SILENT","items_purchased":["Footwork","Catalyst","Accuracy","Adrenaline","Noxious Fumes","Catalyst","Malaise"],"campfire_rested":1,"item_purchase_floors":[4,13,22,36,36,46,48],"current_hp_per_floor":[70,70,70,70,70,70,70,70,70,70,70,70,70,59,59,46,70,70,29,36,36,36,48,48,60,60,72,66,50,50,40,52,2,77,75,75,56,46,46,64,64,28,28,46,21,21,12,12,71,16],"gold":24,"neow_bonus":"REMOVE_CARD","is_prod":false,"is_daily":false,"chose_seed":false,"campfire_upgraded":10,"win_rate":0,"timestamp":1539658467,"path_taken":["M","M","?","$","M","R","M","?","T","R","M","R","$","M","R","BOSS","M","?","?","?","?","R","$","R","T","R","M","M","M","M","R","BOSS","M","$","M","?","?","R","?","M","T","R","E","$","M","$","R","BOSS"],"build_version":"2018-10-11","purchased_purges":1,"victory":true,"max_hp_per_floor":[70,70,70,70,70,70,70,70,70,70,70,70,70,70,70,70,70,70,70,77,77,77,77,77,77,77,77,77,77,77,77,77,77,77,77,77,77,77,77,77,77,77,77,77,77,77,77,77,77,77],"card_choices":[{"not_picked":["Dagger Spray","Cloak And Dagger"],"picked":"Footwork","floor":1},{"not_picked":["Outmaneuver","Dagger Spray"],"picked":"Footwork","floor":2},{"not_picked":["Dash","Endless Agony"],"picked":"Backflip","floor":5},{"not_picked":["Riddle With Holes","Heel Hook","Underhanded Strike"],"picked":"SKIP","floor":7},{"not_picked":["Reflex","Quick Slash"],"picked":"Crippling Poison","floor":11},{"not_picked":["Blade Dance","Bane"],"picked":"Infinite Blades","floor":14},{"not_picked":["Venomology","Envenom"],"picked":"Night Terror","floor":16},{"not_picked":["Underhanded Strike","Bane"],"picked":"Infinite Blades","floor":18},{"not_picked":["Dagger Spray","Deadly Poison"],"picked":"Envenom","floor":19},{"not_picked":["Heel Hook+1","Reflex"],"picked":"Cloak And Dagger","floor":28},{"not_picked":["Prepared","Caltrops"],"picked":"Cloak And Dagger","floor":29},{"not_picked":["PiercingWail+1","Endless Agony+1","Dagger Throw+1"],"picked":"SKIP","floor":30},{"not_picked":["Caltrops","Acrobatics"],"picked":"Backflip+1","floor":31},{"not_picked":["Adrenaline","Envenom"],"picked":"After Image","floor":33},{"not_picked":["Deflect+1","Blade Dance+1"],"picked":"Catalyst","floor":35},{"not_picked":["Blade Dance+1","Deflect"],"picked":"Well Laid Plans","floor":37},{"not_picked":["Bandage Up","Discovery"],"picked":"Blind","floor":38},{"not_picked":["Enlightenment","Flash of Steel+1"],"picked":"Mind Blast+1","floor":38},{"not_picked":["Impatience","Violence"],"picked":"Mayhem","floor":38},{"not_picked":["Dagger Spray+1","Eviscerate+1","Skewer+1"],"picked":"SKIP","floor":41},{"not_picked":["Flying Knee+1","Deflect","Dagger Throw+1"],"picked":"SKIP","floor":42},{"not_picked":["Sucker Punch+1","Dash+1"],"picked":"Malaise","floor":45},{"not_picked":["Calculated Gamble","Flechettes+1","Setup"],"picked":"SKIP","floor":47},{"not_picked":["Dagger Throw+1","Underhanded Strike+1","Calculated Gamble"],"picked":"SKIP","floor":47}],"player_experience":242678,"relics_obtained":[{"floor":9,"key":"Shuriken"},{"floor":19,"key":"Red Mask"},{"floor":20,"key":"Strawberry"},{"floor":26,"key":"Molten Egg 2"},{"floor":45,"key":"Prayer Wheel"}],"event_choices":[{"event_name":"WeMeetAgain","player_choice":"Potion","floor":3,"damage_taken":0},{"event_name":"Masked Bandits","player_choice":"Fought Bandits","floor":19,"damage_taken":0},{"event_name":"The Mausoleum","player_choice":"Yes","floor":21,"damage_taken":0},{"event_name":"SensoryStone","player_choice":"Memory 3","floor":38,"damage_taken":0}],"is_beta":false,"boss_relics":[{"not_picked":["Snecko Eye","White Beast Statue"],"picked":"Eternal Feather"},{"not_picked":["HoveringKite","Philosopher\u0027s Stone"],"picked":"Cursed Key"}],"items_purged_floors":[22],"is_endless":false,"potions_floor_spawned":[2,11,14,16,18,29,30,37,42],"ascension_level":0}