{"path_per_floor":["M","$","?","M","M","E","R","M","T","R","M","E","?","?","R","B",null,"M","$","?","M","M","E","M","R","T","M","M","R","M","E","R","B",null,"M","M","$"],"character_chosen":"IRONCLAD","items_purchased":["Whetstone","Lantern"],"gold_per_floor":[116,41,41,56,74,106,106,124,149,149,168,199,199,199,199,300,300,312,63,63,80,95,125,137,137,137,155,169,169,180,206,206,308,308,324,343,72,72],"floor_reached":38,"campfire_rested":2,"playtime":1811,"item_purchase_floors":[],"current_hp_per_floor":[44,44,44,35,40,13,41,31,31,59,44,37,34,34,34,16,96,96,96,96,87,76,60,67,67,67,63,63,63,67,67,67,28,116,108,96,96,0],"items_purged":["Strike_R","Strike_R","Defend_R"],"gold":72,"score":478,"play_id":"d79b81cb-10b5-4c2c-a4bc-8c937ff66670","local_time":"20180526143756","is_prod":false,"is_daily":false,"chose_seed":false,"is_ascension_mode":false,"campfire_upgraded":4,"win_rate":0,"timestamp":1527338276,"campfire_choices":[{"floor":7.0,"key":"REST"},{"floor":10.0,"key":"REST"},{"data":"Inflame","floor":15.0,"key":"SMITH"},{"data":"Feed","floor":25.0,"key":"SMITH"},{"data":"Flex","floor":29.0,"key":"SMITH"},{"data":"Inflame","floor":32.0,"key":"SMITH"}],"path_taken":["M","$","?","M","M","E","R","M","T","R","M","E","?","?","R","BOSS","M","?","?","M","M","E","M","R","T","M","M","R","M","E","R","BOSS","M","M","$","M"],"build_version":"2018-05-25","seed_source_timestamp":0,"purchased_purges":3,"victory":false,"master_deck":["Strike_R","Strike_R","Strike_R+1","Defend_R","Defend_R","Bash","Inflame+1","Thunderclap","Disarm","Inflame+1","Clash+1","Iron Wave","Feed+1","Infernal Blade+1","Flex+1","Metallicize+1","Flex+1","Limit Break","Clumsy","Decay","Clumsy","Barricade+1"],"max_hp_per_floor":[96,96,96,96,96,96,96,96,96,96,96,96,96,96,96,96,96,96,96,96,99,102,105,108,108,108,108,112,112,116,116,116,116,116,116,120,120,120],"relics":["Burning Blood","Potion Belt","Orichalcum","Regal Pillow","Juzu Bracelet","Sozu","Whetstone","Oddly Smooth Stone","Anchor","Meat on the Bone","Dodecahedron","Calling Bell","Blood Vial","Frozen Egg 2","Turnip","Lantern"],"card_choices":[{"not_picked":["Sword Boomerang","Infernal Blade"],"picked":"Inflame","floor":1.0},{"not_picked":["Warcry","Shrug It Off"],"picked":"Thunderclap","floor":4.0},{"not_picked":["Intimidate","Hemokinesis"],"picked":"Disarm","floor":5.0},{"not_picked":["Power Through","Cleave"],"picked":"Inflame","floor":6.0},{"not_picked":["Intimidate","Rage"],"picked":"Clash","floor":8.0},{"not_picked":["Rupture","Shockwave","Headbutt"],"picked":"SKIP","floor":11.0},{"not_picked":["Juggernaut","True Grit"],"picked":"Iron Wave","floor":12.0},{"not_picked":["Bludgeon","Juggernaut"],"picked":"Feed","floor":16.0},{"not_picked":["Iron Wave","Pommel Strike+1","Blood for Blood"],"picked":"SKIP","floor":18.0},{"not_picked":["Disarm","True Grit"],"picked":"Infernal Blade+1","floor":21.0},{"not_picked":["Second Wind+1","Feel No Pain"],"picked":"Flex","floor":22.0},{"not_picked":["Brutality","Searing Blow+1"],"picked":"Metallicize+1","floor":23.0},{"not_picked":["Disarm","Warcry","Anger+1"],"picked":"SKIP","floor":24.0},{"not_picked":["Power Through","True Grit","Sword Boomerang"],"picked":"SKIP","floor":27.0},{"not_picked":["Searing Blow","Thunderclap+1","Armaments"],"picked":"SKIP","floor":28.0},{"not_picked":["Thunderclap","Body Slam","Twin Strike"],"picked":"SKIP","floor":30.0},{"not_picked":["Warcry","Body Slam"],"picked":"Flex+1","floor":31.0},{"not_picked":["Double Tap","Berserk"],"picked":"Limit Break","floor":33.0},{"not_picked":["Power Through","True Grit","Clothesline"],"picked":"SKIP","floor":35.0},{"not_picked":["Combust+1","Cleave+1"],"picked":"Barricade+1","floor":36.0}],"player_experience":71074,"potions_floor_usage":[38],"damage_taken":[{"damage":10.0,"enemies":"Small Slimes","floor":1.0,"turns":4.0},{"damage":15.0,"enemies":"Jaw Worm","floor":4.0,"turns":4.0},{"damage":1.0,"enemies":"Cultist","floor":5.0,"turns":3.0},{"damage":33.0,"enemies":"Gremlin Nob","floor":6.0,"turns":5.0},{"damage":16.0,"enemies":"Blue Slaver","floor":8.0,"turns":4.0},{"damage":21.0,"enemies":"Exordium Wildlife","floor":11.0,"turns":4.0},{"damage":13.0,"enemies":"Lagavulin","floor":12.0,"turns":6.0},{"damage":24.0,"enemies":"Slime Boss","floor":16.0,"turns":9.0},{"damage":3.0,"enemies":"Chosen","floor":18.0,"turns":5.0},{"damage":18.0,"enemies":"2 Thieves","floor":21.0,"turns":4.0},{"damage":20.0,"enemies":"Slaver and Parasite","floor":22.0,"turns":4.0},{"damage":25.0,"enemies":"Book of Stabbing","floor":23.0,"turns":4.0},{"damage":2.0,"enemies":"Chosen and Byrds","floor":24.0,"turns":6.0},{"damage":10.0,"enemies":"3 Cultists","floor":27.0,"turns":5.0},{"damage":22.0,"enemies":"Sentry and Sphere","floor":28.0,"turns":5.0},{"damage":18.0,"enemies":"Centurion and Healer","floor":30.0,"turns":6.0},{"damage":18.0,"enemies":"Slavers","floor":31.0,"turns":4.0},{"damage":57.0,"enemies":"Champ","floor":33.0,"turns":7.0},{"damage":14.0,"enemies":"Orb Walker","floor":35.0,"turns":4.0},{"damage":24.0,"enemies":"3 Shapes","floor":36.0,"turns":5.0},{"damage":115,"enemies":"Flame Bruiser 2 Orb","floor":38,"turns":9}],"relics_obtained":[{"floor":6.0,"key":"Potion Belt"},{"floor":9.0,"key":"Orichalcum"},{"floor":12.0,"key":"Regal Pillow"},{"floor":23.0,"key":"Anchor"},{"floor":26.0,"key":"Meat on the Bone"},{"floor":31.0,"key":"Dodecahedron"},{"floor":34.0,"key":"Blood Vial"},{"floor":34.0,"key":"Frozen Egg 2"},{"floor":34.0,"key":"Turnip"}],"event_choices":[{"event_name":"Living Wall","player_choice":"Forget","floor":3.0,"damage_taken":0.0},{"event_name":"Scrap Ooze","player_choice":"success","floor":13.0,"damage_taken":3.0},{"event_name":"Liars Game","player_choice":"disagreed","floor":14.0,"damage_taken":0.0},{"event_name":"The Mausoleum","player_choice":"Yes","floor":20.0,"damage_taken":0.0}],"boss_relics":[],"items_purged_floors":[],"potions_floor_spawned":[4,5,11,12,18,22,27,28,31,35,36],"seed_played":"-250758819542655826","killed_by":"Flame Bruiser 2 Orb","ascension_level":0,"potions_obtained":[{"floor":4.0,"key":"Weak Potion"},{"floor":5.0,"key":"Poison Potion"},{"floor":11.0,"key":"PowerPotion"},{"floor":12.0,"key":"BloodPotion"}],"is_trial":false}