{"gold_per_floor":[117,42,59,74,92,112,112,137,137,137,150,476,269,282,282,353,353,364,77,90,140,156,156,156],"floor_reached":24,"playtime":1198,"items_purged":["Strike_G","Strike_G","Well Laid Plans"],"score":520,"play_id":"78c2e76a-b8ca-4c57-ad7c-ef5b0a21984a","local_time":"20190323232748","is_ascension_mode":true,"campfire_choices":[{"data":"Bouncing Flask","floor":7.0,"key":"SMITH"},{"data":"Catalyst","floor":10.0,"key":"SMITH"},{"data":"Deadly Poison","floor":15.0,"key":"SMITH"},{"data":"Catalyst","floor":23,"key":"SMITH"}],"neow_cost":"NONE","seed_source_timestamp":12404165673818,"circlet_count":0,"master_deck":["AscendersBane","Defend_G","Defend_G","Defend_G","Defend_G","Defend_G","Survivor","Neutralize","Infinite Blades","Backflip","Bouncing Flask+1","Catalyst+1","Deadly Poison+1","Impatience","Well Laid Plans+1","Burst+1","Acrobatics+1","Catalyst+1"],"special_seed":0,"relics":["Ring of the Snake","Happy Flower","Potion Belt","Thread and Needle","Old Coin","Astrolabe","Snake Skull"],"potions_floor_usage":[24],"damage_taken":[{"damage":2.0,"enemies":"Jaw Worm","floor":1.0,"turns":6.0},{"damage":1.0,"enemies":"2 Louse","floor":3.0,"turns":4.0},{"damage":4.0,"enemies":"Small Slimes","floor":4.0,"turns":5.0},{"damage":12.0,"enemies":"Exordium Thugs","floor":5.0,"turns":7.0},{"damage":5.0,"enemies":"Exordium Wildlife","floor":6.0,"turns":5.0},{"damage":15.0,"enemies":"Lagavulin","floor":8.0,"turns":5.0},{"damage":0.0,"enemies":"Red Slaver","floor":11.0,"turns":2.0},{"damage":3.0,"enemies":"Gremlin Nob","floor":12.0,"turns":3.0},{"damage":0.0,"enemies":"2 Fungi Beasts","floor":14.0,"turns":2.0},{"damage":0,"enemies":"The Guardian","floor":16,"turns":7},{"damage":0,"enemies":"Chosen","floor":18,"turns":3},{"damage":10,"enemies":"2 Thieves","floor":20,"turns":5},{"damage":5,"enemies":"Snake Plant","floor":22,"turns":3},{"damage":46,"enemies":"Slavers","floor":24,"turns":5}],"seed_played":"4284486140516204009","potions_obtained":[{"floor":4.0,"key":"Dexterity Potion"},{"floor":6.0,"key":"PowerPotion"},{"floor":11.0,"key":"EssenceOfSteel"},{"floor":14.0,"key":"Dexterity Potion"}],"is_trial":false,"path_per_floor":["M","$","M","M","M","M","R","E","T","R","M","E","$","M","R","B",null,"M","$","M","?","M","R","E"],"character_chosen":"THE_SILENT","items_purchased":["Impatience","Snake Skull"],"campfire_rested":0,"item_purchase_floors":[13,19],"current_hp_per_floor":[57,57,56,52,40,35,35,20,20,20,20,17,17,17,17,17,54,54,54,44,44,39,39,0],"gold":156,"neow_bonus":"RANDOM_COMMON_RELIC","is_prod":false,"is_daily":false,"chose_seed":false,"campfire_upgraded":4,"win_rate":0,"timestamp":1553354868,"path_taken":["M","$","M","M","M","M","R","E","T","R","M","E","$","M","R","BOSS","M","$","M","?","M","R","E"],"build_version":"2019-01-23","purchased_purges":3,"victory":false,"max_hp_per_floor":[66,66,66,66,66,66,66,66,66,66,66,66,66,66,66,66,66,66,66,66,66,66,66,66],"card_choices":[{"not_picked":["Deflect","Underhanded Strike"],"picked":"Infinite Blades","floor":1.0},{"not_picked":["Underhanded Strike","Dagger Spray"],"picked":"Backflip","floor":3.0},{"not_picked":["Dodge and Roll","Slice","Leg Sweep"],"picked":"SKIP","floor":4.0},{"not_picked":["Outmaneuver","Backflip"],"picked":"Bouncing Flask","floor":5.0},{"not_picked":["Flying Knee","Backflip"],"picked":"Catalyst","floor":6.0},{"not_picked":["Cloak And Dagger","Riddle With Holes","Dagger Spray"],"picked":"SKIP","floor":8.0},{"not_picked":["Dodge and Roll","Heel Hook"],"picked":"Deadly Poison","floor":11.0},{"not_picked":["Outmaneuver","Unload"],"picked":"Well Laid Plans","floor":12.0},{"not_picked":["Accuracy","Well Laid Plans","Backflip"],"picked":"SKIP","floor":14.0},{"not_picked":["Footwork","Quick Slash"],"picked":"Catalyst","floor":18},{"not_picked":["Outmaneuver","Dagger Throw","All Out Attack"],"picked":"SKIP","floor":20},{"not_picked":["PiercingWail","Finisher","Burst"],"picked":"SKIP","floor":22}],"player_experience":1484875,"relics_obtained":[{"floor":8.0,"key":"Potion Belt"},{"floor":9.0,"key":"Thread and Needle"},{"floor":12.0,"key":"Old Coin"}],"event_choices":[{"damage_healed":0,"gold_gain":50,"player_choice":"Stole From Cult","damage_taken":0,"max_hp_gain":0,"max_hp_loss":0,"event_name":"Nest","floor":21,"gold_loss":0}],"is_beta":false,"boss_relics":[{"not_picked":["Calling Bell","Orrery"],"picked":"Astrolabe"}],"items_purged_floors":[2,13,19],"is_endless":false,"potions_floor_spawned":[4,6,11,14,16,22],"killed_by":"Slavers","ascension_level":20}