{"gold_per_floor":[111,123,48,48,66,66,95,95,95,128,128,141,141,161,161,250,250,264,264,264],"floor_reached":20,"playtime":597,"items_purged":["Strike_B"],"score":364,"play_id":"28f0726b-2f23-4942-95eb-c17e848b1e38","local_time":"20190120101258","is_ascension_mode":true,"campfire_choices":[{"data":"Hologram","floor":6.0,"key":"SMITH"},{"data":"Hologram","floor":11.0,"key":"SMITH"},{"data":"Gash","floor":13.0,"key":"SMITH"},{"floor":15.0,"key":"REST"}],"neow_cost":"NONE","seed_source_timestamp":2974968319133,"circlet_count":0,"master_deck":["AscendersBane","Strike_B","Strike_B","Strike_B","Defend_B","Defend_B","Defend_B","Defend_B","Zap","Dualcast","Gash+1","Hologram+1","Hologram+1","Gash","Fission","Hologram+1"],"special_seed":0,"relics":["Cracked Core","Bag of Preparation","Pear","Golden Idol","Matryoshka","Shuriken","Busted Crown"],"potions_floor_usage":[18],"damage_taken":[{"damage":5.0,"enemies":"Small Slimes","floor":1.0,"turns":4.0},{"damage":1.0,"enemies":"Cultist","floor":2.0,"turns":3.0},{"damage":0.0,"enemies":"2 Louse","floor":5.0,"turns":3.0},{"damage":20.0,"enemies":"Lagavulin","floor":7.0,"turns":6.0},{"damage":32.0,"enemies":"3 Sentries","floor":10.0,"turns":8.0},{"damage":0.0,"enemies":"Red Slaver","floor":12.0,"turns":4.0},{"damage":3.0,"enemies":"Blue Slaver","floor":14.0,"turns":3.0},{"damage":29.0,"enemies":"The Guardian","floor":16.0,"turns":9.0},{"damage":7,"enemies":"2 Thieves","floor":18,"turns":4},{"damage":41,"enemies":"Chosen","floor":20,"turns":5}],"seed_played":"-4107669360660340278","potions_obtained":[{"floor":2.0,"key":"Regen Potion"},{"floor":10.0,"key":"SpeedPotion"},{"floor":16.0,"key":"Explosive Potion"},{"floor":18,"key":"LiquidBronze"}],"is_trial":false,"path_per_floor":["M","M","$","?","M","R","E","?","T","E","R","M","R","M","R","B",null,"M","?","M"],"character_chosen":"DEFECT","items_purchased":[],"campfire_rested":1,"item_purchase_floors":[],"current_hp_per_floor":[59,58,58,58,58,58,62,62,62,30,30,30,30,27,48,19,60,53,53,12],"gold":264,"neow_bonus":"RANDOM_COMMON_RELIC","is_prod":false,"is_daily":false,"chose_seed":false,"campfire_upgraded":3,"win_rate":0,"timestamp":1547950378,"path_taken":["M","M","$","?","M","R","E","?","T","E","R","M","R","M","R","BOSS","M","?","M"],"build_version":"2019-01-17v2","purchased_purges":1,"victory":false,"max_hp_per_floor":[71,71,71,71,71,71,81,73,73,73,73,73,73,73,73,73,73,73,73,73],"card_choices":[{"not_picked":["Stack","Barrage","Turbo"],"picked":"SKIP","floor":1.0},{"not_picked":["White Noise","Compile Driver"],"picked":"Gash","floor":2.0},{"not_picked":["Ball Lightning","Blizzard"],"picked":"Hologram","floor":5.0},{"not_picked":["Consume","Beam Cell"],"picked":"Hologram","floor":7.0},{"not_picked":["Heatsinks","Lockon","Steam"],"picked":"SKIP","floor":10.0},{"not_picked":["Double Energy","Sweeping Beam","Stack"],"picked":"SKIP","floor":12.0},{"not_picked":["Redo","Ball Lightning"],"picked":"Gash","floor":14.0},{"not_picked":["Amplify","Multi-Cast"],"picked":"Fission","floor":16.0},{"not_picked":[],"picked":"Hologram","floor":18}],"player_experience":2053639,"relics_obtained":[{"floor":7.0,"key":"Pear"},{"floor":9.0,"key":"Matryoshka"},{"floor":10.0,"key":"Shuriken"}],"event_choices":[{"damage_healed":0.0,"max_hp_gain":0.0,"max_hp_loss":0.0,"gold_gain":0.0,"event_name":"Liars Game","player_choice":"Ignored","floor":4.0,"gold_loss":0.0,"damage_taken":0.0},{"damage_healed":0.0,"max_hp_gain":0.0,"max_hp_loss":8.0,"gold_gain":0.0,"event_name":"Golden Idol","player_choice":"Lose Max HP","floor":8.0,"gold_loss":0.0,"damage_taken":0.0,"relics_obtained":["Golden Idol"]},{"damage_healed":0,"gold_gain":0,"player_choice":"Upgraded","damage_taken":0,"max_hp_gain":0,"max_hp_loss":0,"event_name":"Upgrade Shrine","floor":19,"gold_loss":0,"cards_upgraded":["Hologram"]}],"is_beta":false,"boss_relics":[{"not_picked":["Sozu","Orrery"],"picked":"Busted Crown"}],"items_purged_floors":[3],"is_endless":false,"potions_floor_spawned":[2,10,16,18],"killed_by":"Chosen","ascension_level":20}