{"gold_per_floor":[118,136,153,153,153,153,183,183,183,216,61,61,74,90,90,166,166,181,191,191,91,91,91,107,107,164,164,180,198,209,232,244,329,341,372,384,271,281,281,311,321,150,173,173,173,224,254,266,266,266,266,266,266,43,68,68],"floor_reached":57,"playtime":2516,"items_purged":["Strike_B","Biased Cognition","Blizzard"],"score":2740,"play_id":"8440052e-f9df-45ec-a742-99353293fd0e","local_time":"20190217221026","is_ascension_mode":true,"campfire_choices":[{"data":"Consume","floor":6.0,"key":"SMITH"},{"floor":8.0,"key":"REST"},{"data":"Hologram","floor":12.0,"key":"SMITH"},{"data":"Loop","floor":15.0,"key":"SMITH"},{"data":"Darkness","floor":23.0,"key":"SMITH"},{"data":"Capacitor","floor":25.0,"key":"SMITH"},{"data":"Double Energy","floor":32.0,"key":"SMITH"},{"data":"Go for the Eyes","floor":44.0,"key":"SMITH"},{"floor":49.0,"key":"RECALL"},{"data":"Seek","floor":53.0,"key":"SMITH"}],"neow_cost":"NONE","seed_source_timestamp":0,"circlet_count":0,"master_deck":["AscendersBane","Zap","Dualcast+1","Consume+1","Hologram+1","Glacier","Loop+1","Reboot","Biased Cognition","Go for the Eyes+1","Reinforced Body","Lockon","Darkness+1","Undo+1","Capacitor+1","BootSequence","Glacier","Double Energy+1","Self Repair","Electrodynamics","Glacier","Seek+1","Turbo"],"special_seed":0,"relics":["Cracked Core","NeowsBlessing","Pocketwatch","Letter Opener","Question Card","Regal Pillow","Pandora\u0027s Box","Tiny Chest","MawBank","Inserter","Mercury Hourglass","DataDisk","Bag of Marbles","Pantograph","TheAbacus","Bag of Preparation"],"potions_floor_usage":[56],"damage_taken":[{"damage":0.0,"enemies":"Cultist","floor":1.0,"turns":1.0},{"damage":0.0,"enemies":"Jaw Worm","floor":2.0,"turns":1.0},{"damage":0.0,"enemies":"2 Louse","floor":3.0,"turns":1.0},{"damage":24.0,"enemies":"3 Sentries","floor":7.0,"turns":8.0},{"damage":14.0,"enemies":"Lagavulin","floor":10.0,"turns":5.0},{"damage":0.0,"enemies":"Exordium Wildlife","floor":13.0,"turns":2.0},{"damage":1.0,"enemies":"2 Fungi Beasts","floor":14.0,"turns":3.0},{"damage":4.0,"enemies":"Hexaghost","floor":16.0,"turns":11.0},{"damage":9.0,"enemies":"3 Byrds","floor":18.0,"turns":4.0},{"damage":4.0,"enemies":"Shell Parasite","floor":19.0,"turns":4.0},{"damage":0.0,"enemies":"Snecko","floor":24.0,"turns":4.0},{"damage":1.0,"enemies":"Cultist and Chosen","floor":28.0,"turns":10.0},{"damage":3.0,"enemies":"Centurion and Healer","floor":29.0,"turns":9.0},{"damage":8.0,"enemies":"Chosen and Byrds","floor":30.0,"turns":7.0},{"damage":5.0,"enemies":"Champ","floor":33.0,"turns":11.0},{"damage":1.0,"enemies":"3 Shapes","floor":35.0,"turns":3.0},{"damage":0.0,"enemies":"Orb Walker","floor":38.0,"turns":5.0},{"damage":0.0,"enemies":"Giant Head","floor":40.0,"turns":12.0},{"damage":19.0,"enemies":"4 Shapes","floor":41.0,"turns":3.0},{"damage":0.0,"enemies":"Nemesis","floor":47.0,"turns":9.0},{"damage":4.0,"enemies":"Sphere and 2 Shapes","floor":48.0,"turns":4.0},{"damage":19.0,"enemies":"Time Eater","floor":50.0,"turns":9.0},{"damage":16.0,"enemies":"Awakened One","floor":51.0,"turns":14.0},{"damage":13.0,"enemies":"Shield and Spear","floor":55.0,"turns":11.0},{"damage":68,"enemies":"The Heart","floor":56,"turns":15}],"seed_played":"-2778185274314561530","potions_obtained":[{"floor":1.0,"key":"Weak Potion"},{"floor":3.0,"key":"LiquidBronze"},{"floor":7.0,"key":"PowerPotion"},{"floor":10.0,"key":"Regen Potion"},{"floor":28.0,"key":"SpeedPotion"},{"floor":30.0,"key":"Swift Potion"}],"is_trial":false,"path_per_floor":["M","M","M","?","?","R","E","R","T","E","$","R","M","M","R","B",null,"M","M","?","$","?","R","M","R","T","?","M","M","M","T","R","B",null,"M","?","$","M","?","E","M","$","T","R","$","T","E","M","R","B","B",null,"R","$","E","B",null],"character_chosen":"DEFECT","items_purchased":["Glacier","DataDisk","TheAbacus"],"campfire_rested":1,"item_purchase_floors":[11,42,54],"current_hp_per_floor":[64,64,64,53,32,32,8,29,29,15,15,15,15,14,14,10,56,47,43,43,43,43,43,43,43,43,23,37,34,26,26,26,28,64,63,63,63,70,66,73,61,61,61,61,61,61,68,64,64,64,67,74,74,74,68,15],"gold":68,"neow_bonus":"THREE_ENEMY_KILL","is_prod":false,"is_daily":false,"chose_seed":false,"campfire_upgraded":8,"win_rate":0,"timestamp":1550412626,"path_taken":["M","M","?","?","?","R","E","R","T","E","?","R","?","M","R","BOSS","M","M","?","$","?","R","M","R","T","?","M","M","M","?","R","BOSS","M","?","$","M","?","E","?","$","T","R","?","?","E","M","R","BOSS","BOSS","R","$","E","BOSS"],"build_version":"2019-01-23","purchased_purges":3,"victory":true,"max_hp_per_floor":[71,71,71,71,71,71,71,71,71,71,71,71,71,71,71,71,71,71,71,71,71,71,71,71,71,71,76,76,76,76,76,76,76,76,76,76,76,76,76,76,76,76,76,76,76,76,76,76,76,76,76,76,76,76,76,76],"card_choices":[{"not_picked":["Chaos","Rebound","Hello World"],"picked":"SKIP","floor":1.0},{"not_picked":["Redo","Sweeping Beam"],"picked":"Consume","floor":2.0},{"not_picked":["Leap","Storm"],"picked":"Hologram","floor":3.0},{"not_picked":["Compile Driver","Amplify","Sweeping Beam"],"picked":"SKIP","floor":7.0},{"not_picked":["Streamline","Cold Snap","Gash"],"picked":"Blizzard","floor":10.0},{"not_picked":["White Noise","Barrage","Steam","Sunder"],"picked":"SKIP","floor":13.0},{"not_picked":["Go for the Eyes","Barrage","Storm"],"picked":"Loop","floor":14.0},{"not_picked":["Machine Learning","Rainbow","Creative AI"],"picked":"Reboot","floor":16.0},{"not_picked":["Barrage","Coolheaded","Rebound"],"picked":"Undo+1","floor":18.0},{"not_picked":["Fusion","Tempest","Stack"],"picked":"Capacitor","floor":19.0},{"not_picked":["Barrage","Chaos","Steam"],"picked":"BootSequence","floor":24.0},{"not_picked":["White Noise","Gash","Stack"],"picked":"Glacier","floor":28.0},{"not_picked":["Compile Driver","Fusion","BootSequence+1"],"picked":"Double Energy","floor":29.0},{"not_picked":["Chill","Barrage","Rebound"],"picked":"Self Repair","floor":30.0},{"not_picked":["All For One","Meteor Strike","Multi-Cast"],"picked":"Electrodynamics","floor":33.0},{"not_picked":["Beam Cell+1","Barrage","Compile Driver","Aggregate"],"picked":"SKIP","floor":35.0},{"not_picked":["Streamline","Rebound","Force Field","Blizzard+1"],"picked":"SKIP","floor":38.0},{"not_picked":["Self Repair","Auto Shields+1","Sunder"],"picked":"Glacier","floor":40.0},{"not_picked":["Hologram+1","Streamline+1","Go for the Eyes+1","Storm"],"picked":"SKIP","floor":41.0},{"not_picked":["Hologram+1","Gash","Steam Power+1"],"picked":"Seek","floor":47.0},{"not_picked":["Streamline","Sweeping Beam","Leap"],"picked":"Turbo","floor":48.0},{"not_picked":["Reboot","Barrage+1","Chaos","Stack+1"],"picked":"SKIP","floor":55.0}],"player_experience":800686,"relics_obtained":[{"floor":7.0,"key":"Letter Opener"},{"floor":9.0,"key":"Question Card"},{"floor":10.0,"key":"Regal Pillow"},{"floor":26.0,"key":"Tiny Chest"},{"floor":31.0,"key":"MawBank"},{"floor":40.0,"key":"Mercury Hourglass"},{"floor":46.0,"key":"Bag of Marbles"},{"floor":47.0,"key":"Pantograph"},{"floor":55.0,"key":"Bag of Preparation"}],"event_choices":[{"damage_healed":0.0,"max_hp_gain":0.0,"max_hp_loss":0.0,"gold_gain":0.0,"event_name":"Scrap Ooze","player_choice":"Success","floor":4.0,"gold_loss":0.0,"damage_taken":11.0,"relics_obtained":["Pocketwatch"]},{"damage_healed":0.0,"max_hp_gain":0.0,"max_hp_loss":0.0,"gold_gain":0.0,"event_name":"Shining Light","player_choice":"Entered Light","floor":5.0,"gold_loss":0.0,"damage_taken":21.0,"cards_upgraded":["Dualcast","Defend_B"]},{"damage_healed":0.0,"max_hp_gain":0.0,"max_hp_loss":0.0,"gold_gain":0.0,"event_name":"Vampires","player_choice":"Ignored","floor":20.0,"gold_loss":0.0,"damage_taken":0.0},{"cards_removed":["Steam Power"],"damage_healed":0.0,"max_hp_gain":0.0,"max_hp_loss":0.0,"gold_gain":0.0,"event_name":"Back to Basics","player_choice":"Elegance","floor":22.0,"gold_loss":0.0,"damage_taken":0.0},{"damage_healed":0.0,"max_hp_gain":5.0,"max_hp_loss":0.0,"gold_gain":0.0,"event_name":"Forgotten Altar","player_choice":"Shed Blood","floor":27.0,"gold_loss":0.0,"damage_taken":25.0},{"damage_healed":0.0,"max_hp_gain":0.0,"max_hp_loss":0.0,"gold_gain":0.0,"event_name":"Tomb of Lord Red Mask","player_choice":"Ignored","floor":36.0,"gold_loss":0.0,"damage_taken":0.0},{"damage_healed":0.0,"max_hp_gain":0.0,"max_hp_loss":0.0,"gold_gain":0.0,"event_name":"The Woman in Blue","player_choice":"Bought 0 Potions","floor":39.0,"gold_loss":0.0,"damage_taken":0.0}],"is_beta":false,"boss_relics":[{"not_picked":["Calling Bell","Nuclear Battery"],"picked":"Pandora\u0027s Box"},{"not_picked":["Empty Cage","Eternal Feather"],"picked":"Inserter"}],"items_purged_floors":[11,21,37],"is_endless":false,"potions_floor_spawned":[1,3,7,10,19,28,30,38,48],"ascension_level":20}