{"gold_per_floor":[117,131,96,108,33,33,63,63,63,63,78,102,22,42,42,115,115,128,128,141,156,175,225,225,241,241,241,241,241],"floor_reached":29,"playtime":9484,"items_purged":["Strike_G"],"score":450,"play_id":"0ff438e2-b394-480e-beb7-a4aa230f0a00","local_time":"20190410143250","is_ascension_mode":true,"campfire_choices":[{"data":"Predator","floor":6.0,"key":"SMITH"},{"data":"Neutralize","floor":8.0,"key":"SMITH"},{"data":"Caltrops","floor":10.0,"key":"SMITH"},{"data":"Well Laid Plans","floor":15.0,"key":"SMITH"},{"data":"Tactician","floor":24,"key":"SMITH"}],"neow_cost":"NONE","seed_source_timestamp":25357884757998,"circlet_count":0,"master_deck":["AscendersBane","Defend_G","Defend_G","Defend_G","Defend_G","Defend_G","Strike_G","Survivor","Neutralize+1","Terror","Caltrops+1","Predator+1","Malaise","Well Laid Plans+1","Noxious Fumes+1","Malaise+1","Blur+1","Tactician+1","Concentrate","Acrobatics","Backflip"],"special_seed":0,"relics":["Ring of the Snake","Pen Nib","Unceasing Top","Singing Bowl","Odd Mushroom","Astrolabe","Meat on the Bone"],"potions_floor_usage":[21,21],"damage_taken":[{"damage":5.0,"enemies":"Small Slimes","floor":1.0,"turns":5.0},{"damage":3.0,"enemies":"Jaw Worm","floor":2.0,"turns":8.0},{"damage":3.0,"enemies":"2 Louse","floor":4.0,"turns":3.0},{"damage":8.0,"enemies":"Lagavulin","floor":7.0,"turns":4.0},{"damage":12.0,"enemies":"Exordium Wildlife","floor":11.0,"turns":6.0},{"damage":22.0,"enemies":"The Mushroom Lair","floor":12.0,"turns":5.0},{"damage":5.0,"enemies":"2 Fungi Beasts","floor":14.0,"turns":3.0},{"damage":12.0,"enemies":"The Guardian","floor":16.0,"turns":11.0},{"damage":0.0,"enemies":"3 Byrds","floor":18.0,"turns":5.0},{"damage":4.0,"enemies":"Shell Parasite","floor":20.0,"turns":6.0},{"damage":19,"enemies":"3 Cultists","floor":21,"turns":6},{"damage":1,"enemies":"Snake Plant","floor":22,"turns":6},{"damage":10,"enemies":"Shelled Parasite and Fungi","floor":25,"turns":6},{"damage":0,"enemies":"Cultist and Chosen","floor":29,"turns":2}],"seed_played":"-8697593187856511429","potions_obtained":[{"floor":4.0,"key":"LiquidBronze"},{"floor":12.0,"key":"Swift Potion"},{"floor":18.0,"key":"GamblersBrew"},{"floor":25,"key":"SteroidPotion"}],"is_trial":false,"path_per_floor":["M","M","?","M","$","R","E","R","T","R","M","?","$","M","R","B",null,"M","?","M","M","M","?","R","M","T","?","?","M"],"character_chosen":"THE_SILENT","items_purchased":["Well Laid Plans"],"campfire_rested":0,"item_purchase_floors":[13],"current_hp_per_floor":[54,51,66,63,63,63,55,55,55,55,43,23,23,20,20,10,57,57,57,53,34,35,35,35,25,25,25,4,4],"gold":241,"neow_bonus":"RANDOM_COMMON_RELIC","is_prod":false,"is_daily":false,"chose_seed":false,"campfire_upgraded":5,"win_rate":0,"timestamp":1554877970,"path_taken":["M","M","?","M","$","R","E","R","T","R","M","?","?","M","R","BOSS","M","?","M","M","M","?","R","M","T","?","?","?"],"build_version":"2019-01-23","purchased_purges":1,"victory":false,"max_hp_per_floor":[66,66,66,66,66,66,66,66,66,66,66,68,68,70,70,72,72,72,72,72,72,74,74,74,74,74,74,79,79],"card_choices":[{"not_picked":["Dagger Spray","Riddle With Holes"],"picked":"Terror","floor":1.0},{"not_picked":["Dagger Spray","Deflect"],"picked":"Caltrops","floor":2.0},{"not_picked":["Slice","Flying Knee"],"picked":"Predator","floor":4.0},{"not_picked":["Backflip","PiercingWail","Underhanded Strike"],"picked":"SKIP","floor":7.0},{"not_picked":["Bouncing Flask","Flying Knee"],"picked":"Malaise","floor":11.0},{"not_picked":["Deflect","Poisoned Stab","Slice"],"picked":"Singing Bowl","floor":12.0},{"not_picked":["Deadly Poison","Underhanded Strike","Endless Agony"],"picked":"Singing Bowl","floor":14.0},{"not_picked":["Storm of Steel","Venomology","A Thousand Cuts"],"picked":"Singing Bowl","floor":16.0},{"not_picked":["Flechettes","Dagger Throw"],"picked":"Tactician","floor":18.0},{"not_picked":["Deadly Poison","Cloak And Dagger"],"picked":"Concentrate","floor":20.0},{"not_picked":["Poisoned Stab","Choke"],"picked":"Acrobatics","floor":21},{"not_picked":["Bouncing Flask","Bane","Dagger Spray"],"picked":"Singing Bowl","floor":22},{"not_picked":["Heel Hook","Masterful Stab"],"picked":"Backflip","floor":25}],"player_experience":4199043,"relics_obtained":[{"floor":7.0,"key":"Unceasing Top"},{"floor":9.0,"key":"Singing Bowl"},{"floor":12.0,"key":"Odd Mushroom"},{"floor":26,"key":"Meat on the Bone"}],"event_choices":[{"damage_healed":16.0,"max_hp_gain":0.0,"max_hp_loss":0.0,"gold_gain":0.0,"event_name":"The Cleric","player_choice":"Healed","floor":3.0,"gold_loss":35.0,"damage_taken":0.0},{"damage_healed":0.0,"max_hp_gain":0.0,"max_hp_loss":0.0,"gold_gain":0.0,"event_name":"Mushrooms","player_choice":"Fought Mushrooms","floor":12.0,"gold_loss":0.0,"damage_taken":0.0},{"damage_healed":0.0,"max_hp_gain":0.0,"max_hp_loss":0.0,"gold_gain":0.0,"event_name":"Vampires","player_choice":"Ignored","floor":19.0,"gold_loss":0.0,"damage_taken":0.0},{"damage_healed":0,"gold_gain":50,"player_choice":"Stole From Cult","damage_taken":0,"max_hp_gain":0,"max_hp_loss":0,"event_name":"Nest","floor":23,"gold_loss":0},{"damage_healed":0,"gold_gain":0,"player_choice":"Ignored","damage_taken":0,"max_hp_gain":0,"max_hp_loss":0,"event_name":"The Mausoleum","floor":27,"gold_loss":0},{"damage_healed":0,"gold_gain":0,"player_choice":"Shed Blood","damage_taken":26,"max_hp_gain":5,"max_hp_loss":0,"event_name":"Forgotten Altar","floor":28,"gold_loss":0}],"is_beta":false,"boss_relics":[{"not_picked":["Ectoplasm","Runic Dome"],"picked":"Astrolabe"}],"items_purged_floors":[5],"is_endless":false,"potions_floor_spawned":[4,12,16,18,25],"killed_by":"Cultist and Chosen","ascension_level":20}