{"gold_per_floor":[116,116,116,15,15,53,53,87,113,113,129,44,64,97,97,188,188,212,212,212,237,79,118,118,161,161,161,202,252,266,97,97,196,196,221,235,253,266,14,14,53,53,102,166,166,210,226,269,269,269,269,269,269,16,51,51],"floor_reached":57,"playtime":3604,"items_purged":["Defend_B","Defend_B"],"score":3324,"play_id":"35ef9153-7b08-43a1-805a-cd9c2f2d2acf","local_time":"20190221231840","is_ascension_mode":true,"campfire_choices":[{"data":"Beam Cell","floor":7.0,"key":"SMITH"},{"data":"Dualcast","floor":10.0,"key":"SMITH"},{"data":"Coolheaded","floor":15.0,"key":"SMITH"},{"data":"Blizzard","floor":24.0,"key":"SMITH"},{"data":"Coolheaded","floor":27.0,"key":"SMITH"},{"data":"Hologram","floor":32.0,"key":"SMITH"},{"data":"Apotheosis","floor":40.0,"key":"SMITH"},{"data":"Turbo","floor":42.0,"key":"SMITH"},{"data":"Skim","floor":45.0,"key":"SMITH"},{"floor":49.0,"key":"RECALL"},{"data":"Capacitor","floor":53.0,"key":"SMITH"}],"neow_cost":"NONE","seed_source_timestamp":0,"circlet_count":0,"master_deck":["AscendersBane","Defend_B","Defend_B","Zap","Dualcast+1","Beam Cell+1","Self Repair","Conserve Battery","Melter","Glacier","Coolheaded+1","Capacitor+1","Echo Form","Blizzard+1","Biased Cognition","Leap+1","Defragment+1","Turbo+1","Undo","Coolheaded+1","BootSequence","Reinforced Body","Skim+1","Hologram+1","Core Surge+1","Fission","Heatsinks+1","Turbo+1","Turbo+1","Stack","Coolheaded","Apotheosis+1","Go for the Eyes+1","Shame","Core Surge+1","Hologram","Loop"],"special_seed":0,"relics":["Cracked Core","NeowsBlessing","Golden Idol","Bag of Preparation","Potion Belt","Centennial Puzzle","Anchor","Matryoshka","Astrolabe","Thread and Needle","Shuriken","Kunai","Molten Egg 2","Lantern","Cursed Key","Sundial","Bag of Marbles","FossilizedHelix","Ice Cream","Smiling Mask","Oddly Smooth Stone"],"potions_floor_usage":[],"damage_taken":[{"damage":0.0,"enemies":"Jaw Worm","floor":1.0,"turns":1.0},{"damage":0.0,"enemies":"3 Sentries","floor":6.0,"turns":1.0},{"damage":0.0,"enemies":"Lagavulin","floor":8.0,"turns":1.0},{"damage":0.0,"enemies":"Small Slimes","floor":11.0,"turns":2.0},{"damage":0.0,"enemies":"2 Louse","floor":13.0,"turns":2.0},{"damage":22.0,"enemies":"Gremlin Nob","floor":14.0,"turns":4.0},{"damage":17.0,"enemies":"Hexaghost","floor":16.0,"turns":11.0},{"damage":6.0,"enemies":"Shell Parasite","floor":18.0,"turns":6.0},{"damage":24.0,"enemies":"Colosseum Slavers","floor":20.0,"turns":8.0},{"damage":8.0,"enemies":"2 Thieves","floor":21.0,"turns":4.0},{"damage":0.0,"enemies":"Book of Stabbing","floor":23.0,"turns":7.0},{"damage":19.0,"enemies":"Slavers","floor":25.0,"turns":8.0},{"damage":45.0,"enemies":"Gremlin Leader","floor":28.0,"turns":8.0},{"damage":0.0,"enemies":"Snecko","floor":30.0,"turns":8.0},{"damage":12.0,"enemies":"Collector","floor":33.0,"turns":13.0},{"damage":14.0,"enemies":"3 Darklings","floor":35.0,"turns":8.0},{"damage":0.0,"enemies":"3 Shapes","floor":36.0,"turns":6.0},{"damage":0.0,"enemies":"Sphere and 2 Shapes","floor":37.0,"turns":6.0},{"damage":0.0,"enemies":"Jaw Worm Horde","floor":38.0,"turns":6.0},{"damage":0.0,"enemies":"Giant Head","floor":41.0,"turns":9.0},{"damage":0.0,"enemies":"2 Orb Walkers","floor":44.0,"turns":7.0},{"damage":18.0,"enemies":"Reptomancer","floor":46.0,"turns":12.0},{"damage":0.0,"enemies":"Maw","floor":47.0,"turns":8.0},{"damage":0.0,"enemies":"Nemesis","floor":48.0,"turns":13.0},{"damage":0.0,"enemies":"Awakened One","floor":50.0,"turns":16.0},{"damage":0.0,"enemies":"Donu and Deca","floor":51.0,"turns":14.0},{"damage":28.0,"enemies":"Shield and Spear","floor":55.0,"turns":7.0},{"damage":30,"enemies":"The Heart","floor":56,"turns":13}],"seed_played":"431011307580201304","potions_obtained":[{"floor":6.0,"key":"GamblersBrew"},{"floor":13.0,"key":"AttackPotion"},{"floor":16.0,"key":"Energy Potion"},{"floor":18.0,"key":"Explosive Potion"},{"floor":23.0,"key":"Regen Potion"},{"floor":30.0,"key":"Swift Potion"},{"floor":35.0,"key":"Block Potion"},{"floor":38.0,"key":"Block Potion"},{"floor":41.0,"key":"Energy Potion"},{"floor":47.0,"key":"Poison Potion"},{"floor":48.0,"key":"Poison Potion"}],"is_trial":false,"path_per_floor":["M","?","?","$","?","E","R","E","T","R","M","$","M","E","R","B",null,"M","?","?","M","$","E","R","E","T","R","E","?","M","$","R","B",null,"M","M","M","M","$","R","E","R","T","?","R","E","M","E","R","B","B",null,"R","$","E","B",null],"character_chosen":"DEFECT","items_purchased":["Self Repair","Conserve Battery","Capacitor","Coolheaded","Energy Potion","Core Surge+1","Coolheaded","Apotheosis","Hologram","Loop","PowerPotion"],"campfire_rested":0,"item_purchase_floors":[4,4,12,22,22,31,39,39,54,54,54],"current_hp_per_floor":[64,57,57,57,39,46,46,46,46,46,46,46,46,31,31,21,53,54,54,44,36,36,43,43,46,46,46,15,15,22,22,22,24,54,47,54,61,64,64,64,64,64,64,64,64,64,64,64,64,64,64,64,64,64,46,26],"gold":51,"neow_bonus":"THREE_ENEMY_KILL","is_prod":false,"is_daily":false,"chose_seed":false,"campfire_upgraded":10,"win_rate":0,"timestamp":1550762320,"path_taken":["M","?","?","$","?","E","R","E","T","R","M","$","M","E","R","BOSS","M","?","?","M","$","E","R","E","T","R","E","?","M","$","R","BOSS","M","?","M","?","$","R","E","R","T","?","R","E","M","E","R","BOSS","BOSS","R","$","E","BOSS"],"build_version":"2019-01-23","purchased_purges":2,"victory":true,"max_hp_per_floor":[71,71,64,64,64,64,64,64,64,64,64,64,64,64,64,64,64,64,64,64,64,64,64,64,64,64,64,64,64,64,64,64,64,64,64,64,64,64,64,64,64,64,64,64,64,64,64,64,64,64,64,64,64,64,64,64],"card_choices":[{"not_picked":["Go for the Eyes","Hello World"],"picked":"Beam Cell","floor":1.0},{"not_picked":["Steam","Self Repair"],"picked":"Melter","floor":6.0},{"not_picked":["Hologram","Cold Snap"],"picked":"Glacier","floor":8.0},{"not_picked":["Undo","Melter"],"picked":"Coolheaded","floor":11.0},{"not_picked":["Go for the Eyes","Force Field"],"picked":"Echo Form","floor":13.0},{"not_picked":["Cold Snap","Coolheaded"],"picked":"Blizzard","floor":14.0},{"not_picked":["Hyperbeam","Buffer"],"picked":"Biased Cognition","floor":16.0},{"not_picked":["Rebound","Ball Lightning","Steam Power"],"picked":"SKIP","floor":18.0},{"not_picked":["Conserve Battery","Blizzard"],"picked":"Undo","floor":21.0},{"not_picked":["Rebound","Beam Cell"],"picked":"BootSequence","floor":23.0},{"not_picked":["Stack","Barrage"],"picked":"Reinforced Body","floor":25.0},{"not_picked":["Steam","BootSequence"],"picked":"Skim","floor":28.0},{"not_picked":["Barrage+1","Conserve Battery"],"picked":"Hologram","floor":30.0},{"not_picked":["Reboot","Electrodynamics"],"picked":"Fission","floor":33.0},{"not_picked":["Conserve Battery","Sweeping Beam+1"],"picked":"Heatsinks+1","floor":35.0},{"not_picked":["Barrage+1","Sunder+1"],"picked":"Turbo","floor":36.0},{"not_picked":["Steam+1","Undo"],"picked":"Turbo+1","floor":37.0},{"not_picked":["Turbo+1","Gash+1"],"picked":"Stack","floor":38.0},{"not_picked":["Ball Lightning+1","Scrape+1"],"picked":"Go for the Eyes+1","floor":41.0},{"not_picked":["Hello World","Redo","Heatsinks"],"picked":"SKIP","floor":46.0},{"not_picked":["Redo","Chaos+1","Ball Lightning+1"],"picked":"SKIP","floor":47.0},{"not_picked":["Capacitor+1","Steam"],"picked":"Core Surge+1","floor":48.0},{"not_picked":["Gash+1","Beam Cell+1","Redo"],"picked":"SKIP","floor":55.0}],"player_experience":893047,"relics_obtained":[{"floor":6.0,"key":"Potion Belt"},{"floor":8.0,"key":"Centennial Puzzle"},{"floor":9.0,"key":"Anchor"},{"floor":14.0,"key":"Matryoshka"},{"floor":23.0,"key":"Thread and Needle"},{"floor":25.0,"key":"Shuriken"},{"floor":26.0,"key":"Kunai"},{"floor":26.0,"key":"Molten Egg 2"},{"floor":28.0,"key":"Lantern"},{"floor":41.0,"key":"Sundial"},{"floor":43.0,"key":"Bag of Marbles"},{"floor":44.0,"key":"FossilizedHelix"},{"floor":46.0,"key":"Ice Cream"},{"floor":48.0,"key":"Smiling Mask"},{"floor":55.0,"key":"Oddly Smooth Stone"}],"event_choices":[{"cards_removed":["Strike_B"],"damage_healed":0.0,"max_hp_gain":0.0,"max_hp_loss":0.0,"gold_gain":0.0,"event_name":"Golden Wing","player_choice":"Card Removal","floor":2.0,"gold_loss":0.0,"damage_taken":7.0},{"damage_healed":0.0,"max_hp_gain":0.0,"max_hp_loss":7.0,"gold_gain":0.0,"event_name":"Golden Idol","player_choice":"Lose Max HP","floor":3.0,"gold_loss":0.0,"damage_taken":0.0,"relics_obtained":["Golden Idol"]},{"damage_healed":0.0,"max_hp_gain":0.0,"max_hp_loss":0.0,"gold_gain":0.0,"event_name":"Scrap Ooze","player_choice":"Success","floor":5.0,"gold_loss":0.0,"damage_taken":18.0,"relics_obtained":["Bag of Preparation"]},{"damage_healed":0.0,"max_hp_gain":0.0,"max_hp_loss":0.0,"gold_gain":0.0,"event_name":"The Mausoleum","player_choice":"Ignored","floor":19.0,"gold_loss":0.0,"damage_taken":0.0},{"damage_healed":0.0,"max_hp_gain":0.0,"max_hp_loss":0.0,"gold_gain":0.0,"event_name":"Colosseum","player_choice":"Fight","floor":20.0,"gold_loss":0.0,"damage_taken":0.0},{"damage_healed":0.0,"max_hp_gain":0.0,"max_hp_loss":0.0,"gold_gain":0.0,"event_name":"Colosseum","player_choice":"Fled From Nobs","floor":20.0,"gold_loss":0.0,"damage_taken":0.0},{"damage_healed":0.0,"max_hp_gain":0.0,"max_hp_loss":0.0,"gold_gain":100.0,"event_name":"The Joust","player_choice":"Bet on Murderer","floor":29.0,"gold_loss":50.0,"damage_taken":0.0},{"damage_healed":0.0,"max_hp_gain":0.0,"max_hp_loss":0.0,"gold_gain":0.0,"event_name":"Mysterious Sphere","player_choice":"Fight","floor":44.0,"gold_loss":0.0,"damage_taken":0.0}],"is_beta":false,"boss_relics":[{"not_picked":["FrozenCore","Calling Bell"],"picked":"Astrolabe"},{"not_picked":["Velvet Choker","Eternal Feather"],"picked":"Cursed Key"}],"items_purged_floors":[22,54],"is_endless":false,"potions_floor_spawned":[6,13,16,18,23,30,35,38,41,47,48],"ascension_level":20}