{"gold_per_floor":[114,114,114,34,34,34,34,57,57,92,55,55,94,108,108,201,201,221,171,86,86,36,36,77,77,77,77,121,121,71,96,96,96],"floor_reached":33,"playtime":683,"items_purged":["Slice","Dagger Throw","Flechettes"],"score":550,"play_id":"c743090c-5fc5-4c26-bd91-0287e57084e8","local_time":"20190405125616","is_ascension_mode":true,"campfire_choices":[{"data":"Well Laid Plans","floor":6.0,"key":"SMITH"},{"data":"Bouncing Flask","floor":15,"key":"SMITH"},{"data":"Glass Knife","floor":23,"key":"SMITH"},{"data":"Tactician","floor":27,"key":"SMITH"},{"data":"Neutralize","floor":29,"key":"SMITH"},{"data":"Leg Sweep","floor":32,"key":"SMITH"}],"neow_cost":"NONE","seed_source_timestamp":6447010004158,"circlet_count":0,"master_deck":["AscendersBane","Survivor+1","Neutralize+1","Backstab","Well Laid Plans+1","Bouncing Flask+1","Tactician+1","Caltrops","Corpse Explosion","Adrenaline","Endless Agony","Heel Hook","Leg Sweep+1","Glass Knife+1","After Image"],"special_seed":0,"relics":["Ring of the Snake","NeowsBlessing","Golden Idol","Gremlin Horn","Odd Mushroom","Smiling Mask","Pandora\u0027s Box","Kunai","Bronze Scales","Ornamental Fan","Pen Nib","Oddly Smooth Stone"],"potions_floor_usage":[13,25],"damage_taken":[{"damage":0.0,"enemies":"2 Louse","floor":1.0,"turns":1.0},{"damage":0.0,"enemies":"Jaw Worm","floor":8.0,"turns":1.0},{"damage":0.0,"enemies":"The Mushroom Lair","floor":10.0,"turns":1.0},{"damage":3,"enemies":"Gremlin Nob","floor":13,"turns":3},{"damage":0,"enemies":"Small Slimes","floor":14,"turns":2},{"damage":40,"enemies":"Hexaghost","floor":16,"turns":11},{"damage":0,"enemies":"3 Byrds","floor":18,"turns":4},{"damage":27,"enemies":"Slavers","floor":24,"turns":3},{"damage":0,"enemies":"2 Thieves","floor":25,"turns":1},{"damage":16,"enemies":"Book of Stabbing","floor":28,"turns":4},{"damage":0,"enemies":"Champ","floor":33,"turns":1}],"seed_played":"7237979589021286840","potions_obtained":[{"floor":10.0,"key":"SteroidPotion"},{"floor":24,"key":"SmokeBomb"}],"is_trial":false,"path_per_floor":["M","?","?","$","?","R","?","M","T","?","$","$","E","M","R","B",null,"M","$","?","?","$","R","E","M","T","R","E","R","$","T","R","B"],"character_chosen":"THE_SILENT","items_purchased":["Well Laid Plans","Tactician"],"campfire_rested":0,"item_purchase_floors":[4,11],"current_hp_per_floor":[59,39,39,39,39,39,44,44,44,44,44,44,41,41,41,1,49,49,49,49,49,49,49,22,22,22,22,6,6,6,6,6,6],"gold":96,"neow_bonus":"THREE_ENEMY_KILL","is_prod":false,"is_daily":false,"chose_seed":false,"campfire_upgraded":6,"win_rate":0,"timestamp":1554440176,"path_taken":["M","?","?","$","?","R","?","?","T","?","$","?","E","M","R","BOSS","M","$","?","?","?","R","E","M","T","R","E","R","$","?","R","BOSS"],"build_version":"2019-01-23","purchased_purges":3,"victory":false,"max_hp_per_floor":[66,66,66,66,60,60,65,65,65,65,65,65,65,65,65,65,65,65,65,65,65,65,65,65,65,65,65,65,65,65,65,65,65],"card_choices":[{"not_picked":["Quick Slash","Dodge and Roll"],"picked":"Backstab","floor":1.0},{"not_picked":["Backstab","Sucker Punch"],"picked":"Bouncing Flask","floor":8.0},{"not_picked":["Masterful Stab","Acrobatics","Accuracy"],"picked":"SKIP","floor":13},{"not_picked":["Choke","Blade Dance"],"picked":"Caltrops","floor":14},{"not_picked":["Tools of the Trade","Phantasmal Killer"],"picked":"Corpse Explosion","floor":16},{"not_picked":["Dagger Spray","Prepared","Flechettes"],"picked":"SKIP","floor":18},{"not_picked":["Backstab+1","Slice+1","Corpse Explosion"],"picked":"SKIP","floor":24},{"not_picked":["PiercingWail","Choke","Skewer"],"picked":"SKIP","floor":28}],"player_experience":4074169,"relics_obtained":[{"floor":9.0,"key":"Gremlin Horn"},{"floor":10.0,"key":"Odd Mushroom"},{"floor":13,"key":"Smiling Mask"},{"floor":24,"key":"Bronze Scales"},{"floor":26,"key":"Ornamental Fan"},{"floor":28,"key":"Pen Nib"},{"floor":31,"key":"Oddly Smooth Stone"}],"event_choices":[{"damage_healed":0.0,"max_hp_gain":0.0,"max_hp_loss":0.0,"gold_gain":0.0,"event_name":"Shining Light","player_choice":"Entered Light","floor":2.0,"gold_loss":0.0,"damage_taken":20.0,"cards_upgraded":["Strike_G","Survivor"]},{"damage_healed":0.0,"max_hp_gain":0.0,"max_hp_loss":0.0,"gold_gain":0.0,"event_name":"Scrap Ooze","player_choice":"Fled","floor":3.0,"gold_loss":0.0,"damage_taken":0.0},{"damage_healed":0.0,"max_hp_gain":0.0,"max_hp_loss":6.0,"gold_gain":0.0,"event_name":"Golden Idol","player_choice":"Lose Max HP","floor":5.0,"gold_loss":0.0,"damage_taken":0.0,"relics_obtained":["Golden Idol"]},{"damage_healed":0.0,"max_hp_gain":5.0,"max_hp_loss":0.0,"gold_gain":0.0,"event_name":"Big Fish","player_choice":"Donut","floor":7.0,"gold_loss":0.0,"damage_taken":0.0},{"damage_healed":0.0,"max_hp_gain":0.0,"max_hp_loss":0.0,"gold_gain":0.0,"event_name":"Mushrooms","player_choice":"Fought Mushrooms","floor":10.0,"gold_loss":0.0,"damage_taken":0.0},{"damage_healed":0,"gold_gain":0,"player_choice":"Obtained Relic","damage_taken":0,"relics_obtained":["Kunai"],"max_hp_gain":0,"max_hp_loss":0,"event_name":"Addict","floor":20,"gold_loss":85},{"cards_removed":["Setup"],"damage_healed":0,"gold_gain":0,"player_choice":"Elegance","damage_taken":0,"max_hp_gain":0,"max_hp_loss":0,"event_name":"Back to Basics","floor":21,"gold_loss":0}],"is_beta":false,"boss_relics":[{"not_picked":["Velvet Choker","Snecko Eye"],"picked":"Pandora\u0027s Box"}],"items_purged_floors":[19,22,30],"is_endless":false,"potions_floor_spawned":[10,24],"killed_by":"Champ","ascension_level":20}