{"gold_per_floor":[112,112,126,126,145,145,1,1,1,36,36,62,62,77,77,172,172,183,183,195,120,137,171,171,184,210,210,221,241,166,185,185,288,288,299,299,299,353,368,368,384,384,384,410,510,510,530,549,549,549],"floor_reached":51,"playtime":1425,"items_purged":["Compile Driver"],"score":982,"play_id":"f000e90c-d859-4fff-92ef-c952052714ec","local_time":"20190614150719","is_ascension_mode":false,"campfire_choices":[{"data":"Hyperbeam","floor":6.0,"key":"SMITH"},{"data":"Beam Cell","floor":8.0,"key":"SMITH"},{"data":"Reinforced Body","floor":13.0,"key":"SMITH"},{"data":"Hologram","floor":15.0,"key":"SMITH"},{"data":"Turbo","floor":24.0,"key":"SMITH"},{"data":"Skim","floor":27.0,"key":"SMITH"},{"data":"Double Energy","floor":32.0,"key":"SMITH"},{"data":"Reboot","floor":40,"key":"SMITH"},{"data":"Seek","floor":42,"key":"SMITH"},{"data":"Heatsinks","floor":46,"key":"SMITH"},{"data":"Echo Form","floor":49,"key":"SMITH"}],"neow_cost":"PERCENT_DAMAGE","seed_source_timestamp":15867763481556,"circlet_count":0,"master_deck":["Hyperbeam+1","Reinforced Body+1","Beam Cell+1","Hologram+1","Seek+1","Reboot+1","Double Energy+1","Turbo+1","Heatsinks+1","Echo Form+1","Skim+1","Undo+1"],"special_seed":0,"relics":["FrozenCore","Oddly Smooth Stone","Shuriken","Ancient Tea Set","Potion Belt","Pandora\u0027s Box","Meat on the Bone","Blood Vial","Ginger","Letter Opener","Omamori","Thread and Needle"],"potions_floor_usage":[50,50],"damage_taken":[{"damage":0.0,"enemies":"Jaw Worm","floor":1.0,"turns":4.0},{"damage":0.0,"enemies":"Small Slimes","floor":3.0,"turns":1.0},{"damage":0.0,"enemies":"2 Louse","floor":5.0,"turns":1.0},{"damage":6.0,"enemies":"Lagavulin","floor":10.0,"turns":6.0},{"damage":6.0,"enemies":"Gremlin Nob","floor":12.0,"turns":4.0},{"damage":0.0,"enemies":"Looter","floor":14.0,"turns":1.0},{"damage":4.0,"enemies":"Hexaghost","floor":16.0,"turns":9.0},{"damage":6.0,"enemies":"Shell Parasite","floor":18.0,"turns":3.0},{"damage":0.0,"enemies":"Chosen","floor":20.0,"turns":2.0},{"damage":0.0,"enemies":"3 Cultists","floor":22.0,"turns":2.0},{"damage":0.0,"enemies":"Book of Stabbing","floor":23.0,"turns":4.0},{"damage":0.0,"enemies":"Centurion and Healer","floor":25.0,"turns":2.0},{"damage":0.0,"enemies":"Snecko","floor":28.0,"turns":1.0},{"damage":15.0,"enemies":"Shelled Parasite and Fungi","floor":29.0,"turns":2.0},{"damage":0.0,"enemies":"Snake Plant","floor":31.0,"turns":2.0},{"damage":0.0,"enemies":"Collector","floor":33.0,"turns":2.0},{"damage":3,"enemies":"3 Shapes","floor":35,"turns":2},{"damage":0,"enemies":"2 Orb Walkers","floor":38,"turns":2},{"damage":0,"enemies":"3 Darklings","floor":39,"turns":1},{"damage":0,"enemies":"Spire Growth","floor":41,"turns":3},{"damage":0,"enemies":"Nemesis","floor":44,"turns":1},{"damage":0,"enemies":"Mind Bloom Boss Battle","floor":45,"turns":2},{"damage":0,"enemies":"Transient","floor":47,"turns":5},{"damage":0,"enemies":"Maw","floor":48,"turns":4},{"damage":0,"enemies":"Awakened One","floor":50,"turns":3}],"seed_played":"-1212654518273892955","potions_obtained":[{"floor":14.0,"key":"Swift Potion"},{"floor":16.0,"key":"GamblersBrew"},{"floor":20.0,"key":"PowerPotion"},{"floor":23.0,"key":"Swift Potion"},{"floor":38,"key":"Strength Potion"}],"is_trial":false,"path_per_floor":["M","?","M","?","M","R","$","R","T","E","?","E","R","M","R","B",null,"M","?","M","$","M","E","R","M","T","R","M","M","?","M","R","B",null,"M","?","?","?","M","R","M","R","T","E","?","R","M","M","R","B",null],"character_chosen":"DEFECT","items_purchased":["Oddly Smooth Stone"],"campfire_rested":0,"item_purchase_floors":[7],"current_hp_per_floor":[54,59,59,59,59,59,59,59,59,53,46,40,40,40,40,36,80,74,74,74,74,74,74,74,74,74,74,76,63,63,65,65,67,80,77,77,77,79,80,80,80,80,80,80,80,80,80,80,80,80],"gold":549,"neow_bonus":"TRANSFORM_TWO_CARDS","is_prod":false,"is_daily":false,"chose_seed":false,"campfire_upgraded":11,"win_rate":0,"timestamp":1560496039,"path_taken":["M","?","M","?","M","R","$","R","T","E","?","E","R","M","R","BOSS","M","?","M","$","M","E","R","M","T","R","M","M","?","M","R","BOSS","M","?","?","?","M","R","M","R","T","E","?","R","M","M","R","BOSS"],"build_version":"2019-01-23","purchased_purges":1,"victory":true,"max_hp_per_floor":[75,80,80,80,80,80,80,80,80,80,80,80,80,80,80,80,80,80,80,80,80,80,80,80,80,80,80,80,80,80,80,80,80,80,80,80,80,80,80,80,80,80,80,80,80,80,80,80,80,80],"card_choices":[{"not_picked":["Rebound","Compile Driver","Leap"],"picked":"SKIP","floor":1.0},{"not_picked":["Redo","Rebound","Scrape"],"picked":"SKIP","floor":3.0},{"not_picked":["Barrage","Beam Cell","Rebound"],"picked":"SKIP","floor":5.0},{"not_picked":["Barrage","Rebound"],"picked":"Beam Cell","floor":5.0},{"not_picked":["Go for the Eyes","Hologram","Darkness"],"picked":"SKIP","floor":10.0},{"not_picked":["Reprogram","Steam","Compile Driver"],"picked":"SKIP","floor":12.0},{"not_picked":["Streamline","Gash"],"picked":"Hologram","floor":14.0},{"not_picked":["Echo Form","Amplify"],"picked":"Seek","floor":16.0},{"not_picked":["Barrage","Storm","Double Energy"],"picked":"SKIP","floor":18.0},{"not_picked":["Sweeping Beam+1","Rebound+1","Scrape+1"],"picked":"SKIP","floor":20.0},{"not_picked":["Redo+1","Cold Snap","Go for the Eyes"],"picked":"SKIP","floor":22.0},{"not_picked":["Hologram","Sweeping Beam","Cold Snap"],"picked":"SKIP","floor":23.0},{"not_picked":["Go for the Eyes","Blizzard"],"picked":"Skim","floor":25.0},{"not_picked":["Steam Power","Barrage+1","Streamline"],"picked":"SKIP","floor":28.0},{"not_picked":["Streamline","White Noise","Fusion"],"picked":"SKIP","floor":29.0},{"not_picked":["Redo","Creative AI","Ball Lightning"],"picked":"SKIP","floor":31.0},{"not_picked":["Thunder Strike","Rainbow"],"picked":"Hyperbeam","floor":33.0},{"not_picked":["Gash","Sweeping Beam","Undo+1"],"picked":"SKIP","floor":35},{"not_picked":["Gash","Sweeping Beam"],"picked":"Undo+1","floor":35},{"not_picked":["Hello World","Undo","Coolheaded"],"picked":"SKIP","floor":39},{"not_picked":["Steam+1","Consume+1","Stack+1"],"picked":"SKIP","floor":41},{"not_picked":["Doom and Gloom+1","Conserve Battery","Amplify"],"picked":"SKIP","floor":44},{"not_picked":["Force Field","Cold Snap","Hologram+1"],"picked":"SKIP","floor":47},{"not_picked":["Streamline","Storm","Melter"],"picked":"SKIP","floor":48}],"player_experience":5194403,"relics_obtained":[{"floor":9.0,"key":"Shuriken"},{"floor":10.0,"key":"Ancient Tea Set"},{"floor":12.0,"key":"Potion Belt"},{"floor":23.0,"key":"Meat on the Bone"},{"floor":26.0,"key":"Blood Vial"},{"floor":38,"key":"Ginger"},{"floor":43,"key":"Letter Opener"},{"floor":44,"key":"Omamori"},{"floor":45,"key":"Thread and Needle"}],"event_choices":[{"damage_healed":0.0,"max_hp_gain":5.0,"max_hp_loss":0.0,"gold_gain":0.0,"event_name":"Big Fish","player_choice":"Donut","floor":2.0,"gold_loss":0.0,"damage_taken":0.0},{"damage_healed":0.0,"max_hp_gain":0.0,"max_hp_loss":0.0,"gold_gain":0.0,"event_name":"Liars Game","player_choice":"Ignored","floor":4.0,"gold_loss":0.0,"damage_taken":0.0},{"cards_removed":["Zap"],"damage_healed":0.0,"max_hp_gain":0.0,"max_hp_loss":0.0,"gold_gain":0.0,"event_name":"Golden Wing","player_choice":"Card Removal","floor":11.0,"gold_loss":0.0,"damage_taken":7.0},{"damage_healed":0.0,"max_hp_gain":0.0,"max_hp_loss":0.0,"gold_gain":0.0,"cards_transformed":["Dualcast","Turbo"],"event_name":"Drug Dealer","player_choice":"Became Test Subject","floor":19.0,"gold_loss":0.0,"damage_taken":0.0,"cards_obtained":["Echo Form","Creative AI"]},{"cards_removed":["Creative AI"],"damage_healed":0.0,"max_hp_gain":0.0,"max_hp_loss":0.0,"gold_gain":0.0,"event_name":"Beggar","player_choice":"Gave Gold","floor":30.0,"gold_loss":75.0,"damage_taken":0.0},{"cards_removed":["Hyperbeam"],"damage_healed":0,"gold_gain":0,"player_choice":"Removed Attack","damage_taken":0,"max_hp_gain":0,"max_hp_loss":0,"event_name":"Falling","floor":36,"gold_loss":0},{"damage_healed":0,"gold_gain":0,"player_choice":"Ignored","damage_taken":0,"max_hp_gain":0,"max_hp_loss":0,"event_name":"Tomb of Lord Red Mask","floor":37,"gold_loss":0},{"damage_healed":0,"gold_gain":0,"player_choice":"Fight","damage_taken":0,"max_hp_gain":0,"max_hp_loss":0,"event_name":"Mysterious Sphere","floor":38,"gold_loss":0},{"damage_healed":0,"gold_gain":0,"player_choice":"Fight","damage_taken":0,"max_hp_gain":0,"max_hp_loss":0,"event_name":"MindBloom","floor":45,"gold_loss":0}],"is_beta":false,"boss_relics":[{"not_picked":["Runic Dome","Snecko Eye"],"picked":"Pandora\u0027s Box"},{"not_picked":["Orrery","Calling Bell"],"picked":"FrozenCore"}],"items_purged_floors":[21],"is_endless":false,"potions_floor_spawned":[14,16,20,23,38,39,47],"ascension_level":0}