{"gold_per_floor":[112,112,112,127,144,144,176,23,68,86,86,86,115,132,132,206,206,224,252,252,265,279,279,289,314,339,339,349,349,349,362,362,435,435,446,496,508,47,269,269,287,287,337,389,418,418,448,204,204,204,204,204,204,50,84,84],"floor_reached":57,"playtime":2206,"items_purged":["Defend_R","Defend_R"],"score":2701,"play_id":"ceb38e35-1d00-4505-a275-59eb698f0cff","local_time":"20190121135754","is_ascension_mode":true,"campfire_choices":[{"data":"Limit Break","floor":6.0,"key":"SMITH"},{"data":"Flex","floor":12.0,"key":"SMITH"},{"data":"Sword Boomerang","floor":15.0,"key":"SMITH"},{"data":"Offering","floor":23.0,"key":"SMITH"},{"data":"True Grit","floor":27.0,"key":"SMITH"},{"data":"Limit Break","floor":30.0,"key":"SMITH"},{"data":"Power Through","floor":32.0,"key":"SMITH"},{"data":"Exhume","floor":40.0,"key":"SMITH"},{"data":"Bash","floor":42.0,"key":"SMITH"},{"floor":46.0,"key":"RECALL"},{"data":"Defend_R","floor":49.0,"key":"PURGE"},{"data":"Defend_R","floor":53.0,"key":"PURGE"}],"neow_cost":"NONE","seed_source_timestamp":8864005884414,"circlet_count":0,"master_deck":["AscendersBane","Bash+1","True Grit+1","Limit Break+1","Power Through+1","Sword Boomerang+1","Flex+1","Offering+1","Shrug It Off","Reaper","Inflame+1","Demon Form+1","Evolve+1","Limit Break+1","Berserk+1","Flex+1","Entrench+1","Perfected Strike+1","Reaper","Exhume+1","Reaper","Limit Break"],"special_seed":0,"relics":["Burning Blood","NeowsBlessing","Matryoshka","Meat on the Bone","Frozen Egg 2","Orichalcum","Lantern","Mark of Pain","Red Mask","Enchiridion","Self Forming Clay","Omamori","Astrolabe","ClockworkSouvenir","Blood Vial","Peace Pipe","Ginger","Regal Pillow","Bag of Preparation","Oddly Smooth Stone"],"potions_floor_usage":[56],"damage_taken":[{"damage":0.0,"enemies":"Cultist","floor":1.0,"turns":1.0},{"damage":0.0,"enemies":"2 Louse","floor":4.0,"turns":1.0},{"damage":0.0,"enemies":"Jaw Worm","floor":5.0,"turns":1.0},{"damage":62.0,"enemies":"Gremlin Nob","floor":7.0,"turns":5.0},{"damage":6.0,"enemies":"2 Fungi Beasts","floor":10.0,"turns":3.0},{"damage":13.0,"enemies":"Lagavulin","floor":13.0,"turns":4.0},{"damage":0.0,"enemies":"Looter","floor":14.0,"turns":3.0},{"damage":39.0,"enemies":"The Guardian","floor":16.0,"turns":7.0},{"damage":6.0,"enemies":"Chosen","floor":18.0,"turns":2.0},{"damage":4.0,"enemies":"Masked Bandits","floor":19.0,"turns":3.0},{"damage":14.0,"enemies":"Spheric Guardian","floor":21.0,"turns":4.0},{"damage":13.0,"enemies":"Snake Plant","floor":22.0,"turns":2.0},{"damage":18.0,"enemies":"Centurion and Healer","floor":24.0,"turns":6.0},{"damage":61.0,"enemies":"Book of Stabbing","floor":25.0,"turns":5.0},{"damage":16.0,"enemies":"Snecko","floor":28.0,"turns":3.0},{"damage":21.0,"enemies":"Chosen and Byrds","floor":31.0,"turns":5.0},{"damage":23.0,"enemies":"Champ","floor":33.0,"turns":5.0},{"damage":71.0,"enemies":"3 Darklings","floor":35.0,"turns":5.0},{"damage":29.0,"enemies":"Orb Walker","floor":37.0,"turns":4.0},{"damage":25.0,"enemies":"Writhing Mass","floor":41.0,"turns":5.0},{"damage":33.0,"enemies":"2 Orb Walkers","floor":44.0,"turns":3.0},{"damage":73.0,"enemies":"Reptomancer","floor":45.0,"turns":4.0},{"damage":83.0,"enemies":"Nemesis","floor":47.0,"turns":5.0},{"damage":66.0,"enemies":"Time Eater","floor":50.0,"turns":6.0},{"damage":39.0,"enemies":"Donu and Deca","floor":51.0,"turns":4.0},{"damage":90.0,"enemies":"Shield and Spear","floor":55.0,"turns":5.0},{"damage":135,"enemies":"The Heart","floor":56,"turns":7}],"seed_played":"-4874416086614555372","potions_obtained":[{"floor":5.0,"key":"Strength Potion"},{"floor":10.0,"key":"Swift Potion"},{"floor":13.0,"key":"Energy Potion"},{"floor":16.0,"key":"Dexterity Potion"},{"floor":18.0,"key":"Fire Potion"},{"floor":22.0,"key":"FairyPotion"},{"floor":28.0,"key":"Weak Potion"}],"is_trial":false,"path_per_floor":["M","T","?","M","M","R","E","$","T","M","?","R","E","M","R","B",null,"M","?","?","M","M","R","M","E","T","R","M","?","R","M","R","B",null,"M","?","M","$","?","R","M","R","T","?","E","R","E","$","R","B","B",null,"R","$","E","B",null],"character_chosen":"IRONCLAD","items_purchased":["Offering","Reaper","ClockworkSouvenir","Exhume","Bag of Preparation","Strength Potion"],"campfire_rested":0,"item_purchase_floors":[8,38,38,38,48,54],"current_hp_per_floor":[74,74,74,75,75,75,19,19,19,31,31,31,52,60,60,50,69,75,75,54,46,60,60,75,50,50,50,65,65,65,50,50,75,75,64,57,45,45,45,45,63,63,63,60,75,75,75,75,75,75,75,75,75,75,75,75],"gold":84,"neow_bonus":"THREE_ENEMY_KILL","is_prod":false,"is_daily":false,"chose_seed":false,"campfire_upgraded":9,"win_rate":0,"timestamp":1548050274,"path_taken":["M","?","?","M","M","R","E","$","T","?","?","R","E","M","R","BOSS","M","?","?","M","M","R","M","E","T","R","M","?","R","M","R","BOSS","M","?","?","$","?","R","M","R","T","?","E","R","E","?","R","BOSS","BOSS","R","$","E","BOSS"],"build_version":"2019-01-17v2","purchased_purges":2,"victory":true,"max_hp_per_floor":[75,75,75,75,75,75,75,75,75,75,75,75,75,75,75,75,75,75,75,75,75,75,75,75,75,75,75,75,75,75,75,75,75,75,75,75,75,75,75,75,75,75,75,75,75,75,75,75,75,75,75,75,75,75,75,75],"card_choices":[{"not_picked":["Havoc","Rupture"],"picked":"True Grit","floor":1.0},{"not_picked":["Uppercut","Headbutt"],"picked":"Power Through","floor":4.0},{"not_picked":["Clothesline","Flame Barrier"],"picked":"Sword Boomerang","floor":5.0},{"not_picked":["Cleave","Iron Wave"],"picked":"Flex","floor":7.0},{"not_picked":["Rampage","Flame Barrier"],"picked":"Shrug It Off","floor":10.0},{"not_picked":["Combust+1","Rampage","Body Slam"],"picked":"SKIP","floor":13.0},{"not_picked":["Rage","Headbutt"],"picked":"Inflame+1","floor":14.0},{"not_picked":["Brutality+1","Juggernaut+1"],"picked":"Demon Form+1","floor":16.0},{"not_picked":["Wild Strike","Warcry","Intimidate"],"picked":"SKIP","floor":18.0},{"not_picked":["Pummel+1","Disarm"],"picked":"Evolve+1","floor":21.0},{"not_picked":["Thunderclap","Clothesline"],"picked":"Limit Break","floor":22.0},{"not_picked":["Twin Strike","Clothesline","Iron Wave+1"],"picked":"SKIP","floor":24.0},{"not_picked":["Clash","Iron Wave","Flame Barrier"],"picked":"SKIP","floor":25.0},{"not_picked":["Warcry","Iron Wave","Body Slam+1"],"picked":"SKIP","floor":28.0},{"not_picked":["Entrench","Warcry","Thunderclap"],"picked":"SKIP","floor":31.0},{"not_picked":["Bludgeon","Juggernaut+1"],"picked":"Berserk+1","floor":33.0},{"not_picked":["Cleave","Clothesline","Thunderclap+1"],"picked":"SKIP","floor":35.0},{"not_picked":["Iron Wave+1","Clash","Thunderclap"],"picked":"SKIP","floor":37.0},{"not_picked":["Sever Soul+1","Flex"],"picked":"Reaper","floor":41.0},{"not_picked":["Thunderclap","Headbutt","Hemokinesis"],"picked":"SKIP","floor":45.0},{"not_picked":["Cleave","Ghostly Armor","Clothesline+1"],"picked":"SKIP","floor":47.0},{"not_picked":["Reckless Charge","Twin Strike+1"],"picked":"Limit Break","floor":55.0}],"player_experience":2102190,"relics_obtained":[{"floor":2.0,"key":"Matryoshka"},{"floor":7.0,"key":"Meat on the Bone"},{"floor":9.0,"key":"Frozen Egg 2"},{"floor":9.0,"key":"Orichalcum"},{"floor":13.0,"key":"Lantern"},{"floor":19.0,"key":"Red Mask"},{"floor":20.0,"key":"Enchiridion"},{"floor":25.0,"key":"Self Forming Clay"},{"floor":26.0,"key":"Omamori"},{"floor":43.0,"key":"Blood Vial"},{"floor":44.0,"key":"Peace Pipe"},{"floor":45.0,"key":"Ginger"},{"floor":47.0,"key":"Regal Pillow"},{"floor":55.0,"key":"Oddly Smooth Stone"}],"event_choices":[{"damage_healed":0.0,"max_hp_gain":0.0,"max_hp_loss":0.0,"gold_gain":0.0,"cards_transformed":["Strike_R"],"event_name":"Transmorgrifier","player_choice":"Transformed","floor":3.0,"gold_loss":0.0,"damage_taken":0.0,"cards_obtained":["Limit Break"]},{"damage_healed":0.0,"max_hp_gain":0.0,"max_hp_loss":0.0,"gold_gain":0.0,"cards_transformed":["Strike_R"],"event_name":"Living Wall","player_choice":"Change","floor":11.0,"gold_loss":0.0,"damage_taken":0.0,"cards_obtained":["Reaper"]},{"damage_healed":0.0,"max_hp_gain":0.0,"max_hp_loss":0.0,"gold_gain":0.0,"event_name":"Masked Bandits","player_choice":"Fought Bandits","floor":19.0,"gold_loss":0.0,"damage_taken":0.0},{"damage_healed":0.0,"max_hp_gain":0.0,"max_hp_loss":0.0,"gold_gain":0.0,"event_name":"Cursed Tome","player_choice":"Obtained Book","floor":20.0,"gold_loss":0.0,"damage_taken":21.0},{"damage_healed":0.0,"max_hp_gain":0.0,"max_hp_loss":0.0,"gold_gain":0.0,"event_name":"Vampires","player_choice":"Ignored","floor":29.0,"gold_loss":0.0,"damage_taken":0.0},{"damage_healed":0.0,"max_hp_gain":0.0,"max_hp_loss":0.0,"gold_gain":50.0,"event_name":"FaceTrader","player_choice":"Touch","floor":36.0,"gold_loss":0.0,"damage_taken":7.0},{"damage_healed":0.0,"max_hp_gain":0.0,"max_hp_loss":0.0,"gold_gain":222.0,"event_name":"Tomb of Lord Red Mask","player_choice":"Wore Mask","floor":39.0,"gold_loss":0.0,"damage_taken":0.0},{"damage_healed":0.0,"max_hp_gain":0.0,"max_hp_loss":0.0,"gold_gain":0.0,"event_name":"Mysterious Sphere","player_choice":"Fight","floor":44.0,"gold_loss":0.0,"damage_taken":0.0}],"is_beta":false,"boss_relics":[{"not_picked":["Black Blood","Black Star"],"picked":"Mark of Pain"},{"not_picked":["White Beast Statue","Runic Dome"],"picked":"Astrolabe"}],"items_purged_floors":[48,54],"is_endless":false,"potions_floor_spawned":[5,10,13,16,18,22,28,31,37,44,47,55],"ascension_level":20}