{"gold_per_floor":[112,112,92,115,135,135,179,179,179,179,48,92,92,92,92,182,182,206,231,231],"floor_reached":20,"playtime":1053,"items_purged":["Strike_G"],"score":360,"play_id":"158dd24a-b733-4bb7-abcc-9e5370d5a4ee","local_time":"20190721185342","is_ascension_mode":true,"campfire_choices":[{"floor":6,"key":"REST"},{"floor":8,"key":"REST"},{"floor":10,"key":"REST"},{"floor":15,"key":"REST"}],"neow_cost":"NONE","seed_source_timestamp":27127912343323,"circlet_count":0,"master_deck":["AscendersBane","Strike_G","Strike_G","Strike_G","Strike_G","Defend_G","Defend_G","Defend_G","Defend_G","Defend_G","Survivor","Neutralize","Predator","Slice","Expertise","Backstab","Dagger Spray","Backstab","Night Terror","Well Laid Plans","Footwork"],"relics":["Sozu","Golden Idol","Meat on the Bone","Centennial Puzzle","Letter Opener","Black Star"],"potions_floor_usage":[],"damage_taken":[{"damage":7,"enemies":"Small Slimes","floor":1,"turns":4},{"damage":0,"enemies":"2 Louse","floor":4,"turns":2},{"damage":0,"enemies":"Cultist","floor":5,"turns":4},{"damage":47,"enemies":"Lagavulin","floor":7,"turns":8},{"damage":19,"enemies":"Gremlin Nob","floor":12,"turns":4},{"damage":28,"enemies":"The Guardian","floor":16,"turns":15},{"damage":29,"enemies":"Shell Parasite","floor":18,"turns":5},{"damage":11,"enemies":"3 Byrds","floor":19,"turns":4},{"damage":58,"enemies":"3 Cultists","floor":20,"turns":5}],"seed_played":"1365761401521591467","potions_obtained":[],"is_trial":false,"path_per_floor":["M","?","?","M","M","R","E","R","T","R","$","E","?","?","R","B",null,"M","M","M"],"character_chosen":"THE_SILENT","items_purchased":["Dagger Spray"],"campfire_rested":4,"item_purchase_floors":[11],"current_hp_per_floor":[52,29,29,29,29,48,1,20,20,39,39,32,32,32,51,35,58,41,42,0],"gold":231,"neow_bonus":"BOSS_RELIC","is_prod":false,"is_daily":false,"chose_seed":false,"campfire_upgraded":0,"win_rate":0,"timestamp":1563728022,"path_taken":["M","?","?","?","M","R","E","R","T","R","?","E","?","?","R","BOSS","M","M","?"],"build_version":"2019-07-17","purchased_purges":1,"victory":false,"max_hp_per_floor":[66,66,66,66,66,66,66,66,66,66,66,66,66,66,66,66,66,66,66,66],"card_choices":[{"not_picked":["Dagger Spray","Skewer"],"picked":"Predator","floor":1},{"not_picked":["Distraction","Dodge and Roll"],"picked":"Slice","floor":4},{"not_picked":["Crippling Poison","Quick Slash"],"picked":"Expertise","floor":5},{"not_picked":["Slice","Well Laid Plans"],"picked":"Backstab","floor":7},{"not_picked":["Calculated Gamble","Blur"],"picked":"Backstab","floor":12},{"not_picked":["Grand Finale","Envenom"],"picked":"Night Terror","floor":16},{"not_picked":["Escape Plan","Blur"],"picked":"Well Laid Plans","floor":18},{"not_picked":["Backflip","Slice"],"picked":"Footwork","floor":19}],"player_experience":754025,"relics_obtained":[{"floor":7,"key":"Meat on the Bone"},{"floor":9,"key":"Centennial Puzzle"},{"floor":12,"key":"Letter Opener"}],"event_choices":[{"damage_healed":0,"gold_gain":0,"player_choice":"Take Damage","damage_taken":23,"relics_obtained":["Golden Idol"],"max_hp_gain":0,"max_hp_loss":0,"event_name":"Golden Idol","floor":2,"gold_loss":0},{"damage_healed":0,"gold_gain":0,"player_choice":"Bought 1 Potion","damage_taken":0,"max_hp_gain":0,"max_hp_loss":0,"event_name":"The Woman in Blue","floor":3,"gold_loss":0},{"damage_healed":0,"gold_gain":0,"player_choice":"Ignored","damage_taken":0,"max_hp_gain":0,"max_hp_loss":0,"event_name":"Liars Game","floor":13,"gold_loss":0},{"damage_healed":0,"gold_gain":0,"player_choice":"Got Potions","damage_taken":0,"max_hp_gain":0,"max_hp_loss":0,"event_name":"Lab","floor":14,"gold_loss":0}],"is_beta":false,"boss_relics":[{"not_picked":["Cursed Key","Tiny House"],"picked":"Black Star"}],"items_purged_floors":[11],"is_endless":false,"potions_floor_spawned":[4,12,18],"killed_by":"3 Cultists","ascension_level":20}