{"gold_per_floor":[116,131,146,158,172,204,204,221,244,274,274,274,309,29,29,106,106,118,138,153,171,71,71,106,106,106,106,141,141,152,43,43,115,115,130,150,162,178,18,18,68,68,68,68,80,91,108,158,158,158],"floor_reached":51,"playtime":2244,"items_purged":["Strike_G","Strike_G"],"score":1344,"play_id":"5eb419e0-914e-4032-ba13-99dca5ec84bc","local_time":"20181114225511","is_ascension_mode":true,"campfire_choices":[{"data":"Bouncing Flask","floor":7.0,"key":"SMITH"},{"floor":12.0,"key":"REST"},{"data":"Footwork","floor":15.0,"key":"SMITH"},{"data":"Neutralize","floor":23.0,"key":"SMITH"},{"data":"Crippling Poison","floor":27.0,"key":"SMITH"},{"data":"Dash","floor":29.0,"key":"SMITH"},{"data":"Predator","floor":32.0,"key":"SMITH"},{"data":"Leg Sweep","floor":40.0,"key":"SMITH"},{"data":"Eviscerate","floor":42.0,"key":"SMITH"},{"data":"Crippling Poison","floor":44.0,"key":"SMITH"},{"data":"Dash","floor":49,"key":"SMITH"}],"neow_cost":"NONE","seed_source_timestamp":0,"circlet_count":0,"master_deck":["AscendersBane","Defend_G+1","Defend_G","Defend_G","Defend_G","Defend_G","Survivor","Neutralize+1","Bouncing Flask+1","Predator+1","Dash+1","Tactician+1","Crippling Poison+1","Footwork+1","Bullet Time","Night Terror","Quick Slash","Footwork+1","Backflip+1","Footwork+1","Flechettes+1","Sucker Punch+1","Adrenaline+1","Leg Sweep+1","Dash+1","Eviscerate+1","Crippling Poison+1","Leg Sweep+1","Bullet Time"],"special_seed":0,"relics":["Snecko Eye","Pantograph","Regal Pillow","War Paint","Coffee Dripper","Ancient Tea Set","Pear","Red Mask","Astrolabe","Gambling Chip"],"potions_floor_usage":[50,50],"damage_taken":[{"damage":4.0,"enemies":"Cultist","floor":1.0,"turns":5.0},{"damage":0.0,"enemies":"2 Louse","floor":2.0,"turns":2.0},{"damage":4.0,"enemies":"Jaw Worm","floor":3.0,"turns":2.0},{"damage":9.0,"enemies":"Exordium Thugs","floor":4.0,"turns":5.0},{"damage":1.0,"enemies":"3 Louse","floor":5.0,"turns":3.0},{"damage":24.0,"enemies":"3 Sentries","floor":6.0,"turns":14.0},{"damage":5.0,"enemies":"Large Slime","floor":8.0,"turns":5.0},{"damage":10.0,"enemies":"Lagavulin","floor":13.0,"turns":5.0},{"damage":8.0,"enemies":"Slime Boss","floor":16.0,"turns":10.0},{"damage":10.0,"enemies":"Shell Parasite","floor":18.0,"turns":6.0},{"damage":0.0,"enemies":"3 Byrds","floor":19.0,"turns":4.0},{"damage":13.0,"enemies":"Snecko","floor":20.0,"turns":5.0},{"damage":0.0,"enemies":"Centurion and Healer","floor":21.0,"turns":6.0},{"damage":23.0,"enemies":"Book of Stabbing","floor":24.0,"turns":6.0},{"damage":15.0,"enemies":"Masked Bandits","floor":28.0,"turns":3.0},{"damage":7.0,"enemies":"Cultist and Chosen","floor":30.0,"turns":7.0},{"damage":10.0,"enemies":"Collector","floor":33.0,"turns":9.0},{"damage":0.0,"enemies":"Orb Walker","floor":35.0,"turns":2.0},{"damage":0.0,"enemies":"3 Shapes","floor":36.0,"turns":3.0},{"damage":8.0,"enemies":"Transient","floor":37.0,"turns":6.0},{"damage":16.0,"enemies":"Sphere and 2 Shapes","floor":38.0,"turns":6.0},{"damage":0.0,"enemies":"Spire Growth","floor":45.0,"turns":4.0},{"damage":7.0,"enemies":"Writhing Mass","floor":46.0,"turns":5.0},{"damage":0,"enemies":"4 Shapes","floor":47,"turns":4},{"damage":0,"enemies":"Awakened One","floor":50,"turns":16}],"seed_played":"6998052907360833225","potions_obtained":[{"floor":2.0,"key":"SpeedPotion"},{"floor":5.0,"key":"SpeedPotion"},{"floor":6.0,"key":"SpeedPotion"},{"floor":19.0,"key":"PowerPotion"},{"floor":21.0,"key":"Dexterity Potion"},{"floor":30.0,"key":"SteroidPotion"},{"floor":33.0,"key":"Dexterity Potion"},{"floor":36.0,"key":"FearPotion"},{"floor":37.0,"key":"PowerPotion"},{"floor":47,"key":"PowerPotion"}],"is_trial":false,"path_per_floor":["M","M","M","M","M","E","R","M","T","?","?","R","E","$","R","B",null,"M","M","M","M","$","R","E","?","T","R","?","R","M","$","R","B",null,"M","M","M","M","$","R","?","R","T","R","M","M","M","?","R","B",null],"character_chosen":"THE_SILENT","items_purchased":["Footwork","Bullet Time","PowerPotion","PowerPotion","Eviscerate","Crippling Poison"],"campfire_rested":1,"item_purchase_floors":[14,14,31,31,39,39],"current_hp_per_floor":[55,55,51,42,41,17,17,12,12,12,12,46,36,36,36,53,63,53,53,40,40,40,40,17,17,27,27,12,12,5,5,5,20,62,62,62,54,38,38,38,38,38,38,38,38,31,31,31,31,56],"gold":158,"neow_bonus":"BOSS_RELIC","is_prod":false,"is_daily":false,"chose_seed":false,"campfire_upgraded":10,"win_rate":0,"timestamp":1542207311,"path_taken":["M","?","M","M","M","E","R","M","T","?","?","R","E","?","R","BOSS","M","M","M","M","$","R","E","?","T","R","?","R","M","$","R","BOSS","M","M","M","M","$","R","?","R","T","R","M","?","M","?","R","BOSS"],"build_version":"2018-11-13","purchased_purges":2,"victory":true,"max_hp_per_floor":[66,66,66,66,66,66,66,66,66,66,66,66,66,66,66,66,66,66,66,66,66,66,66,66,66,76,76,76,76,76,76,76,76,76,76,76,76,76,76,76,76,76,76,76,76,76,76,76,76,76],"card_choices":[{"not_picked":["Acrobatics","Sucker Punch"],"picked":"Bouncing Flask","floor":1.0},{"not_picked":["Backflip","Flying Knee"],"picked":"Predator","floor":2.0},{"not_picked":["Dagger Spray","Prepared","Blade Dance"],"picked":"SKIP","floor":3.0},{"not_picked":["Dagger Spray","Deflect"],"picked":"Dash","floor":4.0},{"not_picked":["Blade Dance","Reflex","Quick Slash"],"picked":"SKIP","floor":5.0},{"not_picked":["Prepared","Bane"],"picked":"Tactician","floor":6.0},{"not_picked":["Endless Agony","Caltrops","Dagger Throw"],"picked":"SKIP","floor":8.0},{"not_picked":["Backstab","Poisoned Stab"],"picked":"Crippling Poison","floor":13.0},{"not_picked":["Grand Finale","Envenom"],"picked":"Night Terror","floor":16.0},{"not_picked":["Deadly Poison","Bane"],"picked":"Quick Slash","floor":18.0},{"not_picked":["Masterful Stab","Deadly Poison","Bane"],"picked":"SKIP","floor":19.0},{"not_picked":["PiercingWail","Acrobatics"],"picked":"Footwork+1","floor":20.0},{"not_picked":["Dodge and Roll","All Out Attack","Slice"],"picked":"SKIP","floor":21.0},{"not_picked":["Noxious Fumes+1","Backflip","Flying Knee"],"picked":"SKIP","floor":24.0},{"not_picked":["Noxious Fumes+1","Backflip","Flying Knee"],"picked":"SKIP","floor":24.0},{"not_picked":["Sucker Punch","Prepared"],"picked":"Backflip+1","floor":28.0},{"not_picked":["Skewer","PiercingWail"],"picked":"Footwork+1","floor":30.0},{"not_picked":["Outmaneuver+1","Infinite Blades","Backflip+1"],"picked":"SKIP","floor":35.0},{"not_picked":["Backflip","Poisoned Stab"],"picked":"Leg Sweep","floor":36.0},{"not_picked":["Riddle With Holes+1","Cloak And Dagger","Flying Knee"],"picked":"SKIP","floor":37.0},{"not_picked":["Poisoned Stab","Sucker Punch+1"],"picked":"Dash","floor":38.0},{"not_picked":["Underhanded Strike","PiercingWail"],"picked":"Leg Sweep+1","floor":45.0},{"not_picked":["Calculated Gamble","Slice","Acrobatics"],"picked":"SKIP","floor":46.0},{"not_picked":["Bullet Time","Slice","Tactician"],"picked":"SKIP","floor":47},{"not_picked":["Slice","Tactician"],"picked":"Bullet Time","floor":47}],"player_experience":1059008,"relics_obtained":[{"floor":6.0,"key":"Pantograph"},{"floor":9.0,"key":"Regal Pillow"},{"floor":13.0,"key":"War Paint"},{"floor":24.0,"key":"Ancient Tea Set"},{"floor":26.0,"key":"Pear"},{"floor":28.0,"key":"Red Mask"},{"floor":43.0,"key":"Gambling Chip"}],"event_choices":[{"damage_healed":0.0,"max_hp_gain":0.0,"max_hp_loss":0.0,"gold_gain":30.0,"event_name":"Dead Adventurer","player_choice":"Searched \u00272\u0027 times","floor":10.0,"gold_loss":0.0,"damage_taken":0.0},{"damage_healed":0.0,"max_hp_gain":0.0,"max_hp_loss":0.0,"gold_gain":0.0,"event_name":"Shining Light","player_choice":"Ignored","floor":11.0,"gold_loss":0.0,"damage_taken":0.0},{"damage_healed":0.0,"max_hp_gain":0.0,"max_hp_loss":0.0,"gold_gain":0.0,"event_name":"The Mausoleum","player_choice":"Ignored","floor":25.0,"gold_loss":0.0,"damage_taken":0.0},{"damage_healed":0.0,"max_hp_gain":0.0,"max_hp_loss":0.0,"gold_gain":0.0,"event_name":"Masked Bandits","player_choice":"Fought Bandits","floor":28.0,"gold_loss":0.0,"damage_taken":0.0},{"damage_healed":0.0,"max_hp_gain":0.0,"max_hp_loss":0.0,"gold_gain":50.0,"event_name":"Golden Shrine","player_choice":"Pray","floor":41.0,"gold_loss":0.0,"damage_taken":0.0},{"damage_healed":0,"gold_gain":50,"player_choice":"Pray","damage_taken":0,"max_hp_gain":0,"max_hp_loss":0,"event_name":"Golden Shrine","floor":48,"gold_loss":0}],"is_beta":true,"boss_relics":[{"not_picked":["Cursed Key","HoveringKite"],"picked":"Coffee Dripper"},{"not_picked":["Fusion Hammer","Pandora\u0027s Box"],"picked":"Astrolabe"}],"items_purged_floors":[14,22],"is_endless":false,"potions_floor_spawned":[2,5,6,8,19,21,30,33,36,37,47],"ascension_level":18}