{"gold_per_floor":[117,117,136,136,136,136,179,179,179,77,100,51,66,107,107,231,231,247,266,84,109,139,139,175,175,227,227,227,101,101,142,142,262,262,276,299,299,317,338,378,378,419,495,495,34,34,70,91,91,91],"floor_reached":51,"playtime":1559,"items_purged":["Defend_R","Defend_R","Strike_R","Strike_R"],"score":1567,"play_id":"acda14b7-36d1-47cf-a344-971a1142ff2a","local_time":"20180922021018","is_ascension_mode":true,"campfire_choices":[{"data":"Power Through","floor":6.0,"key":"SMITH"},{"data":"Bash","floor":8.0,"key":"SMITH"},{"data":"Body Slam","floor":15.0,"key":"SMITH"},{"data":"Barricade","floor":23,"key":"SMITH"},{"data":"Body Slam","floor":25,"key":"SMITH"},{"data":"Inflame","floor":28,"key":"SMITH"},{"data":"Inflame","floor":30,"key":"SMITH"},{"data":"Defend_R","floor":32,"key":"SMITH"},{"data":"Juggernaut","floor":41,"key":"SMITH"},{"data":"Defend_R","floor":44,"key":"SMITH"},{"data":"Strike_R","floor":46,"key":"SMITH"},{"data":"Strike_R","floor":49,"key":"SMITH"}],"neow_cost":"NONE","seed_source_timestamp":47972012839449,"circlet_count":0,"master_deck":["Strike_R+1","Strike_R+1","Defend_R+1","Defend_R+1","Bash+1","AscendersBane","Power Through+1","Shrug It Off+1","Inflame+1","Body Slam+1","Shrug It Off+1","True Grit+1","Impervious+1","Body Slam+1","Shrug It Off+1","Barricade+1","Intimidate+1","Inflame+1","Offering+1","Juggernaut+1","Entrench+1","Flame Barrier+1","Limit Break+1","Power Through+1","Double Tap+1","Discovery+1","True Grit+1"],"special_seed":0,"relics":["Burning Blood","NeowsBlessing","Golden Idol","Self Forming Clay","Oddly Smooth Stone","Toxic Egg 2","Boot","Sozu","Tiny Chest","Bird Faced Urn","Smiling Mask","Prayer Wheel","Coffee Dripper","Ornamental Fan","Frozen Egg 2","Bottled Lightning","Incense Burner","Ancient Tea Set"],"potions_floor_usage":[],"damage_taken":[{"damage":0.0,"enemies":"2 Louse","floor":1.0,"turns":1.0},{"damage":0.0,"enemies":"Jaw Worm","floor":3.0,"turns":1.0},{"damage":0.0,"enemies":"Gremlin Nob","floor":7.0,"turns":1.0},{"damage":1.0,"enemies":"Small Slimes","floor":11.0,"turns":4.0},{"damage":11.0,"enemies":"Looter","floor":13.0,"turns":3.0},{"damage":15.0,"enemies":"3 Sentries","floor":14.0,"turns":10.0},{"damage":38.0,"enemies":"Hexaghost","floor":16.0,"turns":12.0},{"damage":0,"enemies":"2 Thieves","floor":18,"turns":4},{"damage":0,"enemies":"Chosen","floor":19,"turns":4},{"damage":6,"enemies":"Snake Plant","floor":21,"turns":4},{"damage":0,"enemies":"Slavers","floor":24,"turns":7},{"damage":0,"enemies":"Gremlin Leader","floor":31,"turns":5},{"damage":6,"enemies":"Automaton","floor":33,"turns":6},{"damage":6,"enemies":"3 Shapes","floor":35,"turns":4},{"damage":6,"enemies":"3 Darklings","floor":36,"turns":5},{"damage":14,"enemies":"4 Shapes","floor":38,"turns":4},{"damage":7,"enemies":"Transient","floor":39,"turns":5},{"damage":6,"enemies":"Nemesis","floor":40,"turns":7},{"damage":36,"enemies":"2 Orb Walkers","floor":42,"turns":5},{"damage":6,"enemies":"Giant Head","floor":47,"turns":4},{"damage":20,"enemies":"Reptomancer","floor":48,"turns":6},{"damage":6,"enemies":"Donu and Deca","floor":50,"turns":6}],"seed_played":"-2291846697267786972","potions_obtained":[{"floor":3.0,"key":"Dexterity Potion"},{"floor":7.0,"key":"SteroidPotion"},{"floor":16.0,"key":"SpeedPotion"}],"is_trial":false,"path_per_floor":["M","?","M","?","?","R","E","R","T","$","M","$","M","E","R","B",null,"M","M","$","M","?","R","E","R","T","?","R","$","R","E","R","B",null,"M","M","?","M","M","E","R","E","T","R","$","R","E","M","R","B"],"character_chosen":"IRONCLAD","items_purchased":["Shrug It Off+1","Body Slam","Barricade","Inflame","Discovery+1","Incense Burner"],"campfire_rested":0,"item_purchase_floors":[10,12,20,29,45,45],"current_hp_per_floor":[78,58,64,52,57,57,63,63,63,63,68,68,63,54,54,22,69,75,81,81,81,81,81,85,85,85,85,85,85,85,85,85,85,85,85,85,85,77,82,85,85,57,57,57,57,57,65,61,61,69],"gold":91,"neow_bonus":"THREE_ENEMY_KILL","is_prod":false,"is_daily":false,"chose_seed":false,"campfire_upgraded":12,"win_rate":0,"timestamp":1537553418,"path_taken":["M","?","M","?","?","R","E","R","T","$","M","?","M","E","R","BOSS","M","M","$","M","?","R","E","R","T","?","R","$","R","E","R","BOSS","M","M","?","M","?","E","R","E","T","R","?","R","E","M","R","BOSS"],"build_version":"2018-09-20","purchased_purges":4,"victory":true,"max_hp_per_floor":[80,80,80,80,85,85,85,85,85,85,85,85,85,85,85,85,85,85,85,85,85,85,85,85,85,85,85,85,85,85,85,85,85,85,85,85,85,85,85,85,85,85,85,85,85,85,85,85,85,85],"card_choices":[{"not_picked":["Clash","Armaments","Havoc"],"picked":"SKIP","floor":1.0},{"not_picked":["Clash","Iron Wave"],"picked":"Power Through","floor":3.0},{"not_picked":["Seeing Red","Clothesline","Armaments"],"picked":"SKIP","floor":7.0},{"not_picked":["Perfected Strike","Clash"],"picked":"Inflame","floor":11.0},{"not_picked":["Demon Form","Wild Strike"],"picked":"Shrug It Off+1","floor":13.0},{"not_picked":["Impervious+1","Havoc+1"],"picked":"True Grit+1","floor":14.0},{"not_picked":["Feed","Dark Embrace"],"picked":"Impervious+1","floor":16.0},{"not_picked":["Dual Wield+1","Blood for Blood"],"picked":"Body Slam","floor":18},{"not_picked":["Headbutt","Cleave"],"picked":"Shrug It Off+1","floor":19},{"not_picked":["Flex+1","Perfected Strike","Hemokinesis"],"picked":"SKIP","floor":21},{"not_picked":["True Grit+1","Flex+1"],"picked":"Intimidate+1","floor":24},{"not_picked":["Twin Strike","Clash+1"],"picked":"Offering+1","floor":31},{"not_picked":["Reaper","Feed"],"picked":"Juggernaut","floor":33},{"not_picked":["Headbutt+1","Clash"],"picked":"Entrench+1","floor":35},{"not_picked":["Wild Strike+1","Hemokinesis+1","Headbutt"],"picked":"SKIP","floor":35},{"not_picked":["Perfected Strike+1","Headbutt+1","Anger+1"],"picked":"SKIP","floor":36},{"not_picked":["Thunderclap+1","Cleave","Searing Blow"],"picked":"SKIP","floor":36},{"not_picked":["Flex+1","Clothesline"],"picked":"Flame Barrier+1","floor":38},{"not_picked":["Warcry+1","Headbutt","Wild Strike+1"],"picked":"SKIP","floor":38},{"not_picked":["Clash+1","Perfected Strike"],"picked":"Limit Break+1","floor":39},{"not_picked":["Rampage","Reckless Charge+1"],"picked":"Power Through+1","floor":39},{"not_picked":["Heavy Blade+1","Barricade","Thunderclap"],"picked":"SKIP","floor":40},{"not_picked":["Dual Wield+1","Wild Strike+1"],"picked":"Double Tap+1","floor":42},{"not_picked":["Intimidate+1","Clash"],"picked":"True Grit+1","floor":47},{"not_picked":["Iron Wave","Bloodletting+1","Dual Wield+1"],"picked":"SKIP","floor":48},{"not_picked":["Iron Wave","Anger","Havoc+1"],"picked":"SKIP","floor":48}],"player_experience":85851,"relics_obtained":[{"floor":7.0,"key":"Oddly Smooth Stone"},{"floor":9.0,"key":"Toxic Egg 2"},{"floor":14.0,"key":"Boot"},{"floor":24,"key":"Bird Faced Urn"},{"floor":26,"key":"Smiling Mask"},{"floor":31,"key":"Prayer Wheel"},{"floor":40,"key":"Ornamental Fan"},{"floor":42,"key":"Frozen Egg 2"},{"floor":43,"key":"Bottled Lightning"},{"floor":47,"key":"Ancient Tea Set"}],"event_choices":[{"event_name":"Golden Idol","player_choice":"Take Damage","floor":2.0,"damage_taken":0.0},{"event_name":"Scrap Ooze","player_choice":"success","floor":4.0,"damage_taken":12.0},{"event_name":"Big Fish","player_choice":"Donut","floor":5.0,"damage_taken":0.0},{"event_name":"The Mausoleum","player_choice":"Yes","floor":22,"damage_taken":0},{"event_name":"Bonfire Elementals","player_choice":"BASIC","floor":27,"damage_taken":0},{"event_name":"Tomb of Lord Red Mask","player_choice":"Ignored","floor":37,"damage_taken":0}],"is_beta":false,"boss_relics":[{"not_picked":["Pandora\u0027s Box","Eternal Feather"],"picked":"Sozu"},{"not_picked":["Lizard Tail","Tiny House"],"picked":"Coffee Dripper"}],"items_purged_floors":[10,20,29,45],"is_endless":false,"potions_floor_spawned":[3,7,16,19,31,38,39,42,47,48],"ascension_level":11}