{"gold_per_floor":[118,118,129,142,161,161,178,148,148,68,68,88,105,121,121,198,198,209,209,221,65,65,65,80,80,80,80,129,148,159,186,186,260,260,272,37,51,67,67,93,106,106,129,139,139,139,139,171,171,171,171],"floor_reached":52,"playtime":2335,"items_purged":["Finisher","Masterful Stab"],"score":2106,"play_id":"dceeb224-97b1-4180-85e3-44bd9f97ad54","local_time":"20190318092250","is_ascension_mode":true,"campfire_choices":[{"data":"Deadly Poison","floor":6.0,"key":"SMITH"},{"data":"Well Laid Plans","floor":11.0,"key":"SMITH"},{"data":"Backflip","floor":15.0,"key":"SMITH"},{"data":"Tactician","floor":23.0,"key":"SMITH"},{"data":"Prepared","floor":25.0,"key":"SMITH"},{"data":"Concentrate","floor":27.0,"key":"SMITH"},{"data":"Footwork","floor":32.0,"key":"SMITH"},{"floor":42.0,"key":"RECALL"},{"floor":49.0,"key":"REST"}],"neow_cost":"NONE","seed_source_timestamp":370504767200855,"circlet_count":0,"master_deck":["AscendersBane","Survivor+1","Neutralize+1","Deadly Poison+1","Well Laid Plans+1","Backflip+1","Reflex+1","Backstab+1","Caltrops+1","Concentrate+1","Prepared+1","Grand Finale+1","Corpse Explosion+1","Choke+1","Flechettes+1","Backstab+1","Backflip+1","Cloak And Dagger+1","Escape Plan+1","Catalyst+1","Footwork+1","Tactician+1","Adrenaline+1","Acrobatics+1"],"special_seed":0,"relics":["Ring of the Snake","FossilizedHelix","Pandora\u0027s Box","Paper Crane","War Paint","Darkstone Periapt","Fusion Hammer","Mummified Hand","Strawberry","Mark of the Bloom","Calipers"],"potions_floor_usage":[51],"damage_taken":[{"damage":4.0,"enemies":"Small Slimes","floor":1.0,"turns":4.0},{"damage":7.0,"enemies":"Cultist","floor":3.0,"turns":5.0},{"damage":0.0,"enemies":"2 Louse","floor":4.0,"turns":3.0},{"damage":0.0,"enemies":"Blue Slaver","floor":5.0,"turns":6.0},{"damage":1.0,"enemies":"Red Slaver","floor":7.0,"turns":4.0},{"damage":9.0,"enemies":"Exordium Thugs","floor":8.0,"turns":4.0},{"damage":0.0,"enemies":"2 Fungi Beasts","floor":12.0,"turns":3.0},{"damage":1.0,"enemies":"Large Slime","floor":13.0,"turns":6.0},{"damage":0.0,"enemies":"Looter","floor":14.0,"turns":3.0},{"damage":12.0,"enemies":"The Guardian","floor":16.0,"turns":11.0},{"damage":0.0,"enemies":"2 Thieves","floor":18.0,"turns":3.0},{"damage":0.0,"enemies":"Shell Parasite","floor":20.0,"turns":3.0},{"damage":19.0,"enemies":"Shelled Parasite and Fungi","floor":24.0,"turns":4.0},{"damage":11.0,"enemies":"Sentry and Sphere","floor":29.0,"turns":4.0},{"damage":2.0,"enemies":"Snecko","floor":30.0,"turns":5.0},{"damage":6.0,"enemies":"Book of Stabbing","floor":31.0,"turns":4.0},{"damage":10.0,"enemies":"Collector","floor":33.0,"turns":7.0},{"damage":2.0,"enemies":"Orb Walker","floor":35.0,"turns":2.0},{"damage":0.0,"enemies":"3 Shapes","floor":37.0,"turns":4.0},{"damage":10.0,"enemies":"Writhing Mass","floor":38.0,"turns":4.0},{"damage":0.0,"enemies":"Giant Head","floor":40.0,"turns":4.0},{"damage":0.0,"enemies":"3 Darklings","floor":41.0,"turns":2.0},{"damage":15.0,"enemies":"Spire Growth","floor":44.0,"turns":4.0},{"damage":0.0,"enemies":"Reptomancer","floor":48.0,"turns":4.0},{"damage":0.0,"enemies":"Donu and Deca","floor":50.0,"turns":3.0},{"damage":29,"enemies":"Awakened One","floor":51,"turns":7}],"seed_played":"-2703573936020463734","potions_obtained":[{"floor":0.0,"key":"SteroidPotion"},{"floor":0.0,"key":"Ancient Potion"},{"floor":3.0,"key":"SkillPotion"},{"floor":18.0,"key":"Weak Potion"},{"floor":31.0,"key":"GhostInAJar"},{"floor":41.0,"key":"Strength Potion"}],"is_trial":false,"path_per_floor":["M","?","M","M","M","R","M","M","T","$","R","M","M","M","R","B",null,"M","?","M","$","?","R","M","R","T","R","T","M","M","E","R","B",null,"M","$","M","M","$","E","M","R","T","M","?","?","?","E","R","B","B",null],"character_chosen":"THE_SILENT","items_purchased":["Caltrops","Tactician","Acrobatics","GhostInAJar"],"campfire_rested":1,"item_purchase_floors":[10,21,36,36],"current_hp_per_floor":[55,55,48,48,48,48,47,38,38,38,38,38,37,37,37,25,56,56,56,56,56,56,56,37,37,37,37,37,26,24,18,18,8,52,50,50,50,40,40,40,40,40,47,32,60,60,60,60,60,60,31],"gold":171,"neow_bonus":"THREE_SMALL_POTIONS","is_prod":false,"is_daily":false,"chose_seed":false,"campfire_upgraded":7,"win_rate":0,"timestamp":1552868570,"path_taken":["M","?","M","M","?","R","M","M","T","$","R","M","M","M","R","BOSS","M","?","M","$","?","R","M","R","T","R","?","M","M","E","R","BOSS","M","$","M","M","?","E","M","R","T","?","?","?","?","E","R","BOSS","BOSS"],"build_version":"2019-01-23","purchased_purges":2,"victory":true,"max_hp_per_floor":[66,66,66,66,66,66,66,66,66,66,66,66,66,66,66,66,66,66,66,66,66,66,66,66,66,66,66,66,66,66,66,66,66,66,66,66,66,66,66,66,66,66,73,73,60,60,60,60,60,60,60],"card_choices":[{"not_picked":["Blade Dance","Distraction"],"picked":"Deadly Poison","floor":1.0},{"not_picked":["Reflex","Dodge and Roll"],"picked":"Well Laid Plans","floor":3.0},{"not_picked":["Dagger Spray","Distraction"],"picked":"Backflip","floor":4.0},{"not_picked":["Slice","Eviscerate"],"picked":"Reflex","floor":5.0},{"not_picked":["Dagger Spray","Blur"],"picked":"Masterful Stab","floor":7.0},{"not_picked":["Accuracy","Underhanded Strike"],"picked":"Backstab","floor":8.0},{"not_picked":["Quick Slash","Expertise","Cloak And Dagger"],"picked":"SKIP","floor":12.0},{"not_picked":["Riddle With Holes","Quick Slash"],"picked":"Concentrate","floor":13.0},{"not_picked":["Dagger Throw","Backflip"],"picked":"Prepared","floor":14.0},{"not_picked":["A Thousand Cuts","Phantasmal Killer"],"picked":"Grand Finale","floor":16.0},{"not_picked":["Dagger Spray","Predator"],"picked":"Escape Plan","floor":18.0},{"not_picked":["Dodge and Roll","Noxious Fumes","Dagger Throw"],"picked":"SKIP","floor":20.0},{"not_picked":["Backstab","Outmaneuver+1","Poisoned Stab"],"picked":"SKIP","floor":24.0},{"not_picked":["Skewer","Dagger Throw","Backstab"],"picked":"SKIP","floor":29.0},{"not_picked":["Eviscerate","Setup","Flechettes"],"picked":"SKIP","floor":30.0},{"not_picked":["Corpse Explosion","Infinite Blades","Setup"],"picked":"SKIP","floor":31.0},{"not_picked":["Unload","Corpse Explosion"],"picked":"Adrenaline","floor":33.0},{"not_picked":["Underhanded Strike","Bouncing Flask","Quick Slash+1"],"picked":"SKIP","floor":35.0},{"not_picked":["Outmaneuver","Predator","Sucker Punch"],"picked":"SKIP","floor":37.0},{"not_picked":["Masterful Stab","Expertise","Outmaneuver"],"picked":"SKIP","floor":38.0},{"not_picked":["PiercingWail","Leg Sweep+1","Bouncing Flask+1"],"picked":"SKIP","floor":40.0},{"not_picked":["Quick Slash","Escape Plan","Flying Knee+1"],"picked":"SKIP","floor":41.0},{"not_picked":["Setup","Underhanded Strike+1","Predator+1"],"picked":"SKIP","floor":44.0},{"not_picked":["Poisoned Stab","Endless Agony+1","Quick Slash+1"],"picked":"SKIP","floor":48.0}],"player_experience":140198,"relics_obtained":[{"floor":9.0,"key":"FossilizedHelix"},{"floor":26.0,"key":"Paper Crane"},{"floor":28.0,"key":"War Paint"},{"floor":31.0,"key":"Darkstone Periapt"},{"floor":40.0,"key":"Mummified Hand"},{"floor":43.0,"key":"Strawberry"},{"floor":48.0,"key":"Calipers"}],"event_choices":[{"cards_removed":["Strike_G"],"damage_healed":0.0,"max_hp_gain":0.0,"max_hp_loss":0.0,"gold_gain":0.0,"event_name":"Purifier","player_choice":"Purged","floor":2.0,"gold_loss":0.0,"damage_taken":0.0},{"damage_healed":0.0,"max_hp_gain":0.0,"max_hp_loss":0.0,"gold_gain":0.0,"cards_transformed":["Bullet Time","Deadly Poison"],"event_name":"Drug Dealer","player_choice":"Became Test Subject","floor":19.0,"gold_loss":0.0,"damage_taken":0.0,"cards_obtained":["Catalyst","Footwork"]},{"damage_healed":60.0,"max_hp_gain":0.0,"max_hp_loss":13.0,"gold_gain":0.0,"event_name":"The Moai Head","player_choice":"Heal","floor":45.0,"gold_loss":0.0,"damage_taken":0.0},{"damage_healed":0.0,"max_hp_gain":0.0,"max_hp_loss":0.0,"gold_gain":0.0,"event_name":"SensoryStone","player_choice":"Memory 1","floor":46.0,"gold_loss":0.0,"damage_taken":0.0},{"damage_healed":0.0,"max_hp_gain":0.0,"max_hp_loss":0.0,"gold_gain":0.0,"event_name":"MindBloom","player_choice":"Upgrade","floor":47.0,"gold_loss":0.0,"damage_taken":0.0,"cards_upgraded":["Survivor","Neutralize","Backstab","Caltrops","Grand Finale","Corpse Explosion","Choke","Flechettes","Backstab","Backflip","Escape Plan","Catalyst","Adrenaline","Acrobatics"],"relics_obtained":["Mark of the Bloom"]}],"is_beta":false,"boss_relics":[{"not_picked":["Ectoplasm","White Beast Statue"],"picked":"Pandora\u0027s Box"},{"not_picked":["Velvet Choker","Cursed Key"],"picked":"Fusion Hammer"}],"items_purged_floors":[21,36],"is_endless":false,"potions_floor_spawned":[3,12,13,14,16,18,29,31,41,44,48],"ascension_level":20}