{"gold_per_floor":[119,144,144,156,166,197,209,244,244,256,256,269,286,300,300,399,399,399,324,324],"floor_reached":20,"playtime":1665,"items_purged":["Defend_B"],"score":188,"play_id":"2020f227-5942-4768-aa6a-3a05cdfe871a","local_time":"20180701171729","is_ascension_mode":false,"campfire_choices":[{"floor":11.0,"key":"REST"},{"data":"Streamline","floor":15.0,"key":"SMITH"}],"neow_cost":"","seed_source_timestamp":0,"circlet_count":0,"master_deck":["Strike_B","Strike_B","Strike_B","Defend_B","Defend_B","Defend_B","Zap","Dualcast","Defragment","Streamline+1","Seek","Coolheaded","Reprogram","Self Repair","White Noise","Seek","Leap","Hologram","Creative AI","Compile Driver"],"special_seed":0,"relics":["Black Star","Happy Flower","Turnip","Prayer Wheel","Cables","Matryoshka","Anchor","Du-Vu Doll","Ectoplasm"],"potions_floor_usage":[],"damage_taken":[{"damage":1.0,"enemies":"Cultist","floor":1.0,"turns":4.0},{"damage":5.0,"enemies":"2 Louse","floor":4.0,"turns":3.0},{"damage":6.0,"enemies":"Jaw Worm","floor":5.0,"turns":3.0},{"damage":28.0,"enemies":"3 Sentries","floor":6.0,"turns":8.0},{"damage":5.0,"enemies":"Looter","floor":7.0,"turns":2.0},{"damage":21.0,"enemies":"Gremlin Nob","floor":8.0,"turns":4.0},{"damage":1.0,"enemies":"Lots of Slimes","floor":10.0,"turns":6.0},{"damage":16.0,"enemies":"Gremlin Gang","floor":12.0,"turns":6.0},{"damage":3.0,"enemies":"Looter","floor":13.0,"turns":4.0},{"damage":1.0,"enemies":"3 Louse","floor":14.0,"turns":3.0},{"damage":22.0,"enemies":"Hexaghost","floor":16.0,"turns":13.0},{"damage":24,"enemies":"Chosen","floor":18,"turns":7},{"damage":7,"enemies":"3 Byrds","floor":20,"turns":2}],"seed_played":"-8807748966330904660","potions_obtained":[{"floor":1.0,"key":"FearPotion"},{"floor":10.0,"key":"Ancient Potion"},{"floor":12.0,"key":"SkillPotion"},{"floor":14.0,"key":"SteroidPotion"},{"floor":16.0,"key":"Weak Potion"}],"is_trial":false,"path_per_floor":["M","T","?","M","M","E","M","E","T","M","R","M","M","M","R","B",null,"M","$"],"character_chosen":"DEFECT","items_purchased":[],"campfire_rested":1,"item_purchase_floors":[],"current_hp_per_floor":[74,74,67,62,56,28,23,2,2,1,23,14,18,24,24,9,75,58,58,51],"gold":324,"neow_bonus":"","is_prod":false,"is_daily":false,"chose_seed":false,"campfire_upgraded":1,"win_rate":0,"timestamp":1530458249,"path_taken":["M","?","?","?","M","E","M","E","T","M","R","M","?","M","R","BOSS","M","$","M"],"build_version":"2018-06-28","purchased_purges":1,"victory":false,"max_hp_per_floor":[75,75,75,75,75,75,75,75,75,75,75,75,75,75,75,75,75,75,75,75],"card_choices":[{"not_picked":["Recycle","Steam"],"picked":"Defragment","floor":1.0},{"not_picked":["Chill","Rebound"],"picked":"Streamline","floor":4.0},{"not_picked":["Stack","Cold Snap","Compile Driver"],"picked":"SKIP","floor":5.0},{"not_picked":["Redo","Streamline"],"picked":"Seek","floor":6.0},{"not_picked":["Steam Power","Barrage","Compile Driver"],"picked":"SKIP","floor":7.0},{"not_picked":["Streamline","Storm","Rip and Tear"],"picked":"SKIP","floor":7.0},{"not_picked":["Redo","Consume"],"picked":"Coolheaded","floor":8.0},{"not_picked":["Stack","BootSequence"],"picked":"Reprogram","floor":10.0},{"not_picked":["Steam","Go for the Eyes"],"picked":"Self Repair","floor":10.0},{"not_picked":["Turbo","Coolheaded"],"picked":"White Noise","floor":12.0},{"not_picked":["Cold Snap","Sweeping Beam","Genetic Algorithm"],"picked":"SKIP","floor":12.0},{"not_picked":["Melter","Reprogram"],"picked":"Seek","floor":13.0},{"not_picked":["Stack","Compile Driver"],"picked":"Leap","floor":13.0},{"not_picked":["Beam Cell","Stack"],"picked":"Hologram","floor":14.0},{"not_picked":["Ball Lightning","Sweeping Beam","Machine Learning"],"picked":"SKIP","floor":14.0},{"not_picked":["Machine Learning","Rainbow"],"picked":"Creative AI","floor":16.0},{"not_picked":["Scrape","Recycle"],"picked":"Compile Driver","floor":18},{"not_picked":["Undo+1","Coolheaded","Beam Cell+1"],"picked":"SKIP","floor":18}],"player_experience":298247,"relics_obtained":[{"floor":2.0,"key":"Happy Flower"},{"floor":6.0,"key":"Turnip"},{"floor":6.0,"key":"Prayer Wheel"},{"floor":8.0,"key":"Cables"},{"floor":8.0,"key":"Matryoshka"},{"floor":9.0,"key":"Anchor"},{"floor":9.0,"key":"Du-Vu Doll"}],"event_choices":[{"event_name":"Golden Wing","player_choice":"Card Removal","floor":3.0,"damage_taken":0.0}],"boss_relics":[{"not_picked":["Coffee Dripper","Orrery"],"picked":"Ectoplasm"}],"items_purged_floors":[19],"is_endless":false,"potions_floor_spawned":[1,10,12,14,16],"killed_by":"3 Byrds","ascension_level":0}