{"gold_per_floor":[113,113,113,188,198,229,229,240,292,321,341,351,381,395,395,472,472,487,251,251,92,102,137,137,151,151,151,166,180,180,180,180,257,257,277,72,72,16,32,50,85,85,108,118,136,147,147,182,182,182],"floor_reached":50,"playtime":1948,"items_purged":["Strike_G","Strike_G","Defend_G"],"score":1213,"play_id":"0bb68275-3935-4a79-856f-5437b35aa517","local_time":"20190802183600","is_ascension_mode":true,"campfire_choices":[{"data":"Neutralize","floor":7.0,"key":"SMITH"},{"data":"A Thousand Cuts","floor":15.0,"key":"SMITH"},{"data":"Well Laid Plans","floor":27.0,"key":"SMITH"},{"floor":32.0,"key":"REST"},{"floor":47,"key":"RECALL"},{"data":"Defend_G","floor":49,"key":"SMITH"}],"neow_cost":"NONE","seed_source_timestamp":431688849295134,"circlet_count":0,"master_deck":["AscendersBane","Defend_G","Defend_G","Defend_G+1","Defend_G","Survivor+1","Neutralize+1","PiercingWail","A Thousand Cuts+1","Deadly Poison+1","Malaise+1","Adrenaline+1","Calculated Gamble+1","Bouncing Flask+1","Well Laid Plans+1","Backflip+1","After Image","Acrobatics+1","Concentrate+1","Prepared+1","Escape Plan+1"],"special_seed":0,"relics":["Ring of the Snake","NeowsBlessing","Blood Vial","Lantern","Toxic Egg 2","Bag of Marbles","Snake Skull","Whetstone","Sozu","Mango","Orichalcum","Strawberry"],"potions_floor_usage":[],"damage_taken":[{"damage":0.0,"enemies":"Small Slimes","floor":1.0,"turns":1.0},{"damage":0.0,"enemies":"Jaw Worm","floor":5.0,"turns":1.0},{"damage":0.0,"enemies":"Lagavulin","floor":6.0,"turns":1.0},{"damage":1.0,"enemies":"2 Louse","floor":8.0,"turns":3.0},{"damage":38.0,"enemies":"3 Sentries","floor":10.0,"turns":12.0},{"damage":0.0,"enemies":"Exordium Wildlife","floor":11.0,"turns":5.0},{"damage":3.0,"enemies":"2 Fungi Beasts","floor":12.0,"turns":5.0},{"damage":2.0,"enemies":"Gremlin Nob","floor":13.0,"turns":4.0},{"damage":2.0,"enemies":"Looter","floor":14.0,"turns":4.0},{"damage":14.0,"enemies":"The Guardian","floor":16.0,"turns":13.0},{"damage":10.0,"enemies":"3 Byrds","floor":18.0,"turns":7.0},{"damage":0.0,"enemies":"Spheric Guardian","floor":22.0,"turns":2.0},{"damage":9.0,"enemies":"Gremlin Leader","floor":23.0,"turns":5.0},{"damage":4.0,"enemies":"Snecko","floor":25.0,"turns":5.0},{"damage":5.0,"enemies":"Centurion and Healer","floor":28.0,"turns":5.0},{"damage":1.0,"enemies":"Snake Plant","floor":29.0,"turns":4.0},{"damage":14.0,"enemies":"Automaton","floor":33.0,"turns":12.0},{"damage":1.0,"enemies":"Orb Walker","floor":35.0,"turns":3.0},{"damage":0,"enemies":"3 Darklings","floor":39,"turns":4},{"damage":14,"enemies":"Spire Growth","floor":40,"turns":4},{"damage":14,"enemies":"Reptomancer","floor":41,"turns":5},{"damage":9,"enemies":"Jaw Worm Horde","floor":44,"turns":4},{"damage":0,"enemies":"Writhing Mass","floor":45,"turns":4},{"damage":0,"enemies":"Spire Growth","floor":46,"turns":4},{"damage":8,"enemies":"Giant Head","floor":48,"turns":8},{"damage":0,"enemies":"Donu and Deca","floor":50,"turns":1}],"seed_played":"-4540564001871121312","potions_obtained":[{"floor":5.0,"key":"GhostInAJar"},{"floor":8.0,"key":"FairyPotion"},{"floor":16.0,"key":"Ancient Potion"}],"is_trial":false,"path_per_floor":["M","?","?","?","M","E","R","M","T","E","M","M","E","M","R","B",null,"M","$","?","$","M","E","?","M","T","R","M","M","?","?","R","B",null,"M","$","?","$","M","M","E","?","T","M","M","M","R","E","R","B"],"character_chosen":"THE_SILENT","items_purchased":["Snake Skull","Backflip+1","Concentrate+1","Prepared+1"],"campfire_rested":1,"item_purchase_floors":[19,21,36,38],"current_hp_per_floor":[59,59,64,53,53,53,53,54,54,18,20,19,19,19,19,7,55,47,47,47,47,49,42,22,20,20,20,17,18,18,18,40,28,64,65,65,65,65,67,55,57,57,57,50,52,54,54,55,55,57],"gold":182,"neow_bonus":"THREE_ENEMY_KILL","is_prod":false,"is_daily":false,"chose_seed":false,"campfire_upgraded":4,"win_rate":0,"timestamp":1564738560,"path_taken":["M","?","?","?","M","E","R","M","T","E","?","M","E","M","R","BOSS","M","$","?","$","M","E","?","M","T","R","M","M","?","?","R","BOSS","M","$","?","?","M","M","E","?","T","?","M","M","R","E","R","BOSS"],"build_version":"2019-07-17","purchased_purges":3,"victory":false,"max_hp_per_floor":[66,66,71,71,71,71,71,71,71,71,71,71,71,71,71,71,71,71,71,71,71,71,71,76,76,76,76,76,76,76,76,76,76,76,76,76,76,76,76,76,90,85,85,85,85,85,85,92,92,92],"card_choices":[{"not_picked":["Dodge and Roll","Outmaneuver","Underhanded Strike"],"picked":"SKIP","floor":1.0},{"not_picked":["Cloak And Dagger","Riddle With Holes"],"picked":"PiercingWail","floor":5.0},{"not_picked":["Dagger Throw","PiercingWail","Cloak And Dagger"],"picked":"SKIP","floor":6.0},{"not_picked":["Poisoned Stab","Well Laid Plans"],"picked":"A Thousand Cuts","floor":8.0},{"not_picked":["Underhanded Strike","Bane","Dodge and Roll"],"picked":"SKIP","floor":10.0},{"not_picked":["PiercingWail+1","Bane"],"picked":"Deadly Poison+1","floor":11.0},{"not_picked":["PiercingWail+1","Masterful Stab","Deflect+1"],"picked":"SKIP","floor":12.0},{"not_picked":["Blade Dance+1","Slice"],"picked":"Malaise+1","floor":13.0},{"not_picked":["Finisher","Quick Slash","Dodge and Roll+1"],"picked":"SKIP","floor":14.0},{"not_picked":["A Thousand Cuts","Tools of the Trade"],"picked":"Adrenaline+1","floor":16.0},{"not_picked":["Riddle With Holes","Outmaneuver+1"],"picked":"Calculated Gamble+1","floor":18.0},{"not_picked":["Dodge and Roll+1","Distraction+1","Slice"],"picked":"SKIP","floor":22.0},{"not_picked":["Well Laid Plans","Crippling Poison+1","Sucker Punch"],"picked":"SKIP","floor":23.0},{"not_picked":["Dagger Spray","Setup+1","Infinite Blades"],"picked":"SKIP","floor":25.0},{"not_picked":["Terror+1","PiercingWail+1"],"picked":"After Image","floor":28.0},{"not_picked":["Dash","Deflect+1","Backflip+1"],"picked":"SKIP","floor":29.0},{"not_picked":["Backstab+1","Outmaneuver+1"],"picked":"Acrobatics+1","floor":35.0},{"not_picked":["Sucker Punch","Poisoned Stab","Eviscerate"],"picked":"SKIP","floor":39},{"not_picked":["PiercingWail+1","Accuracy"],"picked":"Escape Plan+1","floor":40},{"not_picked":["Riddle With Holes","Backflip+1","Choke"],"picked":"SKIP","floor":41},{"not_picked":["Predator","Underhanded Strike+1","Accuracy"],"picked":"SKIP","floor":44},{"not_picked":["PiercingWail+1","Poisoned Stab+1","Deadly Poison+1"],"picked":"SKIP","floor":45},{"not_picked":["Sucker Punch+1","Leg Sweep+1","Dagger Spray"],"picked":"SKIP","floor":46},{"not_picked":["Sucker Punch","Deadly Poison+1","Wraith Form v2"],"picked":"SKIP","floor":48}],"player_experience":733758,"relics_obtained":[{"floor":6.0,"key":"Blood Vial"},{"floor":9.0,"key":"Lantern"},{"floor":10.0,"key":"Toxic Egg 2"},{"floor":13.0,"key":"Bag of Marbles"},{"floor":23.0,"key":"Whetstone"},{"floor":41,"key":"Mango"},{"floor":43,"key":"Orichalcum"},{"floor":48,"key":"Strawberry"}],"event_choices":[{"cards_removed":["Strike_G"],"damage_healed":0.0,"max_hp_gain":0.0,"max_hp_loss":0.0,"gold_gain":0.0,"event_name":"Living Wall","player_choice":"Forget","floor":2.0,"gold_loss":0.0,"damage_taken":0.0},{"damage_healed":0.0,"max_hp_gain":5.0,"max_hp_loss":0.0,"gold_gain":0.0,"event_name":"Big Fish","player_choice":"Donut","floor":3.0,"gold_loss":0.0,"damage_taken":0.0},{"damage_healed":0.0,"max_hp_gain":0.0,"max_hp_loss":0.0,"gold_gain":75.0,"event_name":"World of Goop","player_choice":"Gather Gold","floor":4.0,"gold_loss":0.0,"damage_taken":11.0},{"damage_healed":0.0,"max_hp_gain":0.0,"max_hp_loss":0.0,"gold_gain":0.0,"cards_transformed":["Strike_G","Strike_G"],"event_name":"Drug Dealer","player_choice":"Became Test Subject","floor":20.0,"gold_loss":0.0,"damage_taken":0.0,"cards_obtained":["Bouncing Flask","Well Laid Plans"]},{"damage_healed":0.0,"max_hp_gain":5.0,"max_hp_loss":0.0,"gold_gain":0.0,"event_name":"Forgotten Altar","player_choice":"Shed Blood","floor":24.0,"gold_loss":0.0,"damage_taken":25.0},{"damage_healed":0.0,"max_hp_gain":0.0,"max_hp_loss":0.0,"gold_gain":0.0,"event_name":"Vampires","player_choice":"Ignored","floor":30.0,"gold_loss":0.0,"damage_taken":0.0},{"damage_healed":0.0,"max_hp_gain":0.0,"max_hp_loss":0.0,"gold_gain":0.0,"event_name":"The Mausoleum","player_choice":"Ignored","floor":31.0,"gold_loss":0.0,"damage_taken":0.0},{"damage_healed":0,"gold_gain":0,"player_choice":"Forge","damage_taken":0,"max_hp_gain":0,"max_hp_loss":0,"event_name":"Accursed Blacksmith","floor":37,"gold_loss":0,"cards_upgraded":["Survivor"]},{"damage_healed":0,"gold_gain":0,"player_choice":"Max HP","damage_taken":0,"max_hp_gain":0,"max_hp_loss":5,"event_name":"Winding Halls","floor":42,"gold_loss":0}],"is_beta":false,"boss_relics":[{"not_picked":["Calling Bell","HoveringKite","Cursed Key"]},{"not_picked":["Black Star","Tiny House"],"picked":"Sozu"}],"items_purged_floors":[19,21,36],"is_endless":false,"potions_floor_spawned":[5,8,10,16,18,25,35,39,41,46],"killed_by":"Donu and Deca","ascension_level":20}