{"gold_per_floor":[109,125,47,60,60,60,89,89,159,159,169,183,27,46,46,46],"floor_reached":16,"playtime":365,"items_purged":["Strike_G"],"score":204,"play_id":"4803d29f-dd30-4d6d-91b0-207d3135bd3d","local_time":"20181013201144","is_ascension_mode":true,"campfire_choices":[{"data":"Bouncing Flask","floor":6.0,"key":"SMITH"},{"data":"Well Laid Plans","floor":8.0,"key":"SMITH"},{"data":"Tools of the Trade","floor":10.0,"key":"SMITH"},{"floor":15,"key":"REST"}],"neow_cost":"NONE","seed_source_timestamp":40600518240606,"circlet_count":0,"master_deck":["Defend_G","Defend_G","Defend_G","Defend_G","Defend_G","Strike_G","Strike_G","Strike_G","Strike_G","Survivor","Neutralize","AscendersBane","Well Laid Plans+1","Bouncing Flask+1","Tools of the Trade+1","Deadly Poison","Noxious Fumes","Backflip"],"special_seed":0,"relics":["Ring of the Snake","NeowsBlessing","Orichalcum","Sundial"],"potions_floor_usage":[14],"damage_taken":[{"damage":0.0,"enemies":"Cultist","floor":1.0,"turns":1.0},{"damage":0.0,"enemies":"2 Louse","floor":2.0,"turns":1.0},{"damage":0.0,"enemies":"Jaw Worm","floor":4.0,"turns":1.0},{"damage":22.0,"enemies":"Lagavulin","floor":7.0,"turns":5.0},{"damage":10.0,"enemies":"Lots of Slimes","floor":11.0,"turns":4.0},{"damage":22.0,"enemies":"Exordium Thugs","floor":12.0,"turns":5.0},{"damage":0,"enemies":"3 Louse","floor":14,"turns":2},{"damage":30,"enemies":"The Guardian","floor":16,"turns":2}],"seed_played":"752394883525908966","potions_obtained":[{"floor":1.0,"key":"SteroidPotion"},{"floor":2.0,"key":"SkillPotion"},{"floor":7.0,"key":"EssenceOfSteel"},{"floor":12.0,"key":"Explosive Potion"}],"is_trial":false,"path_per_floor":["M","M","$","M","$","R","E","R","T","R","M","M","$","M","R"],"character_chosen":"THE_SILENT","items_purchased":["Bouncing Flask","Noxious Fumes"],"campfire_rested":1,"item_purchase_floors":[3,13],"current_hp_per_floor":[59,59,59,59,59,59,37,37,37,37,27,5,5,5,24,0],"gold":46,"neow_bonus":"THREE_ENEMY_KILL","is_prod":false,"is_daily":false,"chose_seed":false,"campfire_upgraded":3,"win_rate":0,"timestamp":1539432704,"path_taken":["M","?","$","M","?","R","E","R","T","R","M","M","$","M","R","BOSS"],"build_version":"2018-10-11","purchased_purges":1,"victory":false,"max_hp_per_floor":[66,66,66,66,66,66,66,66,66,66,66,66,66,66,66,66],"card_choices":[{"not_picked":["Accuracy","Dagger Throw"],"picked":"Well Laid Plans","floor":1.0},{"not_picked":["Distraction","Underhanded Strike","Flying Knee"],"picked":"SKIP","floor":2.0},{"not_picked":["Setup","Sucker Punch","Acrobatics"],"picked":"SKIP","floor":4.0},{"not_picked":["Tactician","Dodge and Roll"],"picked":"Tools of the Trade","floor":7.0},{"not_picked":["Dagger Spray","Deflect"],"picked":"Deadly Poison","floor":11.0},{"not_picked":["Poisoned Stab","Sucker Punch","Dodge and Roll"],"picked":"SKIP","floor":12.0},{"not_picked":["Bane","Distraction"],"picked":"Backflip","floor":14}],"player_experience":171076,"relics_obtained":[{"floor":7.0,"key":"Orichalcum"},{"floor":9.0,"key":"Sundial"}],"event_choices":[],"is_beta":false,"boss_relics":[],"items_purged_floors":[13],"is_endless":false,"potions_floor_spawned":[1,2,4,7,12],"killed_by":"The Guardian","ascension_level":20}