{"gold_per_floor":[116,66,66,79,79,79,95,20,20,31,63,63,94,113,113,184,184,156,175,24,24,24,58,58,108,108,124,144,144,179,179,179,251,251,264,279,295,395,411,411,443,461,461,486,2,2,0,17,17,17,17],"floor_reached":52,"playtime":2350,"items_purged":["Strike_G","Strike_G","Strike_G"],"score":2470,"play_id":"9e8c4e4a-fa9e-42e6-8790-9af6310b7623","local_time":"20190203130325","is_ascension_mode":true,"campfire_choices":[{"data":"Acrobatics","floor":6.0,"key":"SMITH"},{"data":"Neutralize","floor":12.0,"key":"SMITH"},{"data":"Well Laid Plans","floor":15.0,"key":"SMITH"},{"data":"Flechettes","floor":24,"key":"SMITH"},{"data":"Impatience","floor":29,"key":"SMITH"},{"data":"Footwork","floor":32,"key":"SMITH"},{"data":"1","floor":40,"key":"LIFT"},{"data":"2","floor":46,"key":"LIFT"},{"data":"3","floor":49,"key":"LIFT"}],"neow_cost":"TEN_PERCENT_HP_LOSS","seed_source_timestamp":4063343261430,"circlet_count":0,"master_deck":["AscendersBane","Defend_G","Defend_G","Defend_G+1","Defend_G","Defend_G","Survivor","Neutralize+1","Acrobatics+1","Deadly Poison+1","Backflip","Footwork+1","Well Laid Plans+1","Calculated Gamble+1","Impatience+1","Flechettes+1","Grand Finale","Finesse"],"special_seed":0,"relics":["Ring of the Snake","Mango","Mercury Hourglass","The Courier","Coffee Dripper","War Paint","Du-Vu Doll","Calipers","Philosopher\u0027s Stone","Girya","Bird Faced Urn","Mummified Hand","Bag of Marbles","Membership Card","Thread and Needle","Red Mask"],"potions_floor_usage":[16,23,30,30,33,41,51],"damage_taken":[{"damage":0.0,"enemies":"2 Louse","floor":1.0,"turns":5.0},{"damage":3.0,"enemies":"Jaw Worm","floor":4.0,"turns":5.0},{"damage":0.0,"enemies":"Cultist","floor":7.0,"turns":4.0},{"damage":0.0,"enemies":"Red Slaver","floor":10.0,"turns":4.0},{"damage":29.0,"enemies":"Lagavulin","floor":11.0,"turns":6.0},{"damage":16.0,"enemies":"Gremlin Nob","floor":13.0,"turns":4.0},{"damage":0.0,"enemies":"3 Louse","floor":14.0,"turns":3.0},{"damage":0,"enemies":"The Guardian","floor":16,"turns":10},{"damage":1,"enemies":"2 Thieves","floor":18,"turns":4},{"damage":2,"enemies":"Chosen","floor":19,"turns":5},{"damage":50,"enemies":"Slavers","floor":23,"turns":10},{"damage":0,"enemies":"3 Cultists","floor":27,"turns":4},{"damage":0,"enemies":"Snecko","floor":28,"turns":3},{"damage":0,"enemies":"Gremlin Leader","floor":30,"turns":4},{"damage":0,"enemies":"Automaton","floor":33,"turns":6},{"damage":0,"enemies":"3 Shapes","floor":35,"turns":3},{"damage":0,"enemies":"Orb Walker","floor":36,"turns":2},{"damage":12,"enemies":"Spire Growth","floor":37,"turns":3},{"damage":0,"enemies":"Mind Bloom Boss Battle","floor":38,"turns":5},{"damage":4,"enemies":"Sphere and 2 Shapes","floor":39,"turns":2},{"damage":17,"enemies":"Reptomancer","floor":41,"turns":3},{"damage":1,"enemies":"4 Shapes","floor":42,"turns":5},{"damage":0,"enemies":"Giant Head","floor":44,"turns":4},{"damage":0,"enemies":"Writhing Mass","floor":48,"turns":2},{"damage":0,"enemies":"Awakened One","floor":50,"turns":6},{"damage":41,"enemies":"Time Eater","floor":51,"turns":9}],"seed_played":"3648971197951023206","potions_obtained":[{"floor":7.0,"key":"Strength Potion"},{"floor":10.0,"key":"Ancient Potion"},{"floor":13.0,"key":"Energy Potion"},{"floor":14.0,"key":"Block Potion"},{"floor":23,"key":"Dexterity Potion"},{"floor":27,"key":"GamblersBrew"},{"floor":30,"key":"Energy Potion"},{"floor":36,"key":"Energy Potion"},{"floor":44,"key":"SpeedPotion"},{"floor":48,"key":"Block Potion"}],"is_trial":false,"path_per_floor":["M","$","?","M","?","R","M","$","T","M","E","R","E","M","R","B",null,"M","M","$","?","?","E","R","?","T","M","M","R","E","?","R","B",null,"M","M","M","?","M","R","E","M","T","E","$","R","?","M","R","B","B",null],"character_chosen":"THE_SILENT","items_purchased":["Acrobatics","Impatience","Membership Card","Grand Finale","Thread and Needle","Finesse"],"campfire_rested":0,"item_purchase_floors":[2,20,45,45,45,45],"current_hp_per_floor":[59,59,59,56,56,56,56,56,70,70,41,41,25,25,25,25,62,61,59,59,59,59,9,9,9,9,9,9,9,9,9,9,9,58,58,58,46,46,42,42,25,28,28,32,32,32,32,36,36,40,3],"gold":17,"neow_bonus":"REMOVE_TWO","is_prod":false,"is_daily":false,"chose_seed":false,"campfire_upgraded":6,"win_rate":0,"timestamp":1549170205,"path_taken":["M","$","?","M","?","R","?","?","T","M","E","R","E","M","R","BOSS","M","M","$","?","?","E","R","?","T","M","M","R","E","?","R","BOSS","M","?","M","?","M","R","E","M","T","E","$","R","?","M","R","BOSS","BOSS"],"build_version":"2019-01-23","purchased_purges":3,"victory":true,"max_hp_per_floor":[60,60,60,60,60,60,60,60,74,74,74,74,74,74,74,74,74,74,74,74,74,74,74,74,74,74,74,74,74,74,74,74,74,74,74,74,74,74,74,74,74,74,74,74,74,74,74,74,74,74,74],"card_choices":[{"not_picked":["Bane","Dagger Spray","Dagger Throw"],"picked":"SKIP","floor":1.0},{"not_picked":["Dagger Spray","Infinite Blades"],"picked":"Deadly Poison","floor":4.0},{"not_picked":["Bouncing Flask","Distraction"],"picked":"Backflip","floor":7.0},{"not_picked":["Slice","Blade Dance","Dodge and Roll"],"picked":"SKIP","floor":10.0},{"not_picked":["Flying Knee","Blade Dance","Distraction"],"picked":"SKIP","floor":11.0},{"not_picked":["Terror","Flying Knee"],"picked":"Footwork","floor":13.0},{"not_picked":["Phantasmal Killer","Sucker Punch"],"picked":"Well Laid Plans","floor":14.0},{"not_picked":["Setup+1","Slice","Infinite Blades"],"picked":"SKIP","floor":18},{"not_picked":["Prepared","Cloak And Dagger+1"],"picked":"Calculated Gamble","floor":19},{"not_picked":["Acrobatics","Crippling Poison"],"picked":"Flechettes","floor":23},{"not_picked":["Eviscerate","Caltrops","Dodge and Roll"],"picked":"SKIP","floor":27},{"not_picked":["Deflect","Riddle With Holes","Catalyst"],"picked":"SKIP","floor":28},{"not_picked":["Deadly Poison+1","Escape Plan","Sucker Punch"],"picked":"SKIP","floor":30},{"not_picked":["Noxious Fumes+1","Poisoned Stab","Prepared"],"picked":"SKIP","floor":35},{"not_picked":["Expertise+1","Footwork","Slice"],"picked":"SKIP","floor":36},{"not_picked":["Eviscerate","Deflect","Cloak And Dagger"],"picked":"SKIP","floor":37},{"not_picked":["Escape Plan","All Out Attack","Dash"],"picked":"SKIP","floor":39},{"not_picked":["Acrobatics","Slice","Burst"],"picked":"SKIP","floor":41},{"not_picked":["Deflect+1","Dagger Throw","Underhanded Strike"],"picked":"SKIP","floor":42},{"not_picked":["Predator","Bane","Die Die Die"],"picked":"SKIP","floor":44},{"not_picked":["Accuracy","Poisoned Stab","PiercingWail"],"picked":"SKIP","floor":48}],"player_experience":1409182,"relics_obtained":[{"floor":9.0,"key":"Mango"},{"floor":11.0,"key":"Mercury Hourglass"},{"floor":13.0,"key":"The Courier"},{"floor":23,"key":"War Paint"},{"floor":26,"key":"Du-Vu Doll"},{"floor":30,"key":"Calipers"},{"floor":38,"key":"Girya"},{"floor":41,"key":"Bird Faced Urn"},{"floor":43,"key":"Mummified Hand"},{"floor":44,"key":"Bag of Marbles"}],"event_choices":[{"damage_healed":0.0,"max_hp_gain":0.0,"max_hp_loss":0.0,"gold_gain":0.0,"event_name":"Liars Game","player_choice":"Ignored","floor":3.0,"gold_loss":0.0,"damage_taken":0.0},{"damage_healed":0.0,"max_hp_gain":0.0,"max_hp_loss":0.0,"gold_gain":0.0,"event_name":"Accursed Blacksmith","player_choice":"Forge","floor":5.0,"gold_loss":0.0,"damage_taken":0.0,"cards_upgraded":["Deadly Poison"]},{"damage_healed":0,"gold_gain":0,"player_choice":"Ignored","damage_taken":0,"max_hp_gain":0,"max_hp_loss":0,"event_name":"Vampires","floor":21,"gold_loss":0},{"damage_healed":0,"gold_gain":0,"player_choice":"Ignored","damage_taken":0,"max_hp_gain":0,"max_hp_loss":0,"event_name":"The Mausoleum","floor":22,"gold_loss":0},{"damage_healed":0,"gold_gain":50,"player_choice":"Stole From Cult","damage_taken":0,"max_hp_gain":0,"max_hp_loss":0,"event_name":"Nest","floor":25,"gold_loss":0},{"damage_healed":0,"gold_gain":0,"player_choice":"Ignored","damage_taken":0,"max_hp_gain":0,"max_hp_loss":0,"event_name":"N\u0027loth","floor":31,"gold_loss":0},{"damage_healed":0,"gold_gain":0,"player_choice":"Fight","damage_taken":0,"max_hp_gain":0,"max_hp_loss":0,"event_name":"MindBloom","floor":38,"gold_loss":0},{"damage_healed":0,"gold_gain":0,"player_choice":"Paid","damage_taken":0,"relics_obtained":["Red Mask"],"max_hp_gain":0,"max_hp_loss":0,"event_name":"Tomb of Lord Red Mask","floor":47,"gold_loss":2}],"is_beta":true,"boss_relics":[{"not_picked":["Runic Dome","Lizard Tail"],"picked":"Coffee Dripper"},{"not_picked":["HoveringKite","Velvet Choker"],"picked":"Philosopher\u0027s Stone"}],"items_purged_floors":[8,20,45],"is_endless":false,"potions_floor_spawned":[7,10,13,14,23,27,30,36,44,48],"ascension_level":20}