{"gold_per_floor":[118,44,44,44,55,55,89,89,89,122,138,118,186,206,206,278,278,289,8,8,8],"floor_reached":21,"playtime":495,"items_purged":["Strike_G"],"score":424,"play_id":"d741cac6-1b09-4884-a17b-3725fe239876","local_time":"20190728182521","is_ascension_mode":true,"campfire_choices":[{"data":"All Out Attack","floor":6.0,"key":"SMITH"},{"data":"Deadly Poison","floor":8.0,"key":"SMITH"},{"data":"Noxious Fumes","floor":15.0,"key":"SMITH"}],"neow_cost":"NONE","seed_source_timestamp":91476506930800,"circlet_count":0,"master_deck":["AscendersBane","Strike_G","Strike_G","Strike_G","Strike_G","Defend_G","Defend_G","Defend_G+1","Defend_G","Defend_G+1","Survivor","Neutralize","Well Laid Plans","Neutralize","All Out Attack+1","Deadly Poison+1","Footwork","Noxious Fumes+1","Flash of Steel"],"special_seed":0,"relics":["Ring of the Snake","NeowsBlessing","War Paint","The Courier","Bottled Tornado","Shuriken","Frozen Egg 2","Philosopher\u0027s Stone","Lantern"],"potions_floor_usage":[21],"damage_taken":[{"damage":0.0,"enemies":"Jaw Worm","floor":1.0,"turns":1.0},{"damage":0.0,"enemies":"2 Louse","floor":5.0,"turns":1.0},{"damage":0.0,"enemies":"Gremlin Nob","floor":7.0,"turns":1.0},{"damage":13.0,"enemies":"3 Sentries","floor":10.0,"turns":10.0},{"damage":0.0,"enemies":"Cultist","floor":11.0,"turns":3.0},{"damage":1.0,"enemies":"Exordium Thugs","floor":12.0,"turns":4.0},{"damage":0.0,"enemies":"Gremlin Gang","floor":14.0,"turns":3.0},{"damage":9.0,"enemies":"Slime Boss","floor":16.0,"turns":7.0},{"damage":13.0,"enemies":"Shell Parasite","floor":18.0,"turns":6.0},{"damage":10,"enemies":"3 Byrds","floor":21,"turns":2}],"seed_played":"1945526433626973642","potions_obtained":[{"floor":7.0,"key":"SteroidPotion"},{"floor":10.0,"key":"Swift Potion"},{"floor":12.0,"key":"Fire Potion"},{"floor":18.0,"key":"SteroidPotion"}],"is_trial":false,"path_per_floor":["M","$","?","?","M","R","E","R","T","E","M","M","T","M","R","B",null,"M","$","?","M"],"character_chosen":"THE_SILENT","items_purchased":["Well Laid Plans","Flash of Steel","Lantern"],"campfire_rested":0,"item_purchase_floors":[2,19,19],"current_hp_per_floor":[59,59,54,54,54,54,54,54,54,41,41,40,40,40,40,31,57,44,44,32,22],"gold":8,"neow_bonus":"THREE_ENEMY_KILL","is_prod":false,"is_daily":false,"chose_seed":false,"campfire_upgraded":3,"win_rate":0,"timestamp":1564309521,"path_taken":["M","$","?","?","?","R","E","R","T","E","M","M","?","?","R","BOSS","M","$","?","M"],"build_version":"2019-07-17","purchased_purges":1,"victory":false,"max_hp_per_floor":[66,66,66,66,66,66,66,66,66,66,66,66,66,66,66,66,66,66,66,66,66],"card_choices":[{"not_picked":["Deflect","Flying Knee","Sucker Punch"],"picked":"SKIP","floor":1.0},{"not_picked":["Heel Hook","Distraction"],"picked":"All Out Attack","floor":5.0},{"not_picked":["Masterful Stab","Dagger Throw"],"picked":"Deadly Poison","floor":7.0},{"not_picked":["Outmaneuver","Prepared"],"picked":"Footwork","floor":10.0},{"not_picked":["Reflex","Expertise","Flying Knee"],"picked":"SKIP","floor":11.0},{"not_picked":["Terror","Dagger Spray"],"picked":"Noxious Fumes","floor":12.0},{"not_picked":["PiercingWail","Envenom+1","Poisoned Stab"],"picked":"SKIP","floor":14.0},{"not_picked":["Footwork+1","Predator","Endless Agony"],"picked":"SKIP","floor":18.0}],"player_experience":690564,"relics_obtained":[{"floor":7.0,"key":"The Courier"},{"floor":9.0,"key":"Bottled Tornado"},{"floor":10.0,"key":"Shuriken"},{"floor":13.0,"key":"Frozen Egg 2"}],"event_choices":[{"damage_healed":0.0,"max_hp_gain":0.0,"max_hp_loss":0.0,"gold_gain":0.0,"event_name":"Scrap Ooze","player_choice":"Success","floor":3.0,"gold_loss":0.0,"damage_taken":5.0,"relics_obtained":["War Paint"]},{"damage_healed":0.0,"max_hp_gain":0.0,"max_hp_loss":0.0,"gold_gain":0.0,"event_name":"Match and Keep!","player_choice":"1 cards matched","floor":4.0,"gold_loss":0.0,"damage_taken":0.0,"cards_obtained":["Neutralize"]},{"damage_healed":0.0,"max_hp_gain":0.0,"max_hp_loss":0.0,"gold_gain":0.0,"event_name":"Knowing Skull","player_choice":"POTION ","floor":20.0,"potions_obtained":["PowerPotion"],"gold_loss":0.0,"damage_taken":12.0,"cards_obtained":[]}],"is_beta":false,"boss_relics":[{"not_picked":["Fusion Hammer","WristBlade"],"picked":"Philosopher\u0027s Stone"}],"items_purged_floors":[19],"is_endless":false,"potions_floor_spawned":[7,10,12,18],"killed_by":"3 Byrds","ascension_level":20}