{"gold_per_floor":[111,130,130,130,140,140,156,156,156,189,25,25,40,55,55,146,146,165,165,90,365,385,385,72,89,139,174,49,62,74,89,89,167,167,167],"floor_reached":35,"playtime":842,"items_purged":["Strike_G","Regret","Defend_G"],"score":758,"play_id":"aafe0b77-e1ac-4313-801d-df2e74df15af","local_time":"20190801045855","is_ascension_mode":true,"campfire_choices":[{"data":"Deadly Poison","floor":6.0,"key":"SMITH"},{"data":"Neutralize","floor":8.0,"key":"SMITH"},{"data":"Flechettes","floor":15.0,"key":"SMITH"},{"floor":23.0,"key":"RECALL"},{"floor":32.0,"key":"REST"}],"neow_cost":"NONE","seed_source_timestamp":297024700786477,"circlet_count":0,"master_deck":["AscendersBane","Defend_G","Defend_G","Defend_G","Defend_G","Survivor","Neutralize+1","Infinite Blades","Backstab","Deadly Poison+1","Flechettes+1","Finisher+1","Leg Sweep+1","Terror+1","Heel Hook","Heel Hook","After Image"],"special_seed":0,"relics":["Ring of the Snake","NeowsBlessing","Bag of Marbles","Letter Opener","Bloody Idol","Astrolabe","Medical Kit","Pen Nib","Anchor","Black Star"],"potions_floor_usage":[33,33],"damage_taken":[{"damage":0.0,"enemies":"Small Slimes","floor":1.0,"turns":1.0},{"damage":0.0,"enemies":"Cultist","floor":2.0,"turns":1.0},{"damage":0.0,"enemies":"Jaw Worm","floor":5.0,"turns":1.0},{"damage":0.0,"enemies":"3 Louse","floor":7.0,"turns":4.0},{"damage":22.0,"enemies":"Gremlin Nob","floor":10.0,"turns":4.0},{"damage":0.0,"enemies":"2 Fungi Beasts","floor":13.0,"turns":2.0},{"damage":0.0,"enemies":"Red Slaver","floor":14.0,"turns":1.0},{"damage":20.0,"enemies":"Hexaghost","floor":16.0,"turns":8.0},{"damage":1.0,"enemies":"3 Byrds","floor":18.0,"turns":6.0},{"damage":2.0,"enemies":"Spheric Guardian","floor":22.0,"turns":5.0},{"damage":0.0,"enemies":"Centurion and Healer","floor":25.0,"turns":8.0},{"damage":32.0,"enemies":"Slavers","floor":27.0,"turns":8.0},{"damage":10.0,"enemies":"3 Cultists","floor":29.0,"turns":6.0},{"damage":3.0,"enemies":"Snake Plant","floor":30.0,"turns":3.0},{"damage":8.0,"enemies":"Snecko","floor":31.0,"turns":3.0},{"damage":18,"enemies":"Champ","floor":33,"turns":8},{"damage":60,"enemies":"3 Darklings","floor":35,"turns":4}],"seed_played":"-436641539828753938","potions_obtained":[{"floor":2.0,"key":"Ancient Potion"},{"floor":5.0,"key":"FearPotion"},{"floor":10.0,"key":"Strength Potion"},{"floor":25.0,"key":"AttackPotion"},{"floor":29.0,"key":"Block Potion"},{"floor":31.0,"key":"GamblersBrew"}],"is_trial":false,"path_per_floor":["M","M","?","?","M","R","M","R","T","E","$","?","M","M","R","B",null,"M","?","?","?","M","R","$","M","T","E","$","M","M","M","R","B",null,"M"],"character_chosen":"THE_SILENT","items_purchased":["Flechettes","Medical Kit"],"campfire_rested":1,"item_purchase_floors":[11,24],"current_hp_per_floor":[59,59,64,54,54,54,54,54,54,32,32,32,32,32,32,12,51,50,50,50,55,58,58,58,63,64,37,37,32,34,31,50,37,57,0],"gold":167,"neow_bonus":"THREE_ENEMY_KILL","is_prod":false,"is_daily":false,"chose_seed":false,"campfire_upgraded":3,"win_rate":0,"timestamp":1564603135,"path_taken":["M","M","?","?","?","R","M","R","T","E","$","?","M","M","R","BOSS","M","?","?","?","M","R","$","M","T","E","$","M","M","?","R","BOSS","M"],"build_version":"2019-07-17","purchased_purges":3,"victory":false,"max_hp_per_floor":[66,66,71,71,71,71,71,71,71,71,71,64,64,64,64,64,64,64,64,64,64,64,64,64,64,64,64,64,64,64,64,64,64,64,64],"card_choices":[{"not_picked":["Prepared","Slice","Infinite Blades"],"picked":"SKIP","floor":1.0},{"not_picked":["Prepared","Slice"],"picked":"Infinite Blades","floor":1.0},{"not_picked":["Bane","Endless Agony"],"picked":"Backstab","floor":2.0},{"not_picked":["Dagger Throw","Backflip"],"picked":"Deadly Poison","floor":5.0},{"not_picked":["Backflip","Quick Slash","Slice"],"picked":"SKIP","floor":7.0},{"not_picked":["Flying Knee","Dagger Spray","Skewer"],"picked":"SKIP","floor":10.0},{"not_picked":["Blur","Deflect","Underhanded Strike"],"picked":"SKIP","floor":13.0},{"not_picked":["Infinite Blades","Bouncing Flask","Eviscerate"],"picked":"SKIP","floor":14.0},{"not_picked":["Distraction","Backflip","Skewer"],"picked":"SKIP","floor":18.0},{"not_picked":["Expertise","Quick Slash","Slice"],"picked":"SKIP","floor":22.0},{"not_picked":["Outmaneuver+1","Dagger Spray","Bane"],"picked":"SKIP","floor":25.0},{"not_picked":["Glass Knife","Cloak And Dagger","Flying Knee"],"picked":"SKIP","floor":27.0},{"not_picked":["Accuracy","Dodge and Roll+1","Underhanded Strike"],"picked":"SKIP","floor":29.0},{"not_picked":["Quick Slash","Dagger Throw","Heel Hook"],"picked":"SKIP","floor":30.0},{"not_picked":["Quick Slash","Dagger Throw"],"picked":"Heel Hook","floor":30.0},{"not_picked":["Underhanded Strike","Dodge and Roll"],"picked":"Heel Hook","floor":31.0},{"not_picked":["Doppelganger","Phantasmal Killer"],"picked":"After Image","floor":33}],"player_experience":716364,"relics_obtained":[{"floor":9.0,"key":"Bag of Marbles"},{"floor":10.0,"key":"Letter Opener"},{"floor":26.0,"key":"Pen Nib"},{"floor":27.0,"key":"Anchor"}],"event_choices":[{"damage_healed":0.0,"max_hp_gain":5.0,"max_hp_loss":0.0,"gold_gain":0.0,"event_name":"Big Fish","player_choice":"Donut","floor":3.0,"gold_loss":0.0,"damage_taken":0.0},{"damage_healed":0.0,"max_hp_gain":0.0,"max_hp_loss":0.0,"gold_gain":0.0,"event_name":"Wheel of Change","player_choice":"Damaged","floor":4.0,"gold_loss":0.0,"damage_taken":10.0},{"damage_healed":0.0,"max_hp_gain":0.0,"max_hp_loss":7.0,"gold_gain":0.0,"event_name":"Golden Idol","player_choice":"Lose Max HP","floor":12.0,"gold_loss":0.0,"damage_taken":0.0,"relics_obtained":["Golden Idol"]},{"damage_healed":0.0,"max_hp_gain":0.0,"max_hp_loss":0.0,"gold_gain":0.0,"event_name":"Forgotten Altar","player_choice":"Gave Idol","floor":19.0,"relics_lost":["Golden Idol"],"gold_loss":0.0,"damage_taken":0.0,"relics_obtained":["Bloody Idol"]},{"cards_removed":["Strike_G"],"damage_healed":0.0,"max_hp_gain":0.0,"max_hp_loss":0.0,"gold_gain":0.0,"event_name":"Beggar","player_choice":"Gave Gold","floor":20.0,"gold_loss":75.0,"damage_taken":0.0},{"damage_healed":0.0,"max_hp_gain":0.0,"max_hp_loss":0.0,"gold_gain":275.0,"event_name":"Golden Shrine","player_choice":"Desecrate","floor":21.0,"gold_loss":0.0,"damage_taken":0.0,"cards_obtained":["Regret"]}],"is_beta":false,"boss_relics":[{"not_picked":["Snecko Eye","Cursed Key"],"picked":"Astrolabe"},{"not_picked":["Eternal Feather","Ring of the Serpent"],"picked":"Black Star"}],"items_purged_floors":[11,24,28],"is_endless":false,"potions_floor_spawned":[2,5,10,25,29,31],"killed_by":"3 Darklings","ascension_level":20}