{"gold_per_floor":[16,32,107,64,64,64,102,102,180,195,209,50,50,50,50,50],"floor_reached":16,"playtime":382,"items_purged":[],"score":200,"play_id":"f7f5842a-e13a-44f8-b458-d39d2964802a","local_time":"20190227175519","is_ascension_mode":true,"campfire_choices":[{"data":"Zap","floor":6,"key":"SMITH"},{"data":"Dualcast","floor":8,"key":"SMITH"},{"floor":15,"key":"REST"}],"neow_cost":"NO_GOLD","seed_source_timestamp":856827641393738,"circlet_count":0,"master_deck":["AscendersBane","Strike_B","Strike_B","Defend_B","Defend_B","Defend_B","Defend_B","Zap+1","Dualcast+1","Cold Snap","FTL","Capacitor","Recycle","Cold Snap","Self Repair","Compile Driver"],"relics":["Cracked Core","Golden Idol","Bottled Tornado","Singing Bowl","Oddly Smooth Stone"],"potions_floor_usage":[14],"damage_taken":[{"damage":6,"enemies":"Small Slimes","floor":1,"turns":4},{"damage":2,"enemies":"Jaw Worm","floor":2,"turns":3},{"damage":31,"enemies":"Lagavulin","floor":7,"turns":9},{"damage":1,"enemies":"2 Louse","floor":10,"turns":2},{"damage":10,"enemies":"Large Slime","floor":11,"turns":6},{"damage":0,"enemies":"Red Slaver","floor":14,"turns":1},{"damage":32,"enemies":"Slime Boss","floor":16,"turns":5}],"seed_played":"-964190989257933610","potions_obtained":[{"floor":2,"key":"SmokeBomb"},{"floor":10,"key":"Energy Potion"}],"is_trial":false,"path_per_floor":["M","M","?","$","?","R","E","R","T","M","M","$","?","M","R","B"],"character_chosen":"DEFECT","items_purchased":["Capacitor","Cold Snap","Self Repair","Compile Driver"],"campfire_rested":1,"item_purchase_floors":[4,12,12,12],"current_hp_per_floor":[58,56,45,45,45,45,14,14,14,15,7,7,2,9,29,0],"gold":50,"neow_bonus":"REMOVE_TWO","is_prod":false,"is_daily":false,"chose_seed":false,"campfire_upgraded":2,"win_rate":0,"timestamp":1551261319,"path_taken":["M","M","?","$","?","R","E","R","T","M","M","?","?","M","R","BOSS"],"build_version":"2019-01-23","purchased_purges":0,"victory":false,"max_hp_per_floor":[71,71,71,71,64,64,64,64,64,66,68,68,68,68,68,68],"card_choices":[{"not_picked":["Steam","Go for the Eyes"],"picked":"Cold Snap","floor":1},{"not_picked":["Heatsinks","Leap"],"picked":"FTL","floor":2},{"not_picked":["Streamline","Chill"],"picked":"Recycle","floor":7},{"not_picked":["Steam","Stack","FTL"],"picked":"Singing Bowl","floor":10},{"not_picked":["Amplify","Stack","Rebound"],"picked":"Singing Bowl","floor":11}],"player_experience":1029435,"relics_obtained":[{"floor":7,"key":"Bottled Tornado"},{"floor":9,"key":"Singing Bowl"}],"event_choices":[{"damage_healed":0,"gold_gain":75,"player_choice":"Gather Gold","damage_taken":11,"max_hp_gain":0,"max_hp_loss":0,"event_name":"World of Goop","floor":3,"gold_loss":0},{"damage_healed":0,"gold_gain":0,"player_choice":"Lose Max HP","damage_taken":0,"relics_obtained":["Golden Idol"],"max_hp_gain":0,"max_hp_loss":7,"event_name":"Golden Idol","floor":5,"gold_loss":0},{"damage_healed":0,"gold_gain":0,"player_choice":"Success","damage_taken":5,"relics_obtained":["Oddly Smooth Stone"],"max_hp_gain":0,"max_hp_loss":0,"event_name":"Scrap Ooze","floor":13,"gold_loss":0}],"is_beta":false,"boss_relics":[],"items_purged_floors":[],"is_endless":false,"potions_floor_spawned":[2,10,14],"killed_by":"Slime Boss","ascension_level":20}