{"gold_per_floor":[112,112,130,48,59,59,87,97,147,172,187,187,217,217,217,314,314,325,240,340,13,29,29,62,77,77,107,38,38,68,83,83,178,178,189,189,139,158,258,258,258,258,258,277,296,93,93,107,107,107],"floor_reached":51,"playtime":3797,"items_purged":["Defend_G+1","Strike_G+1"],"score":763,"play_id":"658671eb-3555-469a-961c-dd88c30287e2","local_time":"20190802225222","is_ascension_mode":true,"campfire_choices":[{"data":"Dagger Throw","floor":6,"key":"SMITH"},{"data":"Terror","floor":12,"key":"SMITH"},{"data":"Leg Sweep","floor":15,"key":"SMITH"},{"data":"Wraith Form v2","floor":23,"key":"SMITH"},{"floor":32,"key":"REST"},{"data":"Panacea","floor":47,"key":"SMITH"},{"data":"Transmutation","floor":49,"key":"PURGE"}],"neow_cost":"NONE","seed_source_timestamp":2057696993191798,"circlet_count":0,"master_deck":["Strike_G+1","Strike_G+1","Strike_G+1","Defend_G+1","Defend_G+1","Defend_G+1","Defend_G+1","Survivor","Neutralize+1","Dagger Throw+1","Terror+1","Leg Sweep+1","Underhanded Strike","Infinite Blades","Sucker Punch","PiercingWail","Backstab","Wraith Form v2+1","Acrobatics","Well Laid Plans+1","Acrobatics","Backstab+1","Leg Sweep","Eviscerate+1","Eviscerate+1","Reflex","Dash","Burst","Reflex","Caltrops+1","Underhanded Strike","Distraction","Underhanded Strike+1","PiercingWail+1","Deadly Poison+1","Panacea+1","Noxious Fumes+1","Reflex+1"],"relics":["Ring of the Snake","Bottled Lightning","Centennial Puzzle","Paper Crane","HoveringKite","Smiling Mask","Frozen Egg 2","Orichalcum","Dream Catcher","Bag of Preparation","Bottled Tornado","Orrery","Du-Vu Doll","Darkstone Periapt","Peace Pipe"],"potions_floor_usage":[11,33,39,40,45,50,50],"damage_taken":[{"damage":0,"enemies":"Small Slimes","floor":1,"turns":3},{"damage":0,"enemies":"Cultist","floor":3,"turns":3},{"damage":3,"enemies":"Jaw Worm","floor":5,"turns":3},{"damage":8,"enemies":"Lagavulin","floor":7,"turns":9},{"damage":6,"enemies":"Blue Slaver","floor":8,"turns":4},{"damage":5,"enemies":"Gremlin Nob","floor":10,"turns":4},{"damage":4,"enemies":"Gremlin Gang","floor":11,"turns":4},{"damage":10,"enemies":"3 Sentries","floor":13,"turns":10},{"damage":7,"enemies":"Hexaghost","floor":16,"turns":10},{"damage":1,"enemies":"Chosen","floor":18,"turns":4},{"damage":8,"enemies":"Shell Parasite","floor":22,"turns":4},{"damage":19,"enemies":"Gremlin Leader","floor":24,"turns":5},{"damage":0,"enemies":"Snake Plant","floor":25,"turns":3},{"damage":17,"enemies":"Slavers","floor":27,"turns":8},{"damage":2,"enemies":"Book of Stabbing","floor":30,"turns":3},{"damage":0,"enemies":"Shelled Parasite and Fungi","floor":31,"turns":3},{"damage":31,"enemies":"Champ","floor":33,"turns":12},{"damage":0,"enemies":"Orb Walker","floor":35,"turns":2},{"damage":20,"enemies":"3 Shapes","floor":38,"turns":4},{"damage":0,"enemies":"Mind Bloom Boss Battle","floor":39,"turns":1},{"damage":0,"enemies":"Reptomancer","floor":40,"turns":2},{"damage":0,"enemies":"Jaw Worm Horde","floor":44,"turns":4},{"damage":2,"enemies":"Writhing Mass","floor":45,"turns":6},{"damage":1,"enemies":"3 Darklings","floor":48,"turns":5},{"damage":39,"enemies":"Donu and Deca","floor":50,"turns":11}],"seed_played":"-1029101755260041991","potions_obtained":[{"floor":3,"key":"Explosive Potion"},{"floor":5,"key":"Ancient Potion"},{"floor":8,"key":"FearPotion"},{"floor":16,"key":"SmokeBomb"},{"floor":24,"key":"Ancient Potion"},{"floor":35,"key":"AttackPotion"},{"floor":44,"key":"GhostInAJar"},{"floor":45,"key":"Explosive Potion"}],"is_trial":false,"path_per_floor":["M","?","M","$","M","R","E","M","T","E","M","R","E","?","R","B",null,"M","?","?","$","M","R","E","M","T","E","$","?","E","M","R","B",null,"M","?","$","M","?","E","?","T","T","M","M","$","R","M","R","B",null],"character_chosen":"THE_SILENT","items_purchased":["Leg Sweep","Frozen Egg 2","Well Laid Plans+1","Acrobatics","Reflex","Panacea","Noxious Fumes+1"],"campfire_rested":1,"item_purchase_floors":[4,21,21,21,28,46,46],"current_hp_per_floor":[70,70,70,70,67,67,59,53,53,48,44,44,34,39,39,32,75,74,74,74,74,66,66,47,47,47,30,30,30,28,28,50,19,75,75,65,65,45,45,45,45,45,45,45,43,43,43,42,42,3],"gold":107,"neow_bonus":"UPGRADE_CARD","is_prod":false,"is_daily":false,"chose_seed":false,"campfire_upgraded":5,"win_rate":0,"timestamp":1564775542,"path_taken":["M","?","?","$","M","R","E","M","T","E","M","R","E","?","R","BOSS","M","?","?","$","?","R","E","M","T","E","$","?","E","M","R","BOSS","M","?","$","M","?","E","?","?","T","M","M","$","R","M","R","BOSS"],"build_version":"2019-07-17","purchased_purges":2,"victory":true,"max_hp_per_floor":[70,70,70,70,70,70,70,70,70,70,70,70,70,75,75,75,75,75,75,75,75,75,75,75,75,75,75,75,75,75,75,75,75,75,75,75,75,75,75,75,75,75,75,75,75,75,75,75,75,75],"card_choices":[{"not_picked":["Deadly Poison","Poisoned Stab"],"picked":"Dagger Throw","floor":1},{"not_picked":["Blur","Accuracy"],"picked":"Terror","floor":3},{"not_picked":["Dagger Throw","Poisoned Stab"],"picked":"Underhanded Strike","floor":5},{"not_picked":["Dagger Throw","Deadly Poison"],"picked":"Infinite Blades","floor":7},{"not_picked":["Dagger Throw","Slice","Underhanded Strike"],"picked":"SKIP","floor":8},{"not_picked":["Deflect","Night Terror"],"picked":"Sucker Punch","floor":10},{"not_picked":["Eviscerate","Dagger Throw"],"picked":"PiercingWail","floor":11},{"not_picked":["Bane","Skewer"],"picked":"Backstab","floor":13},{"not_picked":["Night Terror","Unload"],"picked":"Wraith Form v2","floor":16},{"not_picked":["Dagger Throw","PiercingWail"],"picked":"Acrobatics","floor":18},{"not_picked":["Well Laid Plans+1","Bouncing Flask+1"],"picked":"Backstab+1","floor":22},{"not_picked":["Doppelganger","Distraction"],"picked":"Leg Sweep","floor":24},{"not_picked":["Backflip+1","Prepared+1"],"picked":"Eviscerate+1","floor":25},{"not_picked":["Dash+1","Acrobatics+1"],"picked":"Eviscerate+1","floor":27},{"not_picked":["Slice","Flying Knee"],"picked":"Dash","floor":30},{"not_picked":["Dash","Slice","Masterful Stab+1"],"picked":"SKIP","floor":31},{"not_picked":["Adrenaline","Malaise"],"picked":"Burst","floor":33},{"not_picked":["Dagger Spray+1","Choke"],"picked":"Reflex","floor":34},{"not_picked":["Poisoned Stab","Dash"],"picked":"Caltrops+1","floor":34},{"not_picked":["PiercingWail","Acrobatics"],"picked":"Underhanded Strike","floor":34},{"not_picked":["Bane","Well Laid Plans+1"],"picked":"Distraction","floor":35},{"not_picked":["Magnetism+1","Panache+1"],"picked":"Transmutation","floor":36},{"not_picked":["Leg Sweep+1","Quick Slash","Endless Agony+1"],"picked":"SKIP","floor":38},{"not_picked":["Flying Knee","Outmaneuver"],"picked":"Underhanded Strike+1","floor":39},{"not_picked":["Blade Dance","Dagger Throw"],"picked":"PiercingWail+1","floor":44},{"not_picked":["Dash","Poisoned Stab"],"picked":"Deadly Poison+1","floor":45},{"not_picked":["Blur+1","Slice"],"picked":"Reflex+1","floor":48}],"player_experience":114146,"relics_obtained":[{"floor":7,"key":"Bottled Lightning"},{"floor":10,"key":"Centennial Puzzle"},{"floor":13,"key":"Paper Crane"},{"floor":24,"key":"Orichalcum"},{"floor":26,"key":"Dream Catcher"},{"floor":27,"key":"Bag of Preparation"},{"floor":30,"key":"Bottled Tornado"},{"floor":39,"key":"Du-Vu Doll"},{"floor":42,"key":"Darkstone Periapt"},{"floor":43,"key":"Peace Pipe"}],"event_choices":[{"damage_healed":0,"gold_gain":0,"player_choice":"Bought 0 Potions","damage_taken":0,"max_hp_gain":0,"max_hp_loss":0,"event_name":"The Woman in Blue","floor":2,"gold_loss":0},{"damage_healed":0,"gold_gain":0,"player_choice":"Donut","damage_taken":0,"max_hp_gain":5,"max_hp_loss":0,"event_name":"Big Fish","floor":14,"gold_loss":0},{"damage_healed":0,"gold_gain":0,"player_choice":"Obtained Relic","damage_taken":0,"relics_obtained":["Smiling Mask"],"max_hp_gain":0,"max_hp_loss":0,"event_name":"Addict","floor":19,"gold_loss":85},{"damage_healed":0,"gold_gain":100,"player_choice":"Pray","damage_taken":0,"max_hp_gain":0,"max_hp_loss":0,"event_name":"Golden Shrine","floor":20,"gold_loss":0},{"damage_healed":0,"gold_gain":0,"player_choice":"Simplicity","damage_taken":0,"max_hp_gain":0,"max_hp_loss":0,"event_name":"Back to Basics","floor":29,"gold_loss":0,"cards_upgraded":["Strike_G","Strike_G","Strike_G","Strike_G","Strike_G","Defend_G","Defend_G","Defend_G","Defend_G","Defend_G"]},{"damage_healed":0,"gold_gain":0,"player_choice":"Memory 3","damage_taken":10,"max_hp_gain":0,"max_hp_loss":0,"event_name":"SensoryStone","floor":36,"gold_loss":0},{"damage_healed":0,"gold_gain":0,"player_choice":"Fight","damage_taken":0,"max_hp_gain":0,"max_hp_loss":0,"event_name":"MindBloom","floor":39,"gold_loss":0},{"cards_removed":["Strike_G"],"damage_healed":0,"gold_gain":0,"player_choice":"Removed Attack","damage_taken":0,"max_hp_gain":0,"max_hp_loss":0,"event_name":"Falling","floor":41,"gold_loss":0}],"is_beta":false,"boss_relics":[{"not_picked":["Tiny House","White Beast Statue"],"picked":"HoveringKite"},{"not_picked":["Calling Bell","Velvet Choker"],"picked":"Orrery"}],"items_purged_floors":[37,46],"is_endless":false,"potions_floor_spawned":[3,5,8,10,16,22,24,27,35,44,45],"ascension_level":1}