{"gold_per_floor":[211,224,224,236,161,161,174,174,200,211,236,236,236,250,250,347,347,363,263,274,294,304,304,317,334,388,388,263,263,263,294,294,398,398,418,438,438,458,475,475,475,475,524,524,541,551,551,564,564,564],"floor_reached":51,"playtime":1002,"items_purged":["Pain","Reckless Charge","Dual Wield"],"score":823,"play_id":"672406b8-6d27-4489-ada3-eaf88b8048cb","local_time":"20190630124534","is_ascension_mode":false,"campfire_choices":[{"data":"Searing Blow","floor":6,"key":"SMITH"},{"data":"Searing Blow+1","floor":8,"key":"SMITH"},{"data":"Searing Blow+3","floor":13,"key":"SMITH"},{"data":"Searing Blow+4","floor":15,"key":"SMITH"},{"data":"Searing Blow+5","floor":23,"key":"SMITH"},{"data":"Searing Blow+6","floor":27,"key":"SMITH"},{"data":"Searing Blow+7","floor":29,"key":"SMITH"},{"data":"Searing Blow+8","floor":32,"key":"SMITH"},{"data":"Searing Blow+9","floor":40,"key":"SMITH"},{"data":"Searing Blow+11","floor":42,"key":"SMITH"},{"data":"Searing Blow+12","floor":47,"key":"SMITH"},{"data":"Searing Blow+13","floor":49,"key":"SMITH"}],"neow_cost":"NONE","seed_source_timestamp":2022833901506,"circlet_count":0,"master_deck":["Bash+1","Rampage+1","Searing Blow+14","Warcry+1","Offering+1","Dropkick+1","Fiend Fire+1","Berserk+1","Shrug It Off+1","Pommel Strike+1","Offering+1","Seeing Red+1","Offering+1"],"relics":["Burning Blood","WarpedTongs","Red Skull","Blood Vial","Pandora\u0027s Box","Tiny Chest","Oddly Smooth Stone","Philosopher\u0027s Stone","Mark of the Bloom","Smiling Mask"],"potions_floor_usage":[18,21,50],"damage_taken":[{"damage":7,"enemies":"Small Slimes","floor":1,"turns":4},{"damage":1,"enemies":"Cultist","floor":2,"turns":3},{"damage":10,"enemies":"Jaw Worm","floor":4,"turns":3},{"damage":3,"enemies":"3 Louse","floor":7,"turns":4},{"damage":11,"enemies":"Large Slime","floor":10,"turns":5},{"damage":28,"enemies":"Gremlin Nob","floor":11,"turns":4},{"damage":0,"enemies":"Gremlin Gang","floor":14,"turns":4},{"damage":29,"enemies":"Hexaghost","floor":16,"turns":7},{"damage":19,"enemies":"2 Thieves","floor":18,"turns":2},{"damage":8,"enemies":"Chosen","floor":20,"turns":2},{"damage":0,"enemies":"Shelled Parasite and Fungi","floor":21,"turns":2},{"damage":12,"enemies":"Snake Plant","floor":22,"turns":2},{"damage":12,"enemies":"Chosen and Byrds","floor":24,"turns":2},{"damage":12,"enemies":"Cultist and Chosen","floor":25,"turns":1},{"damage":12,"enemies":"Slavers","floor":31,"turns":1},{"damage":12,"enemies":"Champ","floor":33,"turns":4},{"damage":18,"enemies":"3 Darklings","floor":35,"turns":1},{"damage":12,"enemies":"Orb Walker","floor":36,"turns":1},{"damage":18,"enemies":"Transient","floor":38,"turns":5},{"damage":12,"enemies":"Maw","floor":39,"turns":2},{"damage":6,"enemies":"4 Shapes","floor":45,"turns":2},{"damage":6,"enemies":"3 Darklings","floor":46,"turns":2},{"damage":12,"enemies":"Jaw Worm Horde","floor":48,"turns":1},{"damage":6,"enemies":"Time Eater","floor":50,"turns":1}],"seed_played":"-8438940823548141720","potions_obtained":[{"floor":2,"key":"AttackPotion"},{"floor":4,"key":"Strength Potion"},{"floor":7,"key":"Dexterity Potion"},{"floor":18,"key":"FearPotion"},{"floor":20,"key":"Swift Potion"},{"floor":21,"key":"Explosive Potion"},{"floor":33,"key":"Energy Potion"},{"floor":48,"key":"Energy Potion"}],"is_trial":false,"path_per_floor":["M","M","?","M","$","R","M","R","T","M","E","?","R","M","R","B",null,"M","$","M","M","M","R","M","M","T","R","$","R","?","E","R","B",null,"M","M","?","M","M","R","?","R","T","?","M","M","R","M","R","B",null],"character_chosen":"IRONCLAD","items_purchased":[],"campfire_rested":0,"item_purchase_floors":[],"current_hp_per_floor":[79,80,80,76,76,76,79,79,79,74,52,36,36,44,44,23,80,67,67,67,75,71,71,67,63,63,63,63,63,63,59,59,55,80,68,64,64,54,50,50,50,50,50,50,44,38,38,26,26,20],"gold":564,"neow_bonus":"HUNDRED_GOLD","is_prod":false,"is_daily":false,"chose_seed":false,"campfire_upgraded":12,"win_rate":0,"timestamp":1561869934,"path_taken":["M","M","?","?","$","R","M","R","T","?","E","?","R","M","R","BOSS","M","$","M","M","M","R","M","M","T","R","$","R","?","E","R","BOSS","M","M","?","M","M","R","?","R","T","?","?","M","R","M","R","BOSS"],"build_version":"2019-01-23","purchased_purges":3,"victory":true,"max_hp_per_floor":[80,80,80,80,80,80,80,80,80,80,80,80,80,80,80,80,80,80,80,80,80,80,80,80,80,80,80,80,80,80,80,80,80,80,80,80,80,80,80,80,80,80,80,80,80,80,80,80,80,80],"card_choices":[{"not_picked":["Thunderclap","Evolve"],"picked":"Rampage","floor":1},{"not_picked":["Perfected Strike","Dual Wield","Havoc"],"picked":"SKIP","floor":2},{"not_picked":["Inflame","Shrug It Off"],"picked":"Searing Blow","floor":4},{"not_picked":["Anger","Body Slam","Combust"],"picked":"SKIP","floor":7},{"not_picked":["Armaments","Warcry","Twin Strike"],"picked":"SKIP","floor":10},{"not_picked":["Cleave","Metallicize","Evolve"],"picked":"SKIP","floor":11},{"not_picked":["Fire Breathing","Warcry","Heavy Blade"],"picked":"SKIP","floor":14},{"not_picked":["Evolve","Headbutt","Body Slam"],"picked":"SKIP","floor":18},{"not_picked":["Pommel Strike","Spot Weakness+1","Second Wind"],"picked":"SKIP","floor":20},{"not_picked":["Clash","Headbutt+1"],"picked":"Offering","floor":21},{"not_picked":["Sword Boomerang","Rage","True Grit"],"picked":"SKIP","floor":22},{"not_picked":["Sword Boomerang","Shrug It Off","Twin Strike"],"picked":"SKIP","floor":24},{"not_picked":["Havoc+1","Wild Strike","Flex"],"picked":"SKIP","floor":25},{"not_picked":["Thunderclap","Limit Break","Ghostly Armor+1"],"picked":"SKIP","floor":31},{"not_picked":["Demon Form","Barricade"],"picked":"Offering","floor":33},{"not_picked":["Perfected Strike","Thunderclap+1","Clothesline+1"],"picked":"SKIP","floor":35},{"not_picked":["Clash+1","Clothesline","Armaments+1"],"picked":"SKIP","floor":36},{"not_picked":["Perfected Strike","Corruption","Thunderclap"],"picked":"SKIP","floor":38},{"not_picked":["Sever Soul+1","Uppercut","Sword Boomerang"],"picked":"SKIP","floor":39},{"not_picked":["Limit Break","Iron Wave","Clash+1"],"picked":"SKIP","floor":45},{"not_picked":["True Grit+1","Iron Wave+1","Combust+1"],"picked":"SKIP","floor":46},{"not_picked":["Sword Boomerang","Perfected Strike+1","Infernal Blade+1"],"picked":"SKIP","floor":48}],"player_experience":5587953,"relics_obtained":[{"floor":9,"key":"Red Skull"},{"floor":11,"key":"Blood Vial"},{"floor":26,"key":"Tiny Chest"},{"floor":31,"key":"Oddly Smooth Stone"},{"floor":43,"key":"Smiling Mask"}],"event_choices":[{"damage_healed":0,"gold_gain":0,"player_choice":"Rummage","damage_taken":0,"relics_obtained":["WarpedTongs"],"max_hp_gain":0,"max_hp_loss":0,"event_name":"Accursed Blacksmith","floor":3,"gold_loss":0,"cards_obtained":["Pain"]},{"damage_healed":0,"gold_gain":0,"player_choice":"Entered Light","damage_taken":16,"max_hp_gain":0,"max_hp_loss":0,"event_name":"Shining Light","floor":12,"gold_loss":0,"cards_upgraded":["Strike_R","Searing Blow"]},{"damage_healed":0,"gold_gain":0,"player_choice":"Read","damage_taken":0,"max_hp_gain":0,"max_hp_loss":0,"event_name":"The Library","floor":30,"gold_loss":0,"cards_obtained":["Seeing Red"]},{"damage_healed":0,"gold_gain":0,"player_choice":"Ignored","damage_taken":0,"max_hp_gain":0,"max_hp_loss":0,"event_name":"Tomb of Lord Red Mask","floor":37,"gold_loss":0},{"damage_healed":0,"gold_gain":0,"player_choice":"Upgrade","damage_taken":0,"relics_obtained":["Mark of the Bloom"],"max_hp_gain":0,"max_hp_loss":0,"event_name":"MindBloom","floor":41,"gold_loss":0,"cards_upgraded":["Bash","Rampage","Searing Blow","Warcry","Offering","Dropkick","Fiend Fire","Berserk","Shrug It Off","Pommel Strike","Offering","Seeing Red","Offering"]},{"damage_healed":0,"gold_gain":0,"player_choice":"Ignored","damage_taken":0,"max_hp_gain":0,"max_hp_loss":0,"event_name":"NoteForYourself","floor":44,"gold_loss":0}],"is_beta":false,"boss_relics":[{"not_picked":["Mark of Pain","Empty Cage"],"picked":"Pandora\u0027s Box"},{"not_picked":["Eternal Feather","Velvet Choker"],"picked":"Philosopher\u0027s Stone"}],"items_purged_floors":[5,19,28],"is_endless":false,"potions_floor_spawned":[2,4,7,11,16,18,20,21,24,33,45,48],"ascension_level":0}