{"gold_per_floor":[366,366,379,397,179,179,179,179,227,227,247,66,83,96,96,199,199,212,196,224,234,251,251,281,281,281,19,19,33,33,45,45,145,145,158,56,56,67,87,87,87,87,87,47,47,66,66,77,77,77],"floor_reached":51,"playtime":2023,"items_purged":["Parasite","Strike_G","Defend_G"],"score":664,"play_id":"42d65ae3-7eae-4b26-9c25-a48f0dec8e41","local_time":"20181101125447","is_ascension_mode":false,"campfire_choices":[{"data":"Neutralize","floor":6.0,"key":"SMITH"},{"data":"Backflip","floor":8.0,"key":"SMITH"},{"data":"Survivor","floor":10.0,"key":"SMITH"},{"data":"Glass Knife","floor":15.0,"key":"SMITH"},{"data":"Well Laid Plans","floor":23.0,"key":"SMITH"},{"data":"Defend_G","floor":25.0,"key":"SMITH"},{"data":"Accuracy","floor":28.0,"key":"SMITH"},{"data":"Deadly Poison","floor":32.0,"key":"SMITH"},{"data":"Catalyst","floor":40,"key":"SMITH"},{"data":"Wraith Form v2","floor":42,"key":"SMITH"},{"data":"Well Laid Plans","floor":47,"key":"SMITH"},{"data":"Burst","floor":49,"key":"SMITH"}],"neow_cost":"CURSE","seed_source_timestamp":7152428116232,"circlet_count":0,"master_deck":["Defend_G+1","Defend_G","Strike_G","Strike_G","Survivor+1","Neutralize+1","Infinite Blades","Glass Knife+1","Well Laid Plans+1","After Image","Backflip+1","Accuracy+1","Deadly Poison+1","Wraith Form v2+1","Burst+1","Catalyst+1","Footwork","Accuracy+1","Well Laid Plans+1","Deadly Poison+1"],"special_seed":0,"relics":["Ring of the Snake","Potion Belt","Tingsha","Bronze Scales","Empty Cage","Red Mask","Tiny Chest","Blue Candle","Membership Card","Coffee Dripper","Strawberry"],"potions_floor_usage":[41,46,50],"damage_taken":[{"damage":9.0,"enemies":"Jaw Worm","floor":1.0,"turns":5.0},{"damage":2.0,"enemies":"Small Slimes","floor":3.0,"turns":4.0},{"damage":3.0,"enemies":"2 Louse","floor":4.0,"turns":4.0},{"damage":0.0,"enemies":"2 Fungi Beasts","floor":11.0,"turns":3.0},{"damage":0.0,"enemies":"Exordium Thugs","floor":13.0,"turns":5.0},{"damage":0.0,"enemies":"3 Louse","floor":14.0,"turns":4.0},{"damage":35.0,"enemies":"Slime Boss","floor":16.0,"turns":11.0},{"damage":0.0,"enemies":"Chosen","floor":18.0,"turns":5.0},{"damage":6.0,"enemies":"2 Thieves","floor":19.0,"turns":4.0},{"damage":14.0,"enemies":"Masked Bandits","floor":20.0,"turns":6.0},{"damage":4.0,"enemies":"Snecko","floor":21.0,"turns":5.0},{"damage":1.0,"enemies":"Cultist and Chosen","floor":22.0,"turns":7.0},{"damage":2.0,"enemies":"Snake Plant","floor":29.0,"turns":5.0},{"damage":5.0,"enemies":"Sentry and Sphere","floor":31.0,"turns":6.0},{"damage":21,"enemies":"Champ","floor":33,"turns":16},{"damage":0,"enemies":"Orb Walker","floor":35,"turns":5},{"damage":0,"enemies":"3 Shapes","floor":38,"turns":5},{"damage":0,"enemies":"3 Darklings","floor":39,"turns":7},{"damage":0,"enemies":"Writhing Mass","floor":46,"turns":4},{"damage":0,"enemies":"Transient","floor":48,"turns":5},{"damage":49,"enemies":"Time Eater","floor":50,"turns":6}],"seed_played":"5648201088088505043","potions_obtained":[{"floor":11.0,"key":"Regen Potion"},{"floor":13.0,"key":"SneckoOil"},{"floor":20.0,"key":"Strength Potion"},{"floor":21.0,"key":"Explosive Potion"},{"floor":22.0,"key":"Fire Potion"},{"floor":29.0,"key":"GamblersBrew"},{"floor":35,"key":"Regen Potion"},{"floor":39,"key":"Explosive Potion"},{"floor":41,"key":"Fruit Juice"},{"floor":41,"key":"EssenceOfSteel"}],"is_trial":false,"path_per_floor":["M","?","M","M","$","R","?","R","T","R","M","$","M","M","R","B",null,"M","M","?","M","M","R","?","R","T","$","R","M","?","M","R","B",null,"M","$","?","M","M","R","?","R","T","$","?","M","R","M","R","B"],"character_chosen":"THE_SILENT","items_purchased":["Potion Belt","Well Laid Plans","Membership Card","Accuracy","Deadly Poison","Footwork","Well Laid Plans"],"campfire_rested":0,"item_purchase_floors":[5,12,27,27,27,36,44],"current_hp_per_floor":[61,66,64,61,61,61,49,49,49,49,49,49,49,49,49,14,72,72,66,52,48,47,47,47,47,47,47,47,45,45,40,40,19,72,72,72,72,72,72,72,77,77,84,84,84,84,84,84,84,35],"gold":77,"neow_bonus":"TWO_FIFTY_GOLD","is_prod":false,"is_daily":false,"chose_seed":false,"campfire_upgraded":12,"win_rate":0,"timestamp":1541048087,"path_taken":["M","?","M","M","$","R","?","R","T","R","M","$","M","M","R","BOSS","M","M","?","M","M","R","?","R","T","$","R","M","?","M","R","BOSS","M","$","?","?","M","R","?","R","T","?","?","?","R","M","R","BOSS"],"build_version":"2018-10-25v2","purchased_purges":3,"victory":true,"max_hp_per_floor":[70,75,75,75,72,72,72,72,72,72,72,72,72,72,72,72,72,72,72,72,72,72,72,72,72,72,72,72,72,72,72,72,72,72,72,72,72,72,72,72,77,77,84,84,84,84,84,84,84,84],"card_choices":[{"not_picked":["Dagger Throw","PiercingWail"],"picked":"Backflip","floor":1.0},{"not_picked":["Sucker Punch","Eviscerate","Dodge and Roll"],"picked":"SKIP","floor":3.0},{"not_picked":["PiercingWail","Predator"],"picked":"Infinite Blades","floor":4.0},{"not_picked":["Cloak And Dagger","Outmaneuver"],"picked":"Glass Knife","floor":11.0},{"not_picked":["Expertise","Crippling Poison","Flying Knee"],"picked":"SKIP","floor":13.0},{"not_picked":["Concentrate","Acrobatics","Expertise"],"picked":"SKIP","floor":14.0},{"not_picked":["Concentrate","Acrobatics","Expertise"],"picked":"SKIP","floor":14.0},{"not_picked":["Die Die Die","Tools of the Trade"],"picked":"After Image","floor":16.0},{"not_picked":["Acrobatics","Slice","Expertise"],"picked":"SKIP","floor":18.0},{"not_picked":["Slice","Acrobatics","Dagger Spray"],"picked":"SKIP","floor":19.0},{"not_picked":["Masterful Stab","Backstab+1"],"picked":"Backflip+1","floor":20.0},{"not_picked":["Outmaneuver+1","Heel Hook","Bane+1"],"picked":"SKIP","floor":21.0},{"not_picked":["Acrobatics+1","Dodge and Roll","Flechettes"],"picked":"SKIP","floor":22.0},{"not_picked":["Acrobatics","Masterful Stab"],"picked":"Wraith Form v2","floor":29.0},{"not_picked":["Flying Knee+1","Sucker Punch","Slice"],"picked":"SKIP","floor":31.0},{"not_picked":["Adrenaline","Unload"],"picked":"Burst","floor":33},{"not_picked":["Dagger Throw","Eviscerate+1"],"picked":"Catalyst","floor":35},{"not_picked":["Terror","Endless Agony+1"],"picked":"Accuracy+1","floor":38},{"not_picked":["Deadly Poison","Dash+1","Dodge and Roll"],"picked":"SKIP","floor":39},{"not_picked":["Setup","Outmaneuver"],"picked":"Deadly Poison+1","floor":46},{"not_picked":["Distraction+1","Underhanded Strike+1","PiercingWail"],"picked":"SKIP","floor":48}],"player_experience":800938,"relics_obtained":[{"floor":9.0,"key":"Bronze Scales"},{"floor":20.0,"key":"Red Mask"},{"floor":26.0,"key":"Blue Candle"},{"floor":43,"key":"Strawberry"}],"event_choices":[{"damage_healed":0.0,"max_hp_gain":5.0,"max_hp_loss":0.0,"gold_gain":0.0,"event_name":"Big Fish","player_choice":"Donut","floor":2.0,"gold_loss":0.0,"damage_taken":0.0},{"damage_healed":0.0,"max_hp_gain":0.0,"max_hp_loss":0.0,"gold_gain":0.0,"event_name":"Scrap Ooze","player_choice":"Success","floor":7.0,"gold_loss":0.0,"damage_taken":12.0,"relics_obtained":["Tingsha"]},{"damage_healed":0.0,"max_hp_gain":0.0,"max_hp_loss":0.0,"gold_gain":0.0,"event_name":"Masked Bandits","player_choice":"Fought Bandits","floor":20.0,"gold_loss":0.0,"damage_taken":0.0},{"damage_healed":0.0,"max_hp_gain":0.0,"max_hp_loss":0.0,"gold_gain":0.0,"event_name":"WeMeetAgain","player_choice":"Gave Potion","floor":24.0,"gold_loss":0.0,"damage_taken":0.0,"relics_obtained":["Tiny Chest"]},{"cards_removed":["Strike_G"],"damage_healed":0.0,"max_hp_gain":0.0,"max_hp_loss":0.0,"gold_gain":0.0,"event_name":"Back to Basics","player_choice":"Elegance","floor":30.0,"gold_loss":0.0,"damage_taken":0.0},{"cards_removed":["Backflip"],"damage_healed":0,"gold_gain":0,"player_choice":"Removed Skill","damage_taken":0,"max_hp_gain":0,"max_hp_loss":0,"event_name":"Falling","floor":37,"gold_loss":0},{"damage_healed":0,"gold_gain":0,"player_choice":"Got Potions","damage_taken":0,"max_hp_gain":0,"max_hp_loss":0,"event_name":"The Lab","floor":41,"gold_loss":0},{"cards_removed":["Defend_G"],"damage_healed":0,"gold_gain":0,"player_choice":"Purged","damage_taken":0,"max_hp_gain":0,"max_hp_loss":0,"event_name":"Purifier","floor":45,"gold_loss":0}],"is_beta":false,"boss_relics":[{"not_picked":["Astrolabe","Snecko Eye"],"picked":"Empty Cage"},{"not_picked":["Pandora\u0027s Box","Ring of the Serpent"],"picked":"Coffee Dripper"}],"items_purged_floors":[5,12,36],"is_endless":false,"potions_floor_spawned":[11,13,20,21,22,29,35,39],"ascension_level":0}