{"gold_per_floor":[20,20,20,41,41,41,122,141,167,191,227,241,260,78,78,174,174,187,87,100,100,15,15,40,65,88,111,126,147,185,210,210,303,303,319,383,18,143,476,501,517,546,572,582,582,582,445,770,770,770,770,770,770,163,189,189],"floor_reached":56,"playtime":3780,"items_purged":["Strike_G","Strike_G","Strike_G"],"score":2123,"play_id":"7a4ec295-340d-48a0-a903-c559fdfa7043","local_time":"20190710160319","is_ascension_mode":true,"campfire_choices":[{"data":"Neutralize","floor":6.0,"key":"SMITH"},{"data":"Blade Dance","floor":15.0,"key":"SMITH"},{"data":"Cloak And Dagger","floor":23.0,"key":"SMITH"},{"data":"Well Laid Plans","floor":32.0,"key":"SMITH"},{"floor":49.0,"key":"RECALL"}],"neow_cost":"NO_GOLD","seed_source_timestamp":0,"circlet_count":0,"master_deck":["AscendersBane","Strike_G+1","Defend_G","Defend_G","Defend_G","Defend_G","Defend_G","Survivor","Neutralize+1","PiercingWail","Calculated Gamble","Catalyst","Blade Dance+1","Distraction","Acrobatics","Well Laid Plans+1","Storm of Steel","Cloak And Dagger+1","Concentrate+1","Footwork","Backstab+1","Blur","Adrenaline","Madness","Madness","Catalyst","Terror+1"],"special_seed":0,"relics":["Ring of the Snake","Dead Branch","Pocketwatch","Omamori","Odd Mushroom","Coffee Dripper","Bag of Marbles","Juzu Bracelet","Snake Skull","Fusion Hammer","Tough Bandages","Meat on the Bone","Tingsha","Bottled Lightning","Art of War","Whetstone","Ancient Tea Set","Old Coin","Mummified Hand","Letter Opener"],"potions_floor_usage":[56,56],"damage_taken":[{"damage":4.0,"enemies":"Jaw Worm","floor":1.0,"turns":4.0},{"damage":0.0,"enemies":"Small Slimes","floor":4.0,"turns":3.0},{"damage":25.0,"enemies":"3 Sentries","floor":7.0,"turns":9.0},{"damage":1.0,"enemies":"2 Louse","floor":8.0,"turns":3.0},{"damage":0.0,"enemies":"Large Slime","floor":10.0,"turns":8.0},{"damage":19.0,"enemies":"The Mushroom Lair","floor":11.0,"turns":7.0},{"damage":5.0,"enemies":"Exordium Wildlife","floor":12.0,"turns":6.0},{"damage":0.0,"enemies":"3 Louse","floor":13.0,"turns":4.0},{"damage":12.0,"enemies":"Slime Boss","floor":16.0,"turns":6.0},{"damage":3.0,"enemies":"Spheric Guardian","floor":18.0,"turns":3.0},{"damage":0.0,"enemies":"3 Byrds","floor":20.0,"turns":4.0},{"damage":2.0,"enemies":"Snecko","floor":24.0,"turns":3.0},{"damage":1.0,"enemies":"3 Cultists","floor":25.0,"turns":5.0},{"damage":0.0,"enemies":"Centurion and Healer","floor":27.0,"turns":5.0},{"damage":0.0,"enemies":"Shelled Parasite and Fungi","floor":28.0,"turns":2.0},{"damage":0.0,"enemies":"Snake Plant","floor":29.0,"turns":2.0},{"damage":1.0,"enemies":"Slavers","floor":30.0,"turns":3.0},{"damage":6.0,"enemies":"Centurion and Healer","floor":31.0,"turns":4.0},{"damage":18.0,"enemies":"Collector","floor":33.0,"turns":4.0},{"damage":4.0,"enemies":"3 Shapes","floor":35.0,"turns":8.0},{"damage":18.0,"enemies":"2 Orb Walkers","floor":36.0,"turns":5.0},{"damage":4.0,"enemies":"Mind Bloom Boss Battle","floor":38.0,"turns":6.0},{"damage":0.0,"enemies":"Nemesis","floor":40.0,"turns":2.0},{"damage":0.0,"enemies":"3 Darklings","floor":41.0,"turns":1.0},{"damage":0.0,"enemies":"Reptomancer","floor":42.0,"turns":5.0},{"damage":0.0,"enemies":"Maw","floor":44.0,"turns":5.0},{"damage":0.0,"enemies":"Giant Head","floor":48.0,"turns":4.0},{"damage":24.0,"enemies":"Time Eater","floor":50.0,"turns":10.0},{"damage":6.0,"enemies":"Awakened One","floor":51.0,"turns":14.0},{"damage":0.0,"enemies":"Shield and Spear","floor":55.0,"turns":5.0},{"damage":62,"enemies":"The Heart","floor":56,"turns":9}],"seed_played":"-3148952242046549644","potions_obtained":[{"floor":4.0,"key":"Explosive Potion"},{"floor":8.0,"key":"Explosive Potion"},{"floor":10.0,"key":"Fruit Juice"},{"floor":13.0,"key":"Block Potion"},{"floor":24.0,"key":"Swift Potion"},{"floor":28.0,"key":"Energy Potion"},{"floor":41.0,"key":"SteroidPotion"}],"is_trial":false,"path_per_floor":["M","?","?","M","?","R","?","M","T","M","?","M","M","$","R","B",null,"M","$","M","?","?","R","M","M","T","M","M","M","E","M","R","B",null,"M","?","$","?","?","E","M","E","T","M","?","T","?","E","R","B","B",null,"R","$","E","B"],"character_chosen":"THE_SILENT","items_purchased":["Acrobatics","Well Laid Plans","Meat on the Bone","GhostInAJar","Mummified Hand","SkillPotion","Catalyst","Block Potion"],"campfire_rested":0,"item_purchase_floors":[14,14,37,37,54,54,54,54],"current_hp_per_floor":[55,55,55,55,60,60,35,34,34,34,15,10,15,15,15,3,53,50,50,50,50,50,50,48,47,47,47,47,47,46,40,40,22,58,54,36,36,44,44,44,44,44,44,44,31,31,31,43,43,31,37,62,62,62,62,0],"gold":189,"neow_bonus":"ONE_RARE_RELIC","is_prod":false,"is_daily":false,"chose_seed":false,"campfire_upgraded":4,"win_rate":0,"timestamp":1562745799,"path_taken":["M","?","?","M","?","R","?","?","T","M","?","M","M","$","R","BOSS","M","$","M","?","?","R","M","M","T","M","M","M","E","M","R","BOSS","M","?","$","?","?","E","M","E","T","M","?","?","?","E","R","BOSS","BOSS","R","$","E","BOSS"],"build_version":"2019-07-05","purchased_purges":3,"victory":false,"max_hp_per_floor":[66,60,60,60,65,65,65,65,65,65,65,65,70,70,70,70,70,70,70,70,70,70,70,70,70,70,70,70,70,70,70,70,70,70,70,70,70,70,70,70,70,70,70,70,70,70,70,70,70,70,70,70,70,70,70,70],"card_choices":[{"not_picked":["Deflect","Eviscerate"],"picked":"PiercingWail","floor":1.0},{"not_picked":["Skewer","Dodge and Roll","Finisher"],"picked":"SKIP","floor":4.0},{"not_picked":["Glass Knife","Prepared"],"picked":"Calculated Gamble","floor":8.0},{"not_picked":["Poisoned Stab","Tactician","Riddle With Holes"],"picked":"SKIP","floor":10.0},{"not_picked":["Deadly Poison","Deflect"],"picked":"Catalyst","floor":11.0},{"not_picked":["Quick Slash","Blur"],"picked":"Blade Dance","floor":12.0},{"not_picked":["Slice","Cloak And Dagger"],"picked":"Distraction","floor":13.0},{"not_picked":["Glass Knife","Wraith Form v2"],"picked":"Storm of Steel","floor":16.0},{"not_picked":["Blade Dance","Quick Slash"],"picked":"Cloak And Dagger","floor":18.0},{"not_picked":["Quick Slash+1","Well Laid Plans"],"picked":"Concentrate+1","floor":20.0},{"not_picked":["Underhanded Strike","Backflip"],"picked":"Footwork","floor":24.0},{"not_picked":["Backflip","Malaise","Eviscerate"],"picked":"SKIP","floor":25.0},{"not_picked":["Backflip","Blur"],"picked":"Backstab","floor":27.0},{"not_picked":["Predator","Skewer","Deflect+1"],"picked":"SKIP","floor":28.0},{"not_picked":["Dagger Throw","Bane","Deflect"],"picked":"SKIP","floor":29.0},{"not_picked":["Prepared","Backflip","Sucker Punch"],"picked":"SKIP","floor":30.0},{"not_picked":["Outmaneuver","Infinite Blades","Predator"],"picked":"SKIP","floor":31.0},{"not_picked":["Bane+1","Quick Slash+1"],"picked":"Blur","floor":35.0},{"not_picked":["Calculated Gamble","Dagger Spray"],"picked":"Adrenaline","floor":40.0},{"not_picked":["Bane+1","Deflect","Underhanded Strike"],"picked":"SKIP","floor":41.0},{"not_picked":["Concentrate+1","Tactician","Catalyst"],"picked":"SKIP","floor":42.0},{"not_picked":["Prepared+1","Underhanded Strike+1","PiercingWail"],"picked":"SKIP","floor":44.0},{"not_picked":["Blade Dance+1","Malaise","Poisoned Stab"],"picked":"SKIP","floor":48.0},{"not_picked":["Underhanded Strike+1","Blade Dance+1"],"picked":"Terror+1","floor":55.0}],"player_experience":1572229,"relics_obtained":[{"floor":9.0,"key":"Omamori"},{"floor":11.0,"key":"Odd Mushroom"},{"floor":26.0,"key":"Juzu Bracelet"},{"floor":30.0,"key":"Snake Skull"},{"floor":36.0,"key":"Tough Bandages"},{"floor":38.0,"key":"Tingsha"},{"floor":40.0,"key":"Bottled Lightning"},{"floor":42.0,"key":"Art of War"},{"floor":46.0,"key":"Whetstone"},{"floor":48.0,"key":"Old Coin"},{"floor":55.0,"key":"Letter Opener"}],"event_choices":[{"damage_healed":0.0,"max_hp_gain":0.0,"max_hp_loss":6.0,"gold_gain":0.0,"event_name":"Golden Idol","player_choice":"Lose Max HP","floor":2.0,"gold_loss":0.0,"damage_taken":0.0,"relics_obtained":["Golden Idol"]},{"cards_removed":["Strike_G"],"damage_healed":0.0,"max_hp_gain":0.0,"max_hp_loss":0.0,"gold_gain":0.0,"event_name":"Living Wall","player_choice":"Forget","floor":3.0,"gold_loss":0.0,"damage_taken":0.0},{"damage_healed":0.0,"max_hp_gain":5.0,"max_hp_loss":0.0,"gold_gain":0.0,"event_name":"Big Fish","player_choice":"Donut","floor":5.0,"gold_loss":0.0,"damage_taken":0.0},{"damage_healed":0.0,"max_hp_gain":0.0,"max_hp_loss":0.0,"gold_gain":0.0,"event_name":"Dead Adventurer","player_choice":"Searched \u00272\u0027 times","floor":7.0,"gold_loss":0.0,"damage_taken":0.0,"relics_obtained":["Pocketwatch"]},{"damage_healed":0.0,"max_hp_gain":0.0,"max_hp_loss":0.0,"gold_gain":0.0,"event_name":"Mushrooms","player_choice":"Fought Mushrooms","floor":11.0,"gold_loss":0.0,"damage_taken":0.0},{"damage_healed":0.0,"max_hp_gain":0.0,"max_hp_loss":0.0,"gold_gain":0.0,"event_name":"Vampires","player_choice":"Ignored","floor":21.0,"gold_loss":0.0,"damage_taken":0.0},{"damage_healed":0.0,"max_hp_gain":0.0,"max_hp_loss":0.0,"gold_gain":0.0,"event_name":"Addict","player_choice":"Obtained Relic","floor":22.0,"gold_loss":85.0,"damage_taken":0.0,"relics_obtained":["Bag of Marbles"]},{"damage_healed":0.0,"max_hp_gain":0.0,"max_hp_loss":0.0,"gold_gain":0.0,"event_name":"Mysterious Sphere","player_choice":"Fight","floor":36.0,"gold_loss":0.0,"damage_taken":0.0},{"damage_healed":0.0,"max_hp_gain":0.0,"max_hp_loss":0.0,"gold_gain":0.0,"event_name":"MindBloom","player_choice":"Fight","floor":38.0,"gold_loss":0.0,"damage_taken":0.0},{"damage_healed":0.0,"max_hp_gain":0.0,"max_hp_loss":0.0,"gold_gain":333.0,"event_name":"The Moai Head","player_choice":"Gave Idol","floor":39.0,"relics_lost":["Golden Idol"],"gold_loss":0.0,"damage_taken":0.0},{"damage_healed":0.0,"max_hp_gain":0.0,"max_hp_loss":0.0,"gold_gain":0.0,"event_name":"Winding Halls","player_choice":"Embrace Madness","floor":45.0,"gold_loss":0.0,"damage_taken":13.0,"cards_obtained":["Madness","Madness"]},{"damage_healed":0.0,"max_hp_gain":0.0,"max_hp_loss":0.0,"gold_gain":0.0,"event_name":"WeMeetAgain","player_choice":"Paid Gold","floor":47.0,"gold_loss":137.0,"damage_taken":0.0,"relics_obtained":["Ancient Tea Set"]}],"is_beta":false,"boss_relics":[{"not_picked":["Tiny House","Velvet Choker"],"picked":"Coffee Dripper"},{"not_picked":["Orrery","Sozu"],"picked":"Fusion Hammer"}],"items_purged_floors":[14,19,54],"is_endless":false,"potions_floor_spawned":[4,8,10,13,16,24,25,28,29,31,35,40,41,48],"killed_by":"The Heart","ascension_level":20}