{"gold_per_floor":[110,29,40,40,54,54,109,109,109,109,122,151,151,166,166,264,264,283,293,208,54,54,54,54,65,65,65,80,80,97,108,108,203,203,220,61,75,105,124,152,152,163,163,38,38,57,70,90,90,90],"floor_reached":50,"playtime":1619,"items_purged":["Strike_B"],"score":476,"play_id":"0fd721e9-2e9d-4f51-88cc-c24d06893876","local_time":"20190725002321","is_ascension_mode":false,"campfire_choices":[{"data":"Dualcast","floor":6.0,"key":"SMITH"},{"data":"Zap","floor":8.0,"key":"SMITH"},{"data":"Storm","floor":10.0,"key":"SMITH"},{"data":"Static Discharge","floor":13.0,"key":"SMITH"},{"data":"Multi-Cast","floor":15.0,"key":"SMITH"},{"data":"Capacitor","floor":24.0,"key":"SMITH"},{"data":"Melter","floor":27.0,"key":"SMITH"},{"data":"Undo","floor":32.0,"key":"SMITH"},{"floor":41.0,"key":"REST"},{"floor":45.0,"key":"REST"},{"floor":49.0,"key":"REST"}],"neow_cost":"NONE","seed_source_timestamp":20469089185894,"circlet_count":0,"master_deck":["Strike_B","Strike_B","Defend_B","Defend_B","Defend_B","Defend_B","Zap+1","Dualcast+1","Multi-Cast+1","Melter+1","Storm+1","Hello World","Static Discharge+1","BootSequence","Electrodynamics","Undo+1","Capacitor+1","Defragment+1","BootSequence","Loop+1","Machine Learning","Defragment+1","Discovery","White Noise","Go for the Eyes+1","Tempest+1","Buffer","Defragment","Recycle+1","Hologram+1"],"special_seed":0,"relics":["Cracked Core","PreservedInsect","Bronze Scales","Lizard Tail","Boot","Ornamental Fan","Blue Candle","Runic Pyramid","Tiny Chest","Bottled Tornado","Ice Cream"],"potions_floor_usage":[50,50],"damage_taken":[{"damage":1.0,"enemies":"Cultist","floor":1.0,"turns":3.0},{"damage":0.0,"enemies":"Small Slimes","floor":3.0,"turns":3.0},{"damage":0.0,"enemies":"2 Louse","floor":5.0,"turns":1.0},{"damage":13.0,"enemies":"3 Sentries","floor":7.0,"turns":8.0},{"damage":5.0,"enemies":"Looter","floor":11.0,"turns":3.0},{"damage":17.0,"enemies":"3 Sentries","floor":12.0,"turns":4.0},{"damage":0.0,"enemies":"2 Fungi Beasts","floor":14.0,"turns":3.0},{"damage":5.0,"enemies":"Slime Boss","floor":16.0,"turns":6.0},{"damage":0.0,"enemies":"Chosen","floor":18.0,"turns":3.0},{"damage":1.0,"enemies":"2 Thieves","floor":19.0,"turns":4.0},{"damage":2.0,"enemies":"Cultist and Chosen","floor":25.0,"turns":5.0},{"damage":0.0,"enemies":"Chosen and Byrds","floor":28.0,"turns":3.0},{"damage":0.0,"enemies":"Centurion and Healer","floor":30.0,"turns":3.0},{"damage":17.0,"enemies":"Snecko","floor":31.0,"turns":3.0},{"damage":45.0,"enemies":"Champ","floor":33.0,"turns":8.0},{"damage":0.0,"enemies":"3 Shapes","floor":35.0,"turns":3.0},{"damage":20.0,"enemies":"3 Darklings","floor":37.0,"turns":4.0},{"damage":28.0,"enemies":"Writhing Mass","floor":39.0,"turns":6.0},{"damage":27.0,"enemies":"Nemesis","floor":40.0,"turns":3.0},{"damage":20.0,"enemies":"4 Shapes","floor":42.0,"turns":3.0},{"damage":0.0,"enemies":"Spire Growth","floor":46.0,"turns":4.0},{"damage":11.0,"enemies":"Maw","floor":47.0,"turns":6.0},{"damage":26.0,"enemies":"3 Darklings","floor":48.0,"turns":4.0},{"damage":91,"enemies":"Awakened One","floor":50,"turns":5}],"seed_played":"-5715152160610565945","potions_obtained":[{"floor":1.0,"key":"SpeedPotion"},{"floor":3.0,"key":"SkillPotion"},{"floor":11.0,"key":"Explosive Potion"},{"floor":19.0,"key":"FearPotion"},{"floor":31.0,"key":"LiquidBronze"},{"floor":37.0,"key":"AttackPotion"},{"floor":42.0,"key":"Dexterity Potion"},{"floor":46.0,"key":"Energy Potion"},{"floor":47.0,"key":"Regen Potion"},{"floor":48.0,"key":"LiquidBronze"}],"is_trial":false,"path_per_floor":["M","$","M","?","M","R","?","R","T","R","M","E","R","M","R","B",null,"M","M","?","$","?","?","R","M","T","R","M","?","M","M","R","B",null,"M","$","M","T","M","E","R","M","T","$","R","M","M","M","R","B"],"character_chosen":"DEFECT","items_purchased":["Storm","Capacitor","Discovery","White Noise","Defragment","PowerPotion"],"campfire_rested":3,"item_purchase_floors":[2,21,36,36,44,44],"current_hp_per_floor":[74,74,74,79,79,79,66,66,66,66,61,44,44,44,44,39,80,80,79,79,79,79,79,79,77,77,77,77,77,77,60,60,15,80,80,80,60,60,32,5,29,9,9,9,33,33,22,8,32,0],"gold":90,"neow_bonus":"TRANSFORM_CARD","is_prod":false,"is_daily":false,"chose_seed":false,"campfire_upgraded":8,"win_rate":0,"timestamp":1563985401,"path_taken":["M","$","M","?","M","R","?","R","T","R","M","E","R","M","R","BOSS","M","M","?","$","?","?","R","?","T","R","M","?","?","M","R","BOSS","M","$","?","?","M","E","R","M","T","$","R","?","M","?","R","BOSS"],"build_version":"2019-07-17","purchased_purges":1,"victory":false,"max_hp_per_floor":[75,75,75,80,80,80,80,80,80,80,80,80,80,80,80,80,80,80,80,80,80,80,80,80,80,80,80,80,80,80,80,80,80,80,80,80,80,80,80,80,80,80,80,80,80,80,80,80,80,80],"card_choices":[{"not_picked":["Sweeping Beam","Steam"],"picked":"Melter","floor":1.0},{"not_picked":["Stack","Compile Driver","Beam Cell"],"picked":"SKIP","floor":3.0},{"not_picked":["Steam Power","Gash"],"picked":"Hello World","floor":5.0},{"not_picked":["Go for the Eyes","Fission"],"picked":"Static Discharge","floor":11.0},{"not_picked":["Steam","Leap"],"picked":"BootSequence","floor":12.0},{"not_picked":["Stack","Hologram","Rebound"],"picked":"SKIP","floor":14.0},{"not_picked":["Machine Learning","Rainbow"],"picked":"Electrodynamics","floor":16.0},{"not_picked":["Beam Cell","Go for the Eyes+1"],"picked":"Undo","floor":18.0},{"not_picked":["Hologram","Streamline","Multi-Cast"],"picked":"SKIP","floor":19.0},{"not_picked":["Ball Lightning","Barrage"],"picked":"Defragment+1","floor":25.0},{"not_picked":["Rebound+1","Streamline"],"picked":"BootSequence","floor":28.0},{"not_picked":["Coolheaded","Gash"],"picked":"Loop+1","floor":30.0},{"not_picked":["Go for the Eyes","Leap","Tempest"],"picked":"SKIP","floor":31.0},{"not_picked":["Electrodynamics","Seek"],"picked":"Machine Learning","floor":33.0},{"not_picked":["Stack+1","Rebound+1"],"picked":"Defragment+1","floor":35.0},{"not_picked":["Gash+1","Hologram+1"],"picked":"Go for the Eyes+1","floor":37.0},{"not_picked":["Hologram","Beam Cell"],"picked":"Tempest+1","floor":39.0},{"not_picked":["Beam Cell+1","Go for the Eyes+1"],"picked":"Buffer","floor":40.0},{"not_picked":["Genetic Algorithm+1","Rebound+1","Beam Cell"],"picked":"SKIP","floor":42.0},{"not_picked":["Barrage+1","Hologram","Beam Cell+1"],"picked":"SKIP","floor":46.0},{"not_picked":["Undo","Static Discharge+1"],"picked":"Recycle+1","floor":47.0},{"not_picked":["Rebound+1","Sweeping Beam"],"picked":"Hologram+1","floor":48.0}],"player_experience":5861499,"relics_obtained":[{"floor":7.0,"key":"PreservedInsect"},{"floor":12.0,"key":"Bronze Scales"},{"floor":26.0,"key":"Blue Candle"},{"floor":38.0,"key":"Tiny Chest"},{"floor":40.0,"key":"Bottled Tornado"},{"floor":43.0,"key":"Ice Cream"}],"event_choices":[{"damage_healed":0.0,"max_hp_gain":5.0,"max_hp_loss":0.0,"gold_gain":0.0,"event_name":"Big Fish","player_choice":"Donut","floor":4.0,"gold_loss":0.0,"damage_taken":0.0},{"damage_healed":0.0,"max_hp_gain":0.0,"max_hp_loss":0.0,"gold_gain":30.0,"event_name":"Dead Adventurer","player_choice":"Searched \u00273\u0027 times","floor":7.0,"gold_loss":0.0,"damage_taken":0.0},{"damage_healed":0.0,"max_hp_gain":0.0,"max_hp_loss":0.0,"gold_gain":0.0,"event_name":"Addict","player_choice":"Obtained Relic","floor":20.0,"gold_loss":85.0,"damage_taken":0.0,"relics_obtained":["Boot"]},{"damage_healed":0.0,"max_hp_gain":0.0,"max_hp_loss":0.0,"gold_gain":0.0,"event_name":"Vampires","player_choice":"Ignored","floor":22.0,"gold_loss":0.0,"damage_taken":0.0},{"damage_healed":0.0,"max_hp_gain":0.0,"max_hp_loss":0.0,"gold_gain":0.0,"event_name":"WeMeetAgain","player_choice":"Gave Potion","floor":23.0,"gold_loss":0.0,"damage_taken":0.0,"relics_obtained":["Ornamental Fan"]},{"damage_healed":0.0,"max_hp_gain":0.0,"max_hp_loss":0.0,"gold_gain":0.0,"event_name":"NoteForYourself","player_choice":"Ignored","floor":29.0,"gold_loss":0.0,"damage_taken":0.0}],"is_beta":false,"boss_relics":[{"not_picked":["Black Star","Busted Crown"],"picked":"Lizard Tail"},{"not_picked":["Nuclear Battery","Orrery"],"picked":"Runic Pyramid"}],"items_purged_floors":[21],"is_endless":false,"potions_floor_spawned":[1,3,11,19,31,37,42,46,47,48],"killed_by":"Awakened One","ascension_level":0}