{"gold_per_floor":[110,110,120,120,45,72,83,111,111,111,11,11,36,36,36,136,136,146,146,158,158,172,200,210,228,304,333,333,364,375,385,385,385],"floor_reached":33,"playtime":1995,"items_purged":["Strike_R","Strike_R"],"score":350,"play_id":"4febb31b-6339-4ad4-a1d9-a0269b874d7a","local_time":"20180728225537","is_ascension_mode":false,"campfire_choices":[{"data":"Clash","floor":12.0,"key":"SMITH"},{"floor":15.0,"key":"REST"},{"data":"Reaper","floor":28.0,"key":"SMITH"},{"data":"Clash","floor":32,"key":"SMITH"}],"neow_cost":"","seed_source_timestamp":30752250157154,"circlet_count":0,"master_deck":["Defend_R","Defend_R","Defend_R","Defend_R","Bash+1","Cleave","Clash+1","Disarm+1","Shrug It Off+1","Clash","Burning Pact+1","Armaments+1","Clash+1","Reaper+1","Sever Soul+1","Bite","Bite","Bite","Bite","Bite","True Grit+1","Shockwave+1","Battle Trance+1","Flex+1","True Grit+1","Inflame","Shrug It Off+1"],"special_seed":0,"relics":["Burning Blood","Toxic Egg 2","Dodecahedron","Darkstone Periapt","Dream Catcher","Mark of Pain","Magic Flower","Tiny Chest","Mango","Bronze Scales"],"potions_floor_usage":[30,33,33],"damage_taken":[{"damage":10.0,"enemies":"Small Slimes","floor":1.0,"turns":4.0},{"damage":8.0,"enemies":"Jaw Worm","floor":3.0,"turns":3.0},{"damage":20.0,"enemies":"Gremlin Nob","floor":6.0,"turns":4.0},{"damage":0.0,"enemies":"2 Louse","floor":7.0,"turns":3.0},{"damage":25.0,"enemies":"Lagavulin","floor":8.0,"turns":7.0},{"damage":26.0,"enemies":"Gremlin Nob","floor":13.0,"turns":4.0},{"damage":38.0,"enemies":"The Guardian","floor":16.0,"turns":9.0},{"damage":1.0,"enemies":"Shell Parasite","floor":18.0,"turns":3.0},{"damage":30.0,"enemies":"2 Thieves","floor":20.0,"turns":4.0},{"damage":8.0,"enemies":"Snake Plant","floor":22.0,"turns":4.0},{"damage":20.0,"enemies":"Book of Stabbing","floor":23.0,"turns":6.0},{"damage":47.0,"enemies":"Cultist and Chosen","floor":24.0,"turns":12.0},{"damage":12.0,"enemies":"Slaver and Parasite","floor":25.0,"turns":4.0},{"damage":39.0,"enemies":"Slavers","floor":27.0,"turns":7.0},{"damage":32,"enemies":"Book of Stabbing","floor":29,"turns":5},{"damage":12,"enemies":"Centurion and Healer","floor":30,"turns":5},{"damage":0,"enemies":"3 Cultists","floor":31,"turns":3},{"damage":116,"enemies":"Automaton","floor":33,"turns":10}],"seed_played":"-7869484656302696440","potions_obtained":[{"floor":3.0,"key":"Weak Potion"},{"floor":6.0,"key":"Strength Potion"},{"floor":7.0,"key":"SmokeBomb"},{"floor":13.0,"key":"PowerPotion"},{"floor":18.0,"key":"Fire Potion"},{"floor":25.0,"key":"Swift Potion"},{"floor":27.0,"key":"AttackPotion"},{"floor":29,"key":"AttackPotion"},{"floor":31,"key":"FearPotion"}],"is_trial":false,"path_per_floor":["M","?","M","?","$","E","M","E","T","?","$","R","E","$","R","B",null,"M","?","M","?","M","E","M","M","T","E","R","E","M","M","R"],"character_chosen":"IRONCLAD","items_purchased":[],"campfire_rested":1,"item_purchase_floors":[],"current_hp_per_floor":[76,81,79,79,79,65,71,52,52,52,52,52,32,32,57,25,85,85,59,37,27,33,33,54,64,64,78,78,74,78,78,78,0],"gold":385,"neow_bonus":"","is_prod":false,"is_daily":false,"chose_seed":false,"campfire_upgraded":3,"win_rate":0,"timestamp":1532811337,"path_taken":["M","?","M","?","?","E","M","E","T","?","$","R","E","$","R","BOSS","M","?","M","?","M","E","M","?","T","E","R","E","M","M","R","BOSS"],"build_version":"2018-07-26","purchased_purges":2,"victory":false,"max_hp_per_floor":[80,85,85,85,85,85,85,85,85,85,85,85,85,85,85,85,85,85,59,59,64,64,64,64,64,64,78,78,78,78,78,78,78],"card_choices":[{"not_picked":["Warcry","Battle Trance"],"picked":"Cleave","floor":1.0},{"not_picked":["Twin Strike","Hemokinesis"],"picked":"Clash","floor":3.0},{"not_picked":["Burning Pact","Sword Boomerang"],"picked":"Disarm","floor":6.0},{"not_picked":["Havoc+1","Clothesline"],"picked":"Shrug It Off+1","floor":7.0},{"not_picked":["Armaments+1","Berserk"],"picked":"Clash","floor":8.0},{"not_picked":["Sever Soul","Perfected Strike"],"picked":"Armaments+1","floor":13.0},{"not_picked":["Hemokinesis","Headbutt"],"picked":"Clash","floor":15.0},{"not_picked":["Fiend Fire","Feed"],"picked":"Reaper","floor":16.0},{"not_picked":["Clash","Anger+1"],"picked":"Sever Soul+1","floor":18.0},{"not_picked":["Searing Blow+1","Dual Wield+1"],"picked":"True Grit+1","floor":20.0},{"not_picked":["Clothesline","Sword Boomerang"],"picked":"Shockwave+1","floor":22.0},{"not_picked":["Dual Wield+1","Headbutt"],"picked":"Battle Trance+1","floor":23.0},{"not_picked":["Havoc+1","Rampage"],"picked":"Flex+1","floor":24.0},{"not_picked":["Anger+1","Headbutt","Havoc+1"],"picked":"SKIP","floor":25.0},{"not_picked":["Entrench+1","Rampage+1"],"picked":"True Grit+1","floor":27.0},{"not_picked":["Second Wind+1","Sever Soul","Combust"],"picked":"SKIP","floor":29},{"not_picked":["Immolate","Shrug It Off+1"],"picked":"Inflame","floor":30},{"not_picked":["Fire Breathing","Clash"],"picked":"Shrug It Off+1","floor":31}],"player_experience":346426,"relics_obtained":[{"floor":6.0,"key":"Toxic Egg 2"},{"floor":8.0,"key":"Dodecahedron"},{"floor":9.0,"key":"Darkstone Periapt"},{"floor":13.0,"key":"Dream Catcher"},{"floor":23.0,"key":"Magic Flower"},{"floor":26.0,"key":"Tiny Chest"},{"floor":27.0,"key":"Mango"},{"floor":29,"key":"Bronze Scales"}],"event_choices":[{"event_name":"Big Fish","player_choice":"Donut","floor":2.0,"damage_taken":0.0},{"event_name":"Living Wall","player_choice":"Grow","floor":4.0,"damage_taken":0.0},{"event_name":"Transmorgrifier","player_choice":"Transform","floor":10.0,"damage_taken":0.0},{"event_name":"Vampires","player_choice":"Became a vampire","floor":19.0,"damage_taken":0.0},{"event_name":"Forgotten Altar","player_choice":"Shed Blood","floor":21.0,"damage_taken":0.0}],"is_beta":false,"boss_relics":[{"not_picked":["Calling Bell","Cursed Key"],"picked":"Mark of Pain"}],"items_purged_floors":[5,11],"is_endless":false,"potions_floor_spawned":[3,6,7,13,18,25,27,29,31],"killed_by":"Automaton","ascension_level":0}