{"gold_per_floor":[115,131,149,324,324,367,367,442,468,488,526,526,551,576,576,704,704,717,717,738,468,509,509,548,548,548,573,663,682,697,735,735,863,863,883,907,923,303,322,322,355,19,19,19,60,60,60,60,60,60],"floor_reached":51,"playtime":3894,"items_purged":["Defend_B","Strike_B","Strike_B"],"score":805,"play_id":"69e146e2-9670-4118-87b7-b0d0a3ab9263","local_time":"20190727012323","is_ascension_mode":false,"campfire_choices":[{"floor":7,"key":"REST"},{"floor":12,"key":"REST"},{"data":"Loop","floor":15,"key":"SMITH"},{"floor":23,"key":"REST"},{"data":"Glacier","floor":25,"key":"SMITH"},{"floor":32,"key":"REST"},{"data":"Machine Learning","floor":40,"key":"SMITH"},{"floor":44,"key":"REST"},{"data":"Defragment","floor":47,"key":"SMITH"},{"data":"Coolheaded","floor":49,"key":"SMITH"}],"neow_cost":"NONE","seed_source_timestamp":1461844869299134,"circlet_count":0,"master_deck":["Strike_B","Strike_B","Defend_B","Defend_B","Defend_B+1","Zap","Dualcast+1","Hologram","Conserve Battery","Darkness","Loop+1","Doubt","Machine Learning+1","Glacier+1","Rebound","Streamline","Coolheaded+1","Biased Cognition","Undo","Loop","Glacier","Darkness+1","Stack","Steam+1","Skim+1","Conserve Battery+1","Reboot","Loop+1","Sweeping Beam+1","Defragment+1","White Noise+1","Hologram","Reprogram","Leap","Sweeping Beam+1"],"relics":["Cracked Core","Golden Idol","Anchor","Bag of Preparation","Mummified Hand","Sozu","Enchiridion","War Paint","Red Mask","Regal Pillow","Blood Vial","Lantern","Velvet Choker","Membership Card","PreservedInsect","Shovel","Mercury Hourglass","Pear","Frozen Eye","Kunai","Strawberry","Oddly Smooth Stone"],"potions_floor_usage":[6,16,16,31],"damage_taken":[{"damage":1,"enemies":"Cultist","floor":1,"turns":3},{"damage":2,"enemies":"Small Slimes","floor":2,"turns":3},{"damage":4,"enemies":"2 Louse","floor":3,"turns":3},{"damage":31,"enemies":"Gremlin Nob","floor":6,"turns":4},{"damage":3,"enemies":"2 Fungi Beasts","floor":10,"turns":4},{"damage":17,"enemies":"3 Sentries","floor":11,"turns":8},{"damage":0,"enemies":"Large Slime","floor":13,"turns":4},{"damage":0,"enemies":"3 Louse","floor":14,"turns":4},{"damage":28,"enemies":"Hexaghost","floor":16,"turns":13},{"damage":1,"enemies":"Chosen","floor":18,"turns":4},{"damage":19,"enemies":"3 Byrds","floor":20,"turns":7},{"damage":10,"enemies":"Masked Bandits","floor":22,"turns":4},{"damage":11,"enemies":"Book of Stabbing","floor":24,"turns":5},{"damage":0,"enemies":"Centurion and Healer","floor":27,"turns":6},{"damage":0,"enemies":"Snecko","floor":29,"turns":7},{"damage":0,"enemies":"Sentry and Sphere","floor":30,"turns":6},{"damage":13,"enemies":"Slavers","floor":31,"turns":5},{"damage":42,"enemies":"Automaton","floor":33,"turns":9},{"damage":0,"enemies":"Orb Walker","floor":35,"turns":5},{"damage":27,"enemies":"3 Shapes","floor":36,"turns":6},{"damage":1,"enemies":"Maw","floor":37,"turns":6},{"damage":0,"enemies":"Writhing Mass","floor":39,"turns":5},{"damage":33,"enemies":"Giant Head","floor":41,"turns":10},{"damage":0,"enemies":"Nemesis","floor":45,"turns":5},{"damage":47,"enemies":"Time Eater","floor":50,"turns":6}],"seed_played":"4760047449247124660","potions_obtained":[{"floor":1,"key":"SteroidPotion"},{"floor":3,"key":"FearPotion"},{"floor":10,"key":"FearPotion"},{"floor":16,"key":"FearPotion"}],"is_trial":false,"path_per_floor":["M","M","M","?","?","E","R","?","T","M","E","R","M","M","R","B",null,"M","?","M","$","?","R","E","R","T","M","?","M","M","E","R","B",null,"M","M","M","$","M","R","E","$","T","R","E","T","R","?","R","B",null],"character_chosen":"DEFECT","items_purchased":["War Paint","Glacier","Defragment","Membership Card","PreservedInsect","Shovel","Pear","Frozen Eye","Reprogram","Leap"],"campfire_rested":5,"item_purchase_floors":[21,21,38,38,38,38,42,42,42,42],"current_hp_per_floor":[74,72,68,68,50,19,41,30,30,27,10,32,32,32,32,4,75,74,58,39,39,29,51,40,40,40,42,28,30,32,21,58,18,75,75,48,49,49,51,51,20,30,30,70,79,79,79,79,79,34],"gold":60,"neow_bonus":"THREE_CARDS","is_prod":false,"is_daily":false,"chose_seed":false,"campfire_upgraded":5,"win_rate":0.0,"timestamp":1564179803,"path_taken":["M","M","?","?","?","E","R","?","T","M","E","R","M","M","R","BOSS","M","?","M","$","?","R","E","R","T","M","?","M","M","E","R","BOSS","M","M","M","$","M","R","E","$","T","R","E","?","R","?","R","BOSS"],"build_version":"2019-07-17","purchased_purges":3,"victory":true,"max_hp_per_floor":[75,75,75,75,75,75,75,75,75,75,75,75,75,75,75,75,75,75,75,75,75,75,75,75,75,75,75,75,75,75,75,75,75,75,75,75,75,75,75,75,75,85,85,85,92,92,92,87,87,87],"card_choices":[{"not_picked":["Steam","Storm"],"picked":"Hologram","floor":0},{"not_picked":["Loop","Hello World"],"picked":"Conserve Battery","floor":1},{"not_picked":["Hologram","Go for the Eyes"],"picked":"Darkness","floor":2},{"not_picked":["Redo","Beam Cell"],"picked":"Loop","floor":3},{"not_picked":["Stack","Redo"],"picked":"Machine Learning","floor":6},{"not_picked":["Barrage","Rebound"],"picked":"Glacier","floor":10},{"not_picked":["Sweeping Beam","Chaos"],"picked":"Rebound","floor":11},{"not_picked":["Skim","Stack"],"picked":"Streamline","floor":13},{"not_picked":["Barrage","Rebound"],"picked":"Coolheaded","floor":14},{"not_picked":["Multi-Cast","Machine Learning"],"picked":"Biased Cognition","floor":16},{"not_picked":["Gash","Steam"],"picked":"Undo","floor":18},{"not_picked":["Streamline","Leap+1"],"picked":"Loop","floor":20},{"not_picked":["Coolheaded","Leap"],"picked":"Darkness+1","floor":22},{"not_picked":["Hologram","Ball Lightning"],"picked":"Stack","floor":24},{"not_picked":["Steam Power","Leap"],"picked":"Steam+1","floor":27},{"not_picked":["Creative AI","Redo"],"picked":"Skim+1","floor":29},{"not_picked":["Auto Shields","Sweeping Beam"],"picked":"Conserve Battery+1","floor":30},{"not_picked":["Tempest","Barrage","Scrape"],"picked":"SKIP","floor":31},{"not_picked":["Fission","Buffer"],"picked":"Reboot","floor":33},{"not_picked":["Hologram","Rebound+1"],"picked":"Loop+1","floor":35},{"not_picked":["Chaos","Redo","Ball Lightning+1"],"picked":"SKIP","floor":36},{"not_picked":["Coolheaded","Steam Power"],"picked":"Sweeping Beam+1","floor":37},{"not_picked":["Beam Cell+1","Storm"],"picked":"White Noise+1","floor":39},{"not_picked":["Cold Snap+1","Force Field"],"picked":"Hologram","floor":41},{"not_picked":["Thunder Strike","All For One"],"picked":"Sweeping Beam+1","floor":45}],"player_experience":97544,"relics_obtained":[{"floor":6,"key":"Anchor"},{"floor":9,"key":"Bag of Preparation"},{"floor":11,"key":"Mummified Hand"},{"floor":19,"key":"Enchiridion"},{"floor":22,"key":"Red Mask"},{"floor":24,"key":"Regal Pillow"},{"floor":26,"key":"Blood Vial"},{"floor":31,"key":"Lantern"},{"floor":41,"key":"Mercury Hourglass"},{"floor":43,"key":"Kunai"},{"floor":45,"key":"Strawberry"},{"floor":46,"key":"Oddly Smooth Stone"}],"event_choices":[{"damage_healed":0,"gold_gain":175,"player_choice":"AGREE","damage_taken":0,"max_hp_gain":0,"max_hp_loss":0,"event_name":"Liars Game","floor":4,"gold_loss":0,"cards_obtained":["Doubt"]},{"damage_healed":0,"gold_gain":0,"player_choice":"Take Damage","damage_taken":18,"relics_obtained":["Golden Idol"],"max_hp_gain":0,"max_hp_loss":0,"event_name":"Golden Idol","floor":5,"gold_loss":0},{"damage_healed":0,"gold_gain":75,"player_choice":"Gather Gold","damage_taken":11,"max_hp_gain":0,"max_hp_loss":0,"event_name":"World of Goop","floor":8,"gold_loss":0},{"damage_healed":0,"gold_gain":0,"player_choice":"Obtained Book","damage_taken":16,"max_hp_gain":0,"max_hp_loss":0,"event_name":"Cursed Tome","floor":19,"gold_loss":0},{"damage_healed":0,"gold_gain":0,"player_choice":"Fought Bandits","damage_taken":0,"max_hp_gain":0,"max_hp_loss":0,"event_name":"Masked Bandits","floor":22,"gold_loss":0},{"damage_healed":0,"gold_gain":90,"player_choice":"GOLD ","damage_taken":14,"max_hp_gain":0,"max_hp_loss":0,"event_name":"Knowing Skull","floor":28,"potions_obtained":[],"gold_loss":0,"cards_obtained":[]},{"damage_healed":0,"gold_gain":0,"player_choice":"Max HP","damage_taken":0,"max_hp_gain":0,"max_hp_loss":5,"event_name":"Winding Halls","floor":48,"gold_loss":0}],"is_beta":false,"boss_relics":[{"not_picked":["Fusion Hammer","Busted Crown"],"picked":"Sozu"},{"not_picked":["Runic Pyramid","Calling Bell"],"picked":"Velvet Choker"}],"items_purged_floors":[21,38,42],"is_endless":false,"potions_floor_spawned":[1,3,10,16,18,22,27,29,35,37,41],"ascension_level":0}