{"gold_per_floor":[16,34,34,34,50,50,50,50,50,64,89,89,14,49,49,142,142,158,178,193,213,15,58,58,101,101,135,135,159,59,59,59,157,157,171,296,296,315,190,225,225,225,225,558,558,483,509,519,519,519,519,519,519,153,181,181],"floor_reached":57,"playtime":3218,"items_purged":["Strike_G","Strike_G","Strike_G","Defend_G"],"score":3182,"play_id":"49830f69-a9d6-45fb-a8ee-6e03027f9610","local_time":"20190413005750","is_ascension_mode":true,"campfire_choices":[{"data":"Deadly Poison","floor":6.0,"key":"SMITH"},{"data":"Noxious Fumes","floor":12.0,"key":"SMITH"},{"data":"Neutralize","floor":15.0,"key":"SMITH"},{"data":"Impatience","floor":24.0,"key":"SMITH"},{"data":"Calculated Gamble","floor":28,"key":"SMITH"},{"data":"Reflex","floor":32,"key":"SMITH"},{"floor":41,"key":"RECALL"},{"data":"Backflip","floor":45,"key":"SMITH"},{"data":"Prepared","floor":49,"key":"SMITH"},{"data":"Concentrate","floor":53,"key":"SMITH"}],"neow_cost":"NO_GOLD","seed_source_timestamp":27074502274004,"circlet_count":0,"master_deck":["AscendersBane","Survivor","Neutralize+1","Adrenaline","Die Die Die","Deadly Poison+1","Die Die Die","Noxious Fumes+1","After Image","Concentrate+1","Calculated Gamble+1","Reflex+1","Impatience+1","Backflip+1","After Image","Prepared+1","Infinite Blades","Choke","Impatience+1"],"special_seed":0,"relics":["Ring of the Snake","Letter Opener","Gremlin Horn","Coffee Dripper","Bag of Preparation","Bronze Scales","Pantograph","Pen Nib","HoveringKite","Torii","Bag of Marbles","Toxic Egg 2","Pocketwatch"],"potions_floor_usage":[50,50,51,56,56],"damage_taken":[{"damage":0.0,"enemies":"Small Slimes","floor":1.0,"turns":2.0},{"damage":0.0,"enemies":"Jaw Worm","floor":2.0,"turns":3.0},{"damage":0.0,"enemies":"2 Louse","floor":5.0,"turns":3.0},{"damage":0.0,"enemies":"Gremlin Gang","floor":10.0,"turns":2.0},{"damage":5.0,"enemies":"Large Slime","floor":11.0,"turns":6.0},{"damage":7.0,"enemies":"3 Sentries","floor":14.0,"turns":5.0},{"damage":2.0,"enemies":"The Guardian","floor":16.0,"turns":8.0},{"damage":8.0,"enemies":"3 Byrds","floor":18.0,"turns":3.0},{"damage":8.0,"enemies":"Chosen","floor":19.0,"turns":5.0},{"damage":11.0,"enemies":"3 Cultists","floor":20.0,"turns":3.0},{"damage":25.0,"enemies":"Snake Plant","floor":21.0,"turns":5.0},{"damage":1.0,"enemies":"Book of Stabbing","floor":23.0,"turns":5.0},{"damage":0.0,"enemies":"Gremlin Leader","floor":25.0,"turns":5.0},{"damage":0,"enemies":"Book of Stabbing","floor":27,"turns":4},{"damage":0,"enemies":"Shelled Parasite and Fungi","floor":29,"turns":2},{"damage":0,"enemies":"Automaton","floor":33,"turns":3},{"damage":0,"enemies":"3 Darklings","floor":35,"turns":2},{"damage":0,"enemies":"Mind Bloom Boss Battle","floor":36,"turns":6},{"damage":0,"enemies":"Orb Walker","floor":38,"turns":3},{"damage":0,"enemies":"Giant Head","floor":40,"turns":1},{"damage":0,"enemies":"Nemesis","floor":47,"turns":1},{"damage":0,"enemies":"Jaw Worm Horde","floor":48,"turns":1},{"damage":31,"enemies":"Time Eater","floor":50,"turns":10},{"damage":0,"enemies":"Awakened One","floor":51,"turns":3},{"damage":0,"enemies":"Shield and Spear","floor":55,"turns":1},{"damage":11,"enemies":"The Heart","floor":56,"turns":5}],"seed_played":"5624773886187685675","potions_obtained":[{"floor":2.0,"key":"Energy Potion"},{"floor":5.0,"key":"Explosive Potion"},{"floor":8.0,"key":"AttackPotion"},{"floor":25.0,"key":"Fire Potion"},{"floor":27,"key":"FearPotion"},{"floor":40,"key":"EntropicBrew"},{"floor":55,"key":"PowerPotion"}],"is_trial":false,"path_per_floor":["M","M","?","?","M","R","?","?","T","M","M","R","$","E","R","B",null,"M","M","M","M","$","E","R","E","T","E","R","M","$","?","R","B",null,"M","?","?","M","$","E","R","?","T","?","R","?","E","M","R","B","B",null,"R","$","E","B",null],"character_chosen":"THE_SILENT","items_purchased":["Impatience","SkillPotion","Swift Potion","Choke","Impatience+1","GhostInAJar"],"campfire_rested":0,"item_purchase_floors":[22,22,22,54,54,54],"current_hp_per_floor":[59,59,59,52,52,52,52,52,52,52,47,47,47,40,40,38,55,47,39,28,3,3,2,2,2,2,2,2,2,2,2,2,27,52,52,60,60,60,60,60,60,60,60,60,60,60,60,60,60,29,54,59,59,59,59,49],"gold":181,"neow_bonus":"TRANSFORM_TWO_CARDS","is_prod":false,"is_daily":false,"chose_seed":false,"campfire_upgraded":9,"win_rate":0,"timestamp":1555088270,"path_taken":["M","M","?","?","M","R","?","?","T","M","M","R","$","E","R","BOSS","M","?","M","?","$","E","R","E","T","E","R","M","$","?","R","BOSS","M","?","?","M","$","E","R","?","T","?","R","?","E","M","R","BOSS","BOSS","R","$","E","BOSS"],"build_version":"2019-01-23","purchased_purges":4,"victory":true,"max_hp_per_floor":[66,66,60,60,60,60,60,60,60,60,60,60,60,60,60,60,60,60,60,60,60,60,60,60,60,60,60,60,60,60,60,60,60,60,60,60,60,60,60,60,60,60,60,60,60,60,60,60,60,60,60,60,60,60,60,60],"card_choices":[{"not_picked":["Quick Slash","Cloak And Dagger"],"picked":"Poisoned Stab","floor":1.0},{"not_picked":["Dagger Spray","Underhanded Strike","Prepared"],"picked":"SKIP","floor":2.0},{"not_picked":["PiercingWail","Calculated Gamble"],"picked":"Deadly Poison","floor":5.0},{"not_picked":["Poisoned Stab","Backstab"],"picked":"Noxious Fumes","floor":10.0},{"not_picked":["Choke","Poisoned Stab","Acrobatics"],"picked":"SKIP","floor":11.0},{"not_picked":["Bane","Prepared","Underhanded Strike"],"picked":"SKIP","floor":14.0},{"not_picked":["Tools of the Trade","Doppelganger"],"picked":"After Image","floor":16.0},{"not_picked":["Cloak And Dagger","Dagger Throw"],"picked":"Concentrate","floor":18.0},{"not_picked":["Flying Knee","Poisoned Stab+1"],"picked":"Calculated Gamble","floor":19.0},{"not_picked":["Dagger Spray","Sucker Punch"],"picked":"Reflex","floor":20.0},{"not_picked":["Dodge and Roll","Flying Knee","All Out Attack"],"picked":"SKIP","floor":21.0},{"not_picked":["Infinite Blades","Choke+1"],"picked":"Backflip","floor":23.0},{"not_picked":["Leg Sweep","Distraction","Phantasmal Killer"],"picked":"SKIP","floor":25.0},{"not_picked":["Leg Sweep","Distraction","Phantasmal Killer"],"picked":"SKIP","floor":25.0},{"not_picked":["Predator","Choke","Dagger Throw"],"picked":"SKIP","floor":27},{"not_picked":["Quick Slash","Underhanded Strike","Masterful Stab"],"picked":"SKIP","floor":29},{"not_picked":["Die Die Die","Envenom"],"picked":"After Image","floor":33},{"not_picked":["Dagger Throw","Bouncing Flask","Blade Dance+1"],"picked":"SKIP","floor":35},{"not_picked":["Tactician","Masterful Stab","Bouncing Flask+1"],"picked":"SKIP","floor":38},{"not_picked":["Deadly Poison+1","Expertise","Endless Agony"],"picked":"SKIP","floor":40},{"not_picked":["Backflip+1","Deadly Poison","Dodge and Roll"],"picked":"SKIP","floor":47},{"not_picked":["Infinite Blades+1","Sucker Punch","Outmaneuver+1"],"picked":"SKIP","floor":48},{"not_picked":["Dagger Throw","Blur+1","Dagger Spray"],"picked":"SKIP","floor":55}],"player_experience":4238592,"relics_obtained":[{"floor":9.0,"key":"Letter Opener"},{"floor":14.0,"key":"Gremlin Horn"},{"floor":23.0,"key":"Bag of Preparation"},{"floor":25.0,"key":"Bronze Scales"},{"floor":26.0,"key":"Pantograph"},{"floor":27,"key":"Pen Nib"},{"floor":36,"key":"Torii"},{"floor":40,"key":"Bag of Marbles"},{"floor":47,"key":"Toxic Egg 2"},{"floor":55,"key":"Pocketwatch"}],"event_choices":[{"damage_healed":0.0,"max_hp_gain":0.0,"max_hp_loss":6.0,"gold_gain":0.0,"event_name":"Golden Idol","player_choice":"Lose Max HP","floor":3.0,"gold_loss":0.0,"damage_taken":0.0,"relics_obtained":["Golden Idol"]},{"cards_removed":["Strike_G"],"damage_healed":0.0,"max_hp_gain":0.0,"max_hp_loss":0.0,"gold_gain":0.0,"event_name":"Golden Wing","player_choice":"Card Removal","floor":4.0,"gold_loss":0.0,"damage_taken":7.0},{"damage_healed":0.0,"max_hp_gain":0.0,"max_hp_loss":0.0,"gold_gain":0.0,"cards_transformed":["Poisoned Stab"],"event_name":"Living Wall","player_choice":"Change","floor":7.0,"gold_loss":0.0,"damage_taken":0.0,"cards_obtained":["Die Die Die"]},{"damage_healed":0.0,"max_hp_gain":0.0,"max_hp_loss":0.0,"gold_gain":0.0,"event_name":"Lab","player_choice":"Got Potions","floor":8.0,"gold_loss":0.0,"damage_taken":0.0},{"damage_healed":0,"gold_gain":0,"player_choice":"Ignored","damage_taken":0,"max_hp_gain":0,"max_hp_loss":0,"event_name":"Cursed Tome","floor":31,"gold_loss":0},{"damage_healed":0,"gold_gain":0,"player_choice":"Fight","damage_taken":0,"max_hp_gain":0,"max_hp_loss":0,"event_name":"MindBloom","floor":36,"gold_loss":0},{"damage_healed":0,"gold_gain":0,"player_choice":"Ignored","damage_taken":0,"max_hp_gain":0,"max_hp_loss":0,"event_name":"Tomb of Lord Red Mask","floor":37,"gold_loss":0},{"cards_removed":["Defend_G"],"damage_healed":0,"gold_gain":0,"player_choice":"Removed Skill","damage_taken":0,"max_hp_gain":0,"max_hp_loss":0,"event_name":"Falling","floor":42,"gold_loss":0},{"damage_healed":0,"gold_gain":333,"player_choice":"Gave Idol","damage_taken":0,"max_hp_gain":0,"max_hp_loss":0,"event_name":"The Moai Head","floor":44,"relics_lost":["Golden Idol"],"gold_loss":0},{"damage_healed":0,"gold_gain":0,"cards_transformed":["Defend_G","Defend_G"],"player_choice":"Transformed Cards","damage_taken":0,"max_hp_gain":0,"max_hp_loss":0,"event_name":"Designer","floor":46,"gold_loss":75,"cards_obtained":["Prepared","Infinite Blades"]}],"is_beta":false,"boss_relics":[{"not_picked":["Runic Dome","Ectoplasm"],"picked":"Coffee Dripper"},{"not_picked":["Ring of the Serpent","White Beast Statue"],"picked":"HoveringKite"}],"items_purged_floors":[13,30,39,54],"is_endless":false,"potions_floor_spawned":[2,5,25,27,29,40,47,55],"ascension_level":20}