{"gold_per_floor":[118,118,8,25,25,25,45,45,115,133,105,105,105,121,121,195,195,207,221,238,238],"floor_reached":21,"playtime":703,"items_purged":["Strike_G"],"score":303,"play_id":"61810cd7-82f2-4cae-9fee-8adedc3bd7bd","local_time":"20190220182615","is_ascension_mode":true,"campfire_choices":[{"data":"Cloak And Dagger","floor":6,"key":"SMITH"},{"data":"Neutralize","floor":13,"key":"SMITH"},{"data":"Finisher","floor":15,"key":"SMITH"}],"neow_cost":"NONE","seed_source_timestamp":253568485331175,"circlet_count":0,"master_deck":["AscendersBane","Defend_G","Defend_G","Defend_G","Defend_G","Defend_G","Strike_G","Strike_G","Strike_G","Survivor","Neutralize+1","Purity","Cloak And Dagger+1","Finisher+1","Deadly Poison","Acrobatics","Tactician"],"relics":["Ring of the Snake","Kunai","Runic Dome"],"potions_floor_usage":[16],"damage_taken":[{"damage":1,"enemies":"Jaw Worm","floor":1,"turns":5},{"damage":0,"enemies":"Cultist","floor":4,"turns":4},{"damage":6,"enemies":"2 Louse","floor":7,"turns":4},{"damage":0,"enemies":"Large Slime","floor":10,"turns":4},{"damage":15,"enemies":"Exordium Thugs","floor":11,"turns":5},{"damage":0,"enemies":"Blue Slaver","floor":14,"turns":4},{"damage":26,"enemies":"Hexaghost","floor":16,"turns":10},{"damage":6,"enemies":"Shell Parasite","floor":18,"turns":9},{"damage":10,"enemies":"Chosen","floor":19,"turns":7},{"damage":0,"enemies":"Shelled Parasite and Fungi","floor":20,"turns":8},{"damage":38,"enemies":"Chosen and Byrds","floor":21,"turns":9}],"seed_played":"-5297882501663848565","potions_obtained":[{"floor":4,"key":"FearPotion"},{"floor":10,"key":"SpeedPotion"},{"floor":12,"key":"PowerPotion"},{"floor":16,"key":"SteroidPotion"}],"is_trial":false,"path_per_floor":["M","?","$","M","$","R","M","$","T","M","M","?","R","M","R","B",null,"M","M","M","M"],"character_chosen":"THE_SILENT","items_purchased":["Finisher"],"campfire_rested":0,"item_purchase_floors":[3],"current_hp_per_floor":[58,58,58,58,58,58,52,52,52,52,37,37,37,37,37,11,52,46,36,36,0],"gold":238,"neow_bonus":"RANDOM_COLORLESS","is_prod":false,"is_daily":false,"chose_seed":false,"campfire_upgraded":3,"win_rate":0,"timestamp":1550658375,"path_taken":["M","?","$","?","$","R","M","$","T","M","M","?","R","?","R","BOSS","M","M","M","?"],"build_version":"2019-01-23","purchased_purges":1,"victory":false,"max_hp_per_floor":[66,66,66,66,66,66,66,66,66,66,66,66,66,66,66,66,66,66,66,66,66],"card_choices":[{"not_picked":["Flying Knee","Poisoned Stab","Setup"],"picked":"SKIP","floor":1},{"not_picked":["PiercingWail","Outmaneuver","Slice"],"picked":"SKIP","floor":4},{"not_picked":["Prepared","PiercingWail"],"picked":"Deadly Poison","floor":7},{"not_picked":["Flying Knee","Reflex","Poisoned Stab"],"picked":"SKIP","floor":10},{"not_picked":["Choke","Dagger Throw","Catalyst"],"picked":"SKIP","floor":11},{"not_picked":["Predator","Tools of the Trade","Finisher"],"picked":"SKIP","floor":14},{"not_picked":["Flying Knee","Underhanded Strike","Deflect"],"picked":"SKIP","floor":18},{"not_picked":["Setup","Dodge and Roll+1"],"picked":"Acrobatics","floor":19},{"not_picked":["Noxious Fumes","Deadly Poison+1"],"picked":"Tactician","floor":20}],"player_experience":864827,"relics_obtained":[{"floor":9,"key":"Kunai"}],"event_choices":[{"damage_healed":0,"gold_gain":0,"cards_transformed":["Strike_G"],"player_choice":"Transformed","damage_taken":0,"max_hp_gain":0,"max_hp_loss":0,"event_name":"Transmorgrifier","floor":2,"gold_loss":0,"cards_obtained":["Cloak And Dagger"]},{"damage_healed":0,"gold_gain":0,"player_choice":"Got Potions","damage_taken":0,"max_hp_gain":0,"max_hp_loss":0,"event_name":"Lab","floor":12,"gold_loss":0}],"is_beta":false,"boss_relics":[{"not_picked":["Black Star","Velvet Choker"],"picked":"Runic Dome"}],"items_purged_floors":[3],"is_endless":false,"potions_floor_spawned":[4,10,11,16,18,19],"killed_by":"Chosen and Byrds","ascension_level":15}