{"gold_per_floor":[109,109,22,41,41,74,92,92,92,92,16,16,16],"floor_reached":13,"playtime":279,"items_purged":[],"score":162,"play_id":"af35efde-e23f-416e-ab53-4f6230803a2a","local_time":"20190609144758","is_ascension_mode":true,"campfire_choices":[{"data":"Double Energy","floor":10,"key":"SMITH"}],"neow_cost":"PERCENT_DAMAGE","seed_source_timestamp":267501442592527,"circlet_count":0,"master_deck":["AscendersBane","Strike_B","Strike_B","Strike_B","Defend_B","Defend_B","Defend_B","Defend_B","Zap","Dualcast","Amplify","Double Energy+1","Coolheaded","Cold Snap","Compile Driver","Defragment"],"special_seed":0,"relics":["Cracked Core","Shovel","Gremlin Horn"],"potions_floor_usage":[6],"damage_taken":[{"damage":9.0,"enemies":"Jaw Worm","floor":1.0,"turns":4.0},{"damage":2.0,"enemies":"Cultist","floor":4.0,"turns":4.0},{"damage":31,"enemies":"Lagavulin","floor":6,"turns":8},{"damage":7,"enemies":"Small Slimes","floor":7,"turns":5},{"damage":57,"enemies":"Gremlin Nob","floor":13,"turns":4}],"seed_played":"-4555747360385024480","potions_obtained":[{"floor":1.0,"key":"PowerPotion"}],"is_trial":false,"path_per_floor":["M","?","$","M","?","E","M","?","T","R","$","?","E"],"character_chosen":"DEFECT","items_purchased":["Double Energy","Defragment"],"campfire_rested":0,"item_purchase_floors":[3,11],"current_hp_per_floor":[37,71,71,69,74,43,36,29,29,29,29,29,0],"gold":16,"neow_bonus":"THREE_RARE_CARDS","is_prod":false,"is_daily":false,"chose_seed":false,"campfire_upgraded":1,"win_rate":0,"timestamp":1560059278,"path_taken":["M","?","$","?","?","E","M","?","T","R","?","?","E"],"build_version":"2019-01-23","purchased_purges":0,"victory":false,"max_hp_per_floor":[71,71,71,71,76,76,76,76,76,76,76,76,76],"card_choices":[{"not_picked":["Thunder Strike","Core Surge"],"picked":"Amplify","floor":0.0},{"not_picked":["Conserve Battery","Reinforced Body"],"picked":"Static Discharge","floor":1.0},{"not_picked":["Hello World","Go for the Eyes"],"picked":"Coolheaded","floor":4.0},{"not_picked":["All For One","Static Discharge"],"picked":"Cold Snap","floor":6},{"not_picked":["Steam","Go for the Eyes"],"picked":"Compile Driver","floor":7}],"player_experience":575494,"relics_obtained":[{"floor":6,"key":"Shovel"},{"floor":9,"key":"Gremlin Horn"}],"event_choices":[{"cards_removed":["Static Discharge"],"damage_healed":34.0,"max_hp_gain":0.0,"max_hp_loss":0.0,"gold_gain":0.0,"event_name":"Bonfire Elementals","player_choice":"Offered Uncommon","floor":2.0,"gold_loss":0.0,"damage_taken":0.0},{"damage_healed":0.0,"max_hp_gain":5.0,"max_hp_loss":0.0,"gold_gain":0.0,"event_name":"Big Fish","player_choice":"Donut","floor":5.0,"gold_loss":0.0,"damage_taken":0.0},{"cards_removed":["Strike_B"],"damage_healed":0,"gold_gain":0,"player_choice":"Card Removal","damage_taken":7,"max_hp_gain":0,"max_hp_loss":0,"event_name":"Golden Wing","floor":8,"gold_loss":0},{"damage_healed":0,"gold_gain":0,"player_choice":"Leave","damage_taken":0,"max_hp_gain":0,"max_hp_loss":0,"event_name":"The Cleric","floor":12,"gold_loss":0}],"is_beta":false,"boss_relics":[],"items_purged_floors":[],"is_endless":false,"potions_floor_spawned":[1],"killed_by":"Gremlin Nob","ascension_level":20}