{"gold_per_floor":[115,115,190,19,38,38,66,66,91,101,17,29,48,48,48,141,141,160,160,160,610,4,4,20,58,58,58,58],"floor_reached":28,"playtime":725,"items_purged":["Strike_G","Strike_G"],"score":568,"play_id":"6c34fde4-4b4c-4814-8156-6d6ed21fbc0f","local_time":"20181127111644","is_ascension_mode":true,"campfire_choices":[{"data":"Concentrate","floor":6,"key":"SMITH"},{"data":"Deadly Poison","floor":8,"key":"SMITH"},{"data":"Reflex","floor":15,"key":"SMITH"},{"data":"Flechettes","floor":23,"key":"SMITH"},{"data":"Well Laid Plans","floor":27,"key":"SMITH"}],"neow_cost":"NONE","seed_source_timestamp":4104741516869,"circlet_count":0,"master_deck":["AscendersBane","Defend_G","Defend_G","Defend_G","Defend_G","Defend_G","Strike_G","Strike_G","Survivor+1","Neutralize","Acrobatics+1","Concentrate+1","Backflip","Deadly Poison+1","Reflex+1","Well Laid Plans+1","After Image","Corpse Explosion","Catalyst","Flechettes+1","Infinite Blades","Blade Dance","Calculated Gamble"],"relics":["Ring of the Snake","NeowsBlessing","Snake Skull","Golden Idol","Sozu","Dead Branch","Bottled Tornado","Bottled Lightning"],"potions_floor_usage":[18,25],"damage_taken":[{"damage":0,"enemies":"Small Slimes","floor":1,"turns":1},{"damage":0,"enemies":"Jaw Worm","floor":5,"turns":1},{"damage":0,"enemies":"3 Sentries","floor":7,"turns":2},{"damage":1,"enemies":"2 Louse","floor":10,"turns":3},{"damage":8,"enemies":"Gremlin Gang","floor":12,"turns":7},{"damage":0,"enemies":"Looter","floor":13,"turns":4},{"damage":13,"enemies":"The Guardian","floor":16,"turns":9},{"damage":0,"enemies":"3 Byrds","floor":18,"turns":2},{"damage":0,"enemies":"Chosen","floor":24,"turns":3},{"damage":8,"enemies":"Gremlin Leader","floor":25,"turns":5},{"damage":16,"enemies":"Shelled Parasite and Fungi","floor":28,"turns":2}],"seed_played":"9205472988804655348","potions_obtained":[{"floor":10,"key":"Regen Potion"},{"floor":12,"key":"Explosive Potion"}],"is_trial":false,"path_per_floor":["M","?","?","$","M","R","E","R","T","M","$","M","M","?","R","B",null,"M","?","?","?","$","R","M","E","T","R","M"],"character_chosen":"THE_SILENT","items_purchased":["Concentrate","Backflip","Well Laid Plans","Flechettes","Dead Branch","Infinite Blades","Blade Dance"],"campfire_rested":0,"item_purchase_floors":[4,4,11,22,22,22,22],"current_hp_per_floor":[59,39,28,28,28,28,28,28,28,27,27,19,19,19,19,6,47,47,47,47,11,11,11,11,17,17,17,1],"gold":58,"neow_bonus":"THREE_ENEMY_KILL","is_prod":false,"is_daily":false,"chose_seed":false,"campfire_upgraded":5,"win_rate":0,"timestamp":1543288604,"path_taken":["M","?","?","$","M","R","E","R","T","M","$","?","M","?","R","BOSS","M","?","?","?","$","R","M","E","T","R","?"],"build_version":"2018-11-15","purchased_purges":2,"victory":false,"max_hp_per_floor":[66,66,66,66,66,66,66,66,66,66,66,66,66,60,60,60,60,60,60,60,60,60,60,60,60,60,60,60],"card_choices":[{"not_picked":["Backflip","Bouncing Flask"],"picked":"Acrobatics","floor":1},{"not_picked":["Bane","Dodge and Roll"],"picked":"Deadly Poison","floor":5},{"not_picked":["Cloak And Dagger","Dash"],"picked":"Reflex","floor":7},{"not_picked":["Dash","Flying Knee","Backstab"],"picked":"SKIP","floor":10},{"not_picked":["Deadly Poison","Outmaneuver"],"picked":"After Image","floor":12},{"not_picked":["Poisoned Stab","Backflip","Flying Knee"],"picked":"SKIP","floor":13},{"not_picked":["A Thousand Cuts","Unload"],"picked":"Corpse Explosion","floor":16},{"not_picked":["Dagger Spray","PiercingWail"],"picked":"Catalyst","floor":18},{"not_picked":["Skewer","Backflip","Slice"],"picked":"SKIP","floor":24},{"not_picked":["Footwork","Deflect"],"picked":"Calculated Gamble","floor":25}],"player_experience":1167313,"relics_obtained":[{"floor":7,"key":"Snake Skull"},{"floor":25,"key":"Bottled Tornado"},{"floor":26,"key":"Bottled Lightning"}],"event_choices":[{"damage_healed":0,"gold_gain":0,"player_choice":"Entered Light","damage_taken":20,"max_hp_gain":0,"max_hp_loss":0,"event_name":"Shining Light","floor":2,"gold_loss":0,"cards_upgraded":["Acrobatics","Survivor"]},{"damage_healed":0,"gold_gain":75,"player_choice":"Gather Gold","damage_taken":11,"max_hp_gain":0,"max_hp_loss":0,"event_name":"World of Goop","floor":3,"gold_loss":0},{"damage_healed":0,"gold_gain":0,"player_choice":"Lose Max HP","damage_taken":0,"relics_obtained":["Golden Idol"],"max_hp_gain":0,"max_hp_loss":6,"event_name":"Golden Idol","floor":14,"gold_loss":0},{"damage_healed":0,"gold_gain":0,"player_choice":"Ignored","damage_taken":0,"max_hp_gain":0,"max_hp_loss":0,"event_name":"Vampires","floor":19,"gold_loss":0},{"cards_removed":["Strike_G"],"damage_healed":0,"gold_gain":0,"player_choice":"Elegance","damage_taken":0,"max_hp_gain":0,"max_hp_loss":0,"event_name":"Back to Basics","floor":20,"gold_loss":0},{"damage_healed":0,"gold_gain":450,"player_choice":"GOLD GOLD GOLD GOLD GOLD ","damage_taken":36,"max_hp_gain":0,"max_hp_loss":0,"event_name":"Knowing Skull","floor":21,"potions_obtained":[],"gold_loss":0,"cards_obtained":[]}],"is_beta":true,"boss_relics":[{"not_picked":["Busted Crown","Fusion Hammer"],"picked":"Sozu"}],"items_purged_floors":[4,22],"is_endless":false,"potions_floor_spawned":[10,12],"killed_by":"Shelled Parasite and Fungi","ascension_level":20}