{"gold_per_floor":[132,180,24,84,54,84,174,204,204,291,291,372,372,477,477,711,711,711],"floor_reached":18,"playtime":435,"items_purged":[],"score":680,"play_id":"4c1b670a-44d4-4444-b4db-49a13a32e3ab","local_time":"20190220143612","daily_mods":["DeadlyEvents","Binary","Cursed Run","Elite Swarm","Lethality","Midas","Night Terrors","Terminal","Uncertain Future","Binary"],"is_ascension_mode":true,"campfire_choices":[{"floor":11.0,"key":"REST"},{"floor":13.0,"key":"REST"},{"floor":15.0,"key":"REST"}],"neow_cost":"","seed_source_timestamp":238257674752076,"circlet_count":0,"master_deck":["AscendersBane","Defend_G","Defend_G","Defend_G","Defend_G","Defend_G","Strike_G","Strike_G","Survivor","Neutralize","Skewer","Dash","Acrobatics","Decay","Riddle With Holes+1","Blur+1","After Image+1"],"special_seed":0,"relics":["Cursed Key","Darkstone Periapt","Du-Vu Doll","Busted Crown","Dodecahedron","Smiling Mask","Potion Belt","Ginger","Astrolabe"],"potions_floor_usage":[],"damage_taken":[{"damage":0.0,"enemies":"Cultist","floor":1.0,"turns":3.0},{"damage":0.0,"enemies":"Jaw Worm","floor":2.0,"turns":3.0},{"damage":0.0,"enemies":"Small Slimes","floor":4.0,"turns":2.0},{"damage":0.0,"enemies":"3 Louse","floor":6.0,"turns":2.0},{"damage":0.0,"enemies":"3 Sentries","floor":7.0,"turns":6.0},{"damage":0.0,"enemies":"Red Slaver","floor":8.0,"turns":1.0},{"damage":0.0,"enemies":"Lagavulin","floor":10.0,"turns":3.0},{"damage":0.0,"enemies":"3 Sentries","floor":12.0,"turns":5.0},{"damage":0.0,"enemies":"Lagavulin","floor":14.0,"turns":5.0},{"damage":0.0,"enemies":"The Guardian","floor":16.0,"turns":7.0},{"damage":0,"enemies":"3 Byrds","floor":18,"turns":1}],"seed_played":"9138073941904138231","potions_obtained":[{"floor":1.0,"key":"GamblersBrew"},{"floor":4.0,"key":"EssenceOfSteel"},{"floor":10.0,"key":"SneckoOil"},{"floor":14.0,"key":"Energy Potion"},{"floor":16.0,"key":"FearPotion"}],"is_trial":true,"path_per_floor":["M","M","$","M","$","M","E","M","T","E","R","E","R","E","R","B",null,"M"],"character_chosen":"THE_SILENT","items_purchased":["Skewer","Dash","Acrobatics"],"campfire_rested":3,"item_purchase_floors":[3,3,5],"current_hp_per_floor":[1,1,1,1,1,1,1,1,1,1,1,1,1,1,1,6,5,5],"gold":711,"neow_bonus":"","is_prod":false,"is_daily":false,"chose_seed":false,"campfire_upgraded":0,"win_rate":0,"timestamp":1550644572,"path_taken":["M","M","?","M","$","?","E","M","T","E","R","E","R","?","R","BOSS","M"],"build_version":"2019-01-23","purchased_purges":0,"victory":false,"max_hp_per_floor":[1,1,1,1,1,1,1,1,1,1,1,1,1,1,1,6,5,5],"card_choices":[],"player_experience":857519,"relics_obtained":[{"floor":7.0,"key":"Dodecahedron"},{"floor":10.0,"key":"Smiling Mask"},{"floor":12.0,"key":"Potion Belt"},{"floor":14.0,"key":"Ginger"}],"event_choices":[],"is_beta":false,"boss_relics":[{"not_picked":["Pandora\u0027s Box","Runic Dome"],"picked":"Astrolabe"}],"items_purged_floors":[],"is_endless":false,"potions_floor_spawned":[1,4,10,14,16],"killed_by":"3 Byrds","ascension_level":20}