{"gold_per_floor":[18,32,32,50,50,50,79,4,29,46,46,46,46,71,71,196,196,220,220,239,164,183,183,38,38,64,93,93,93,93,2883,2883,2988,2988,3000,3014,2266,2286,2286,2286,2304,2304,2304,1547,1547,1547,1547,1557,1557,1557],"floor_reached":51,"playtime":1385,"items_purged":["Strike_B","Defend_B","Defend_B"],"score":761,"play_id":"296a1d2f-6692-4617-8bd4-3d90be3749f5","local_time":"20190619121911","is_ascension_mode":false,"campfire_choices":[{"data":"Hyperbeam","floor":6.0,"key":"SMITH"},{"data":"Rip and Tear","floor":12,"key":"SMITH"},{"data":"Dualcast","floor":15,"key":"SMITH"},{"data":"Biased Cognition","floor":23,"key":"SMITH"},{"data":"Reinforced Body","floor":25,"key":"SMITH"},{"data":"Auto Shields","floor":29,"key":"SMITH"},{"floor":32,"key":"REST"},{"data":"Creative AI","floor":40,"key":"SMITH"},{"data":"Capacitor","floor":45,"key":"SMITH"},{"data":"Impatience","floor":47,"key":"SMITH"},{"data":"Discovery","floor":49,"key":"SMITH"}],"neow_cost":"NO_GOLD","seed_source_timestamp":7803680109900,"circlet_count":0,"master_deck":["Defend_B+1","Zap+1","Dualcast+1","Rip and Tear+1","Cold Snap","Hyperbeam+1","Rainbow","Biased Cognition+1","Auto Shields+1","Reinforced Body+1","Core Surge","Creative AI+1","Biased Cognition+1","Capacitor+1","Impatience+1","Discovery+1","Consume+1"],"special_seed":0,"relics":["Cracked Core","Juzu Bracelet","Happy Flower","Bloody Idol","Busted Crown","DataDisk","Orichalcum","Bottled Tornado","Sozu","Bronze Scales","Ice Cream","ClockworkSouvenir","Matryoshka","Bottled Lightning","War Paint","Bag of Preparation","Question Card","DollysMirror"],"potions_floor_usage":[18],"damage_taken":[{"damage":6.0,"enemies":"Jaw Worm","floor":1.0,"turns":3.0},{"damage":0.0,"enemies":"Cultist","floor":2.0,"turns":2.0},{"damage":10.0,"enemies":"Small Slimes","floor":4.0,"turns":2.0},{"damage":25.0,"enemies":"Lagavulin","floor":7.0,"turns":7.0},{"damage":0,"enemies":"Exordium Thugs","floor":10,"turns":2},{"damage":7,"enemies":"3 Louse","floor":14,"turns":2},{"damage":5,"enemies":"Hexaghost","floor":16,"turns":8},{"damage":0,"enemies":"2 Thieves","floor":18,"turns":1},{"damage":8,"enemies":"3 Byrds","floor":20,"turns":3},{"damage":0,"enemies":"Centurion and Healer","floor":22,"turns":4},{"damage":7,"enemies":"Gremlin Leader","floor":27,"turns":3},{"damage":7,"enemies":"Collector","floor":33,"turns":16},{"damage":5,"enemies":"3 Darklings","floor":35,"turns":3},{"damage":5,"enemies":"Orb Walker","floor":36,"turns":2},{"damage":0,"enemies":"Jaw Worm Horde","floor":38,"turns":2},{"damage":0,"enemies":"Maw","floor":41,"turns":7},{"damage":0,"enemies":"4 Shapes","floor":48,"turns":4},{"damage":4,"enemies":"Time Eater","floor":50,"turns":10}],"seed_played":"5732555781046958489","potions_obtained":[{"floor":1.0,"key":"SkillPotion"},{"floor":2.0,"key":"FearPotion"},{"floor":3.0,"key":"Strength Potion"},{"floor":14,"key":"LiquidBronze"},{"floor":16,"key":"Energy Potion"},{"floor":20,"key":"Poison Potion"}],"is_trial":false,"path_per_floor":["M","M","?","M","?","R","E","$","T","M","?","R","?","M","R","B",null,"M","?","M","?","M","R","$","R","T","E","?","R","$","?","R","B",null,"M","M","$","M","T","R","M","?","T","$","R","?","R","M","R","B",null],"character_chosen":"DEFECT","items_purchased":["DataDisk","Bronze Scales","Ice Cream","ClockworkSouvenir","Bag of Preparation","Question Card","DollysMirror","Capacitor"],"campfire_rested":1,"item_purchase_floors":[24,37,37,37,44,44,44,44],"current_hp_per_floor":[69,69,69,59,59,59,34,34,34,34,16,16,16,9,9,4,75,75,75,72,72,75,75,75,75,75,73,73,73,73,4,26,24,75,75,75,75,75,75,75,75,71,71,71,71,61,61,66,66,62],"gold":1557,"neow_bonus":"REMOVE_TWO","is_prod":false,"is_daily":false,"chose_seed":false,"campfire_upgraded":10,"win_rate":0,"timestamp":1560917951,"path_taken":["M","M","?","?","?","R","E","?","T","M","?","R","?","M","R","BOSS","M","?","M","?","M","R","?","R","T","E","?","R","$","?","R","BOSS","M","M","$","M","?","R","M","?","T","$","R","?","R","M","R","BOSS"],"build_version":"2019-01-23","purchased_purges":3,"victory":true,"max_hp_per_floor":[75,75,75,75,75,75,75,75,75,75,75,75,75,75,75,75,75,75,75,75,75,75,75,75,75,75,75,75,75,75,75,75,75,75,75,75,75,75,75,75,75,71,71,71,71,71,71,71,71,71],"card_choices":[{"not_picked":["Double Energy","Stack"],"picked":"Rip and Tear","floor":1.0},{"not_picked":["Barrage","Redo","Heatsinks"],"picked":"SKIP","floor":2.0},{"not_picked":["Beam Cell","Streamline"],"picked":"Cold Snap","floor":4.0},{"not_picked":["Seek","Rip and Tear"],"picked":"Rainbow","floor":7.0},{"not_picked":["Streamline","Go for the Eyes","Turbo"],"picked":"SKIP","floor":10},{"not_picked":["Coolheaded","FTL","Conserve Battery"],"picked":"SKIP","floor":14},{"not_picked":["Amplify","Creative AI"],"picked":"Biased Cognition","floor":16},{"not_picked":["Rebound"],"picked":"SKIP","floor":18},{"not_picked":[],"picked":"Auto Shields","floor":20},{"not_picked":[],"picked":"Reinforced Body","floor":22},{"not_picked":[],"picked":"Core Surge","floor":27},{"not_picked":[],"picked":"Creative AI","floor":33},{"not_picked":["Leap+1"],"picked":"SKIP","floor":35},{"not_picked":["Sweeping Beam+1"],"picked":"SKIP","floor":36},{"not_picked":["Beam Cell+1"],"picked":"SKIP","floor":38},{"not_picked":["Leap"],"picked":"SKIP","floor":41},{"not_picked":["Jack Of All Trades"],"picked":"Impatience","floor":46},{"not_picked":["Blind"],"picked":"Discovery","floor":46},{"not_picked":["Multi-Cast"],"picked":"Consume+1","floor":48}],"player_experience":5444000,"relics_obtained":[{"floor":7.0,"key":"Juzu Bracelet"},{"floor":9.0,"key":"Happy Flower"},{"floor":26,"key":"Orichalcum"},{"floor":27,"key":"Bottled Tornado"},{"floor":39,"key":"Matryoshka"},{"floor":43,"key":"Bottled Lightning"},{"floor":43,"key":"War Paint"}],"event_choices":[{"damage_healed":0.0,"max_hp_gain":0.0,"max_hp_loss":0.0,"gold_gain":0.0,"event_name":"Lab","player_choice":"Got Potions","floor":3.0,"gold_loss":0.0,"damage_taken":0.0},{"damage_healed":0.0,"max_hp_gain":0.0,"max_hp_loss":0.0,"gold_gain":0.0,"cards_transformed":["Strike_B"],"event_name":"Living Wall","player_choice":"Change","floor":5.0,"gold_loss":0.0,"damage_taken":0.0,"cards_obtained":["Hyperbeam"]},{"damage_healed":0,"gold_gain":0,"player_choice":"Take Damage","damage_taken":18,"relics_obtained":["Golden Idol"],"max_hp_gain":0,"max_hp_loss":0,"event_name":"Golden Idol","floor":11,"gold_loss":0},{"damage_healed":0,"gold_gain":0,"player_choice":"Leave","damage_taken":0,"max_hp_gain":0,"max_hp_loss":0,"event_name":"The Cleric","floor":13,"gold_loss":0},{"damage_healed":0,"gold_gain":0,"player_choice":"Gave Idol","damage_taken":0,"relics_obtained":["Bloody Idol"],"max_hp_gain":0,"max_hp_loss":0,"event_name":"Forgotten Altar","floor":19,"relics_lost":["Golden Idol"],"gold_loss":0},{"cards_removed":["Strike_B"],"damage_healed":0,"gold_gain":0,"player_choice":"Gave Gold","damage_taken":0,"max_hp_gain":0,"max_hp_loss":0,"event_name":"Beggar","floor":21,"gold_loss":75},{"damage_healed":0,"gold_gain":0,"player_choice":"Bought 0 Potions","damage_taken":0,"max_hp_gain":0,"max_hp_loss":0,"event_name":"The Woman in Blue","floor":28,"gold_loss":0},{"damage_healed":0,"gold_gain":2790,"player_choice":"GOLD GOLD GOLD GOLD GOLD GOLD GOLD GOLD GOLD GOLD GOLD GOLD GOLD GOLD GOLD GOLD GOLD GOLD GOLD GOLD GOLD GOLD GOLD GOLD GOLD GOLD GOLD GOLD GOLD GOLD GOLD ","damage_taken":224,"max_hp_gain":0,"max_hp_loss":0,"event_name":"Knowing Skull","floor":31,"potions_obtained":[],"gold_loss":0,"cards_obtained":[]},{"damage_healed":0,"gold_gain":0,"player_choice":"Max HP","damage_taken":0,"max_hp_gain":0,"max_hp_loss":4,"event_name":"Winding Halls","floor":42,"gold_loss":0},{"damage_healed":0,"gold_gain":0,"player_choice":"Memory 3","damage_taken":10,"max_hp_gain":0,"max_hp_loss":0,"event_name":"SensoryStone","floor":46,"gold_loss":0}],"is_beta":false,"boss_relics":[{"not_picked":["Eternal Feather","Nuclear Battery"],"picked":"Busted Crown"},{"not_picked":["Black Star","Snecko Eye"],"picked":"Sozu"}],"items_purged_floors":[8,37,44],"is_endless":false,"potions_floor_spawned":[1,2,14,16,20,27,38,41,48],"ascension_level":0}