{"gold_per_floor":[214,229,244,262,141,141,154,54,54,54,65,75,75,87,87,182,182,200,200,219,232,243,243,256,256,280,26,126,145,145,161,161,261,261,279,75,75,75],"floor_reached":39,"playtime":1392,"items_purged":["Strike_B","Defend_B","Writhe"],"score":577,"play_id":"b676ebef-0fe2-423b-b171-dbe6a95d3be0","local_time":"20190804012445","is_ascension_mode":false,"campfire_choices":[{"data":"Zap","floor":6,"key":"SMITH"},{"data":"Hologram","floor":10,"key":"SMITH"},{"data":"Dualcast","floor":15,"key":"SMITH"},{"data":"Hologram","floor":23,"key":"SMITH"},{"data":"Hello World","floor":25,"key":"SMITH"},{"data":"Creative AI","floor":30,"key":"SMITH"},{"floor":32,"key":"REST"}],"neow_cost":"NONE","seed_source_timestamp":241223770472,"circlet_count":0,"master_deck":["Strike_B","Strike_B+1","Defend_B","Defend_B","Defend_B","Zap+1","Dualcast+1","Glacier","Hologram+1","Chill","Hello World+1","Ball Lightning","Coolheaded","Ball Lightning","Hologram+1","Lockon+1","Biased Cognition","Go for the Eyes+1","Conserve Battery+1","Glacier","Creative AI+1","Stack+1","Rebound","Seek","Steam+1","Defragment"],"relics":["FrozenCore","Meat on the Bone","Cursed Key","Whetstone","Bottled Tornado","StoneCalendar","Pear"],"potions_floor_usage":[4,16,28,28,31,38,38],"damage_taken":[{"damage":0,"enemies":"Cultist","floor":1,"turns":3},{"damage":0,"enemies":"Jaw Worm","floor":2,"turns":4},{"damage":5,"enemies":"Small Slimes","floor":3,"turns":3},{"damage":2,"enemies":"Exordium Thugs","floor":4,"turns":2},{"damage":3,"enemies":"2 Fungi Beasts","floor":7,"turns":4},{"damage":7,"enemies":"Large Slime","floor":11,"turns":5},{"damage":0,"enemies":"Exordium Thugs","floor":12,"turns":4},{"damage":10,"enemies":"Blue Slaver","floor":14,"turns":3},{"damage":20,"enemies":"Hexaghost","floor":16,"turns":7},{"damage":2,"enemies":"Spheric Guardian","floor":18,"turns":3},{"damage":0,"enemies":"Chosen","floor":20,"turns":3},{"damage":6,"enemies":"Snecko","floor":21,"turns":4},{"damage":15,"enemies":"Snake Plant","floor":22,"turns":2},{"damage":0,"enemies":"Centurion and Healer","floor":24,"turns":8},{"damage":20,"enemies":"Colosseum Slavers","floor":28,"turns":3},{"damage":13,"enemies":"Colosseum Nobs","floor":28,"turns":5},{"damage":0,"enemies":"Chosen and Byrds","floor":29,"turns":3},{"damage":0,"enemies":"Shelled Parasite and Fungi","floor":31,"turns":5},{"damage":31,"enemies":"Champ","floor":33,"turns":8},{"damage":12,"enemies":"3 Shapes","floor":35,"turns":4},{"damage":20,"enemies":"Donu and Deca","floor":38,"turns":11}],"seed_played":"4616756103165715880","potions_obtained":[{"floor":1,"key":"LiquidBronze"},{"floor":3,"key":"Explosive Potion"},{"floor":7,"key":"Dexterity Potion"},{"floor":16,"key":"Swift Potion"},{"floor":18,"key":"LiquidBronze"},{"floor":19,"key":"PowerPotion"},{"floor":19,"key":"Regen Potion"},{"floor":22,"key":"FairyPotion"},{"floor":28,"key":"SkillPotion"},{"floor":33,"key":"Regen Potion"},{"floor":35,"key":"Weak Potion"}],"is_trial":false,"path_per_floor":["M","M","M","M","$","R","M","$","T","R","M","M","?","M","R","B",null,"M","?","M","M","M","R","M","R","T","$","?","M","R","M","R","B",null,"M","$","?","B",null],"character_chosen":"DEFECT","items_purchased":["Ball Lightning","Bottled Tornado","Defragment"],"campfire_rested":1,"item_purchase_floors":[5,27,36],"current_hp_per_floor":[75,75,70,68,68,68,65,65,65,65,58,58,58,48,48,40,75,73,73,73,67,52,52,52,52,52,52,55,55,55,55,80,49,85,73,73,73,68],"gold":75,"neow_bonus":"HUNDRED_GOLD","is_prod":false,"is_daily":false,"chose_seed":false,"campfire_upgraded":6,"win_rate":0,"timestamp":1564903485,"path_taken":["M","M","M","?","$","R","M","?","T","R","?","M","?","?","R","BOSS","M","?","M","M","M","R","M","R","T","?","?","M","R","?","R","BOSS","M","$","?","BOSS"],"build_version":"2019-07-17","purchased_purges":3,"victory":true,"max_hp_per_floor":[75,75,75,75,75,75,75,75,75,75,75,75,75,75,75,75,75,75,75,75,75,75,75,75,75,75,75,85,85,85,85,85,85,85,85,85,85,85],"card_choices":[{"not_picked":["Static Discharge","Hologram"],"picked":"Glacier","floor":1},{"not_picked":["Sunder","Reprogram"],"picked":"Hologram","floor":2},{"not_picked":["Streamline","Beam Cell"],"picked":"Chill","floor":3},{"not_picked":["Lockon","Stack"],"picked":"Hello World","floor":4},{"not_picked":["Stack","Go for the Eyes"],"picked":"Coolheaded","floor":7},{"not_picked":["Coolheaded","Compile Driver"],"picked":"Ball Lightning","floor":11},{"not_picked":["BootSequence","Leap","Barrage"],"picked":"SKIP","floor":12},{"not_picked":["Hyperbeam","Hologram"],"picked":"Lockon","floor":14},{"not_picked":["Meteor Strike","Creative AI"],"picked":"Biased Cognition","floor":16},{"not_picked":["Sweeping Beam","Redo"],"picked":"Go for the Eyes+1","floor":18},{"not_picked":["Barrage","Go for the Eyes","Gash"],"picked":"SKIP","floor":20},{"not_picked":["Streamline","Stack"],"picked":"Conserve Battery+1","floor":21},{"not_picked":["Stack","Heatsinks+1","Scrape+1"],"picked":"SKIP","floor":22},{"not_picked":["Hologram","Beam Cell"],"picked":"Glacier","floor":24},{"not_picked":["Stack","Rebound"],"picked":"Creative AI","floor":28},{"not_picked":["Gash","Steam+1"],"picked":"Stack+1","floor":29},{"not_picked":["Redo","Barrage"],"picked":"Rebound","floor":31},{"not_picked":["Buffer","Hyperbeam"],"picked":"Seek","floor":33},{"not_picked":["Compile Driver","Force Field"],"picked":"Steam+1","floor":35}],"player_experience":1610132,"relics_obtained":[{"floor":9,"key":"Meat on the Bone"},{"floor":26,"key":"Whetstone"},{"floor":28,"key":"StoneCalendar"},{"floor":28,"key":"Pear"}],"event_choices":[{"damage_healed":0,"gold_gain":0,"cards_transformed":["Strike_B"],"player_choice":"Transformed","damage_taken":0,"max_hp_gain":0,"max_hp_loss":0,"event_name":"Transmorgrifier","floor":13,"gold_loss":0,"cards_obtained":["Hologram"]},{"damage_healed":0,"gold_gain":0,"player_choice":"Got Potions","damage_taken":0,"max_hp_gain":0,"max_hp_loss":0,"event_name":"Lab","floor":19,"gold_loss":0},{"damage_healed":0,"gold_gain":0,"player_choice":"Fight","damage_taken":0,"max_hp_gain":0,"max_hp_loss":0,"event_name":"Colosseum","floor":28,"gold_loss":0},{"damage_healed":0,"gold_gain":0,"player_choice":"Fought Nobs","damage_taken":0,"max_hp_gain":0,"max_hp_loss":0,"event_name":"Colosseum","floor":28,"gold_loss":0},{"damage_healed":0,"gold_gain":0,"player_choice":"Took Portal","damage_taken":0,"max_hp_gain":0,"max_hp_loss":0,"event_name":"SecretPortal","floor":37,"gold_loss":0}],"is_beta":false,"boss_relics":[{"not_picked":["Orrery","Astrolabe"],"picked":"Cursed Key"},{"not_picked":["Snecko Eye","Runic Pyramid"],"picked":"FrozenCore"}],"items_purged_floors":[5,8,36],"is_endless":false,"potions_floor_spawned":[1,3,7,16,18,22,24,28,33,35],"ascension_level":0}