{"gold_per_floor":[109,123,138,157,173,173,204,204,227,302,332,332,365,381,381,483,483,500,519,444,444,475,475,475,491,517,517,534,352,372,390,390,390],"floor_reached":33,"playtime":3432,"items_purged":["Strike_R","Rupture"],"score":311,"play_id":"31c34674-9e01-4bd8-8d47-3e87136f2b6b","local_time":"20190719040525","is_ascension_mode":true,"campfire_choices":[{"data":"Flame Barrier","floor":6,"key":"SMITH"},{"data":"Anger","floor":8,"key":"SMITH"},{"floor":12,"key":"REST"},{"data":"Entrench","floor":15,"key":"SMITH"},{"floor":23,"key":"REST"},{"data":"Flame Barrier","floor":27,"key":"SMITH"},{"floor":32,"key":"REST"}],"neow_cost":"PERCENT_DAMAGE","seed_source_timestamp":414873205202638,"circlet_count":0,"master_deck":["Strike_R","Strike_R","Defend_R","Defend_R","Defend_R","Defend_R","Bash","Dropkick","Flame Barrier+1","Flame Barrier","Battle Trance","Anger+1","Flame Barrier+1","Entrench+1","Impervious","Body Slam+1","Entrench+1","Blood for Blood","Seeing Red","Ghostly Armor+1","Impatience","Body Slam"],"relics":["Burning Blood","Ginger","Charon\u0027s Ashes","Orichalcum","Odd Mushroom","Strawberry","Mark of Pain","Red Mask","Vajra"],"potions_floor_usage":[13,18,25,25,33,33,33],"damage_taken":[{"damage":1,"enemies":"2 Louse","floor":1,"turns":3},{"damage":0,"enemies":"Small Slimes","floor":2,"turns":3},{"damage":5,"enemies":"Jaw Worm","floor":3,"turns":7},{"damage":16,"enemies":"Large Slime","floor":4,"turns":8},{"damage":5,"enemies":"Exordium Wildlife","floor":5,"turns":4},{"damage":22,"enemies":"Gremlin Nob","floor":7,"turns":5},{"damage":13,"enemies":"The Mushroom Lair","floor":11,"turns":4},{"damage":15,"enemies":"Lagavulin","floor":13,"turns":8},{"damage":9,"enemies":"3 Louse","floor":14,"turns":4},{"damage":18,"enemies":"Hexaghost","floor":16,"turns":10},{"damage":15,"enemies":"Shell Parasite","floor":18,"turns":8},{"damage":12,"enemies":"3 Byrds","floor":19,"turns":4},{"damage":43,"enemies":"Masked Bandits","floor":22,"turns":6},{"damage":41,"enemies":"Centurion and Healer","floor":25,"turns":10},{"damage":14,"enemies":"Snecko","floor":28,"turns":7},{"damage":18,"enemies":"Shelled Parasite and Fungi","floor":30,"turns":6},{"damage":12,"enemies":"Cultist and Chosen","floor":31,"turns":6},{"damage":48,"enemies":"Collector","floor":33,"turns":11}],"seed_played":"4688491985996671666","potions_obtained":[{"floor":3,"key":"Dexterity Potion"},{"floor":5,"key":"SpeedPotion"},{"floor":7,"key":"Ancient Potion"},{"floor":16,"key":"Block Potion"},{"floor":22,"key":"BloodPotion"},{"floor":25,"key":"GamblersBrew"},{"floor":31,"key":"PowerPotion"}],"is_trial":false,"path_per_floor":["M","M","M","M","M","R","E","R","T","?","?","R","E","M","R","B",null,"M","M","$","?","?","R","?","M","T","R","M","$","M","M","R","B"],"character_chosen":"IRONCLAD","items_purchased":["Impatience"],"campfire_rested":3,"item_purchase_floors":[29],"current_hp_per_floor":[61,67,68,58,59,59,43,43,43,32,25,49,47,44,44,32,87,78,72,72,72,35,61,61,47,47,47,39,39,27,21,47,0],"gold":390,"neow_bonus":"ONE_RARE_RELIC","is_prod":false,"is_daily":false,"chose_seed":false,"campfire_upgraded":4,"win_rate":0,"timestamp":1563527125,"path_taken":["M","M","M","M","M","R","E","R","T","?","?","R","E","M","R","BOSS","M","M","$","?","?","R","?","?","T","R","M","$","M","M","R","BOSS"],"build_version":"2019-07-17","purchased_purges":2,"victory":false,"max_hp_per_floor":[80,80,80,80,80,80,80,80,80,80,80,80,87,87,87,87,87,87,87,87,87,87,87,87,87,87,87,87,87,87,87,87,87],"card_choices":[{"not_picked":["Body Slam","Armaments"],"picked":"Dropkick","floor":1},{"not_picked":["Perfected Strike","Cleave"],"picked":"Flame Barrier","floor":2},{"not_picked":["Havoc","Pommel Strike"],"picked":"Flame Barrier","floor":3},{"not_picked":["Wild Strike","Warcry"],"picked":"Battle Trance","floor":4},{"not_picked":["Wild Strike","Warcry"],"picked":"Rupture","floor":5},{"not_picked":["Intimidate","Cleave"],"picked":"Anger","floor":7},{"not_picked":["Cleave","Warcry"],"picked":"Flame Barrier","floor":11},{"not_picked":["Rage","Feed"],"picked":"Entrench","floor":13},{"not_picked":["Anger","Havoc","Clash"],"picked":"SKIP","floor":14},{"not_picked":["Fiend Fire","Limit Break"],"picked":"Impervious","floor":16},{"not_picked":["Armaments","Heavy Blade+1"],"picked":"Body Slam+1","floor":18},{"not_picked":["Wild Strike","Perfected Strike"],"picked":"Entrench+1","floor":19},{"not_picked":["Pummel","Combust"],"picked":"Ghostly Armor+1","floor":22},{"not_picked":["Reckless Charge+1","True Grit","Feel No Pain+1"],"picked":"SKIP","floor":25},{"not_picked":["Combust","Hemokinesis","Clash"],"picked":"SKIP","floor":28},{"not_picked":["Sever Soul","Intimidate"],"picked":"Body Slam","floor":30},{"not_picked":["True Grit","Corruption","Pommel Strike"],"picked":"SKIP","floor":31}],"player_experience":234468,"relics_obtained":[{"floor":7,"key":"Charon\u0027s Ashes"},{"floor":9,"key":"Orichalcum"},{"floor":11,"key":"Odd Mushroom"},{"floor":13,"key":"Strawberry"},{"floor":22,"key":"Red Mask"},{"floor":26,"key":"Vajra"}],"event_choices":[{"damage_healed":0,"gold_gain":75,"player_choice":"Gather Gold","damage_taken":11,"max_hp_gain":0,"max_hp_loss":0,"event_name":"World of Goop","floor":10,"gold_loss":0},{"damage_healed":0,"gold_gain":0,"player_choice":"Fought Mushrooms","damage_taken":0,"max_hp_gain":0,"max_hp_loss":0,"event_name":"Mushrooms","floor":11,"gold_loss":0},{"damage_healed":0,"gold_gain":0,"cards_transformed":["Strike_R","Strike_R"],"player_choice":"Became Test Subject","damage_taken":0,"max_hp_gain":0,"max_hp_loss":0,"event_name":"Drug Dealer","floor":21,"gold_loss":0,"cards_obtained":["Blood for Blood","Seeing Red"]},{"damage_healed":0,"gold_gain":0,"player_choice":"Fought Bandits","damage_taken":0,"max_hp_gain":0,"max_hp_loss":0,"event_name":"Masked Bandits","floor":22,"gold_loss":0},{"damage_healed":0,"gold_gain":0,"player_choice":"Ignored","damage_taken":0,"max_hp_gain":0,"max_hp_loss":0,"event_name":"Ghosts","floor":24,"gold_loss":0}],"is_beta":false,"boss_relics":[{"not_picked":["Philosopher\u0027s Stone","Coffee Dripper"],"picked":"Mark of Pain"}],"items_purged_floors":[20,29],"is_endless":false,"potions_floor_spawned":[3,5,7,16,22,25,31],"killed_by":"Collector","ascension_level":4}