{"gold_per_floor":[113,113,129,146,163,163,10,10,10,25,25,25,42,69,69,69],"floor_reached":16,"playtime":385,"items_purged":["Strike_G"],"score":204,"play_id":"da88e41d-d7cd-43eb-ae26-e670b87c487c","local_time":"20190129125727","is_ascension_mode":true,"campfire_choices":[{"data":"Calculated Gamble","floor":6.0,"key":"SMITH"},{"data":"Neutralize","floor":8.0,"key":"SMITH"},{"data":"Catalyst","floor":15,"key":"SMITH"}],"neow_cost":"NONE","seed_source_timestamp":8244225249499,"circlet_count":0,"master_deck":["AscendersBane","Defend_G","Defend_G","Defend_G","Defend_G","Defend_G","Strike_G","Strike_G","Strike_G","Strike_G","Survivor","Neutralize+1","Flying Knee","Infinite Blades","Calculated Gamble+1","Infinite Blades","Catalyst+1","Flying Knee","Infinite Blades"],"special_seed":0,"relics":["Ring of the Snake","NeowsBlessing","Orichalcum","Sundial","Happy Flower"],"potions_floor_usage":[16,16],"damage_taken":[{"damage":0.0,"enemies":"Cultist","floor":1.0,"turns":1.0},{"damage":0.0,"enemies":"2 Louse","floor":3.0,"turns":1.0},{"damage":0.0,"enemies":"Small Slimes","floor":4.0,"turns":1.0},{"damage":11.0,"enemies":"2 Fungi Beasts","floor":5.0,"turns":4.0},{"damage":4.0,"enemies":"3 Louse","floor":10.0,"turns":4.0},{"damage":8,"enemies":"Exordium Wildlife","floor":13,"turns":4},{"damage":25,"enemies":"3 Sentries","floor":14,"turns":9},{"damage":13,"enemies":"Slime Boss","floor":16,"turns":7}],"seed_played":"2750210331039907056","potions_obtained":[{"floor":4.0,"key":"Poison Potion"},{"floor":10.0,"key":"GhostInAJar"}],"is_trial":false,"path_per_floor":["M","$","M","M","M","R","$","R","T","M","$","?","M","E","R","B"],"character_chosen":"THE_SILENT","items_purchased":["Infinite Blades"],"campfire_rested":0,"item_purchase_floors":[7],"current_hp_per_floor":[59,59,59,59,48,48,48,48,48,44,44,44,36,11,11,0],"gold":69,"neow_bonus":"THREE_ENEMY_KILL","is_prod":false,"is_daily":false,"chose_seed":false,"campfire_upgraded":3,"win_rate":0,"timestamp":1548737847,"path_taken":["M","$","?","?","M","R","$","R","T","M","?","?","M","E","R","BOSS"],"build_version":"2019-01-23","purchased_purges":1,"victory":false,"max_hp_per_floor":[66,66,66,66,66,66,66,66,66,66,66,66,66,66,66,66],"card_choices":[{"not_picked":["Deadly Poison","Escape Plan"],"picked":"Flying Knee","floor":1.0},{"not_picked":["Poisoned Stab","Bouncing Flask"],"picked":"Infinite Blades","floor":3.0},{"not_picked":["Terror","Dagger Spray","Poisoned Stab"],"picked":"SKIP","floor":4.0},{"not_picked":["Leg Sweep","Deflect"],"picked":"Calculated Gamble","floor":5.0},{"not_picked":["Bouncing Flask","Deflect"],"picked":"Catalyst","floor":10.0},{"not_picked":["Poisoned Stab","Deflect"],"picked":"Flying Knee","floor":13},{"not_picked":["Slice","Terror"],"picked":"Infinite Blades","floor":14}],"player_experience":1382043,"relics_obtained":[{"floor":9.0,"key":"Orichalcum"},{"floor":14,"key":"Happy Flower"}],"event_choices":[{"damage_healed":0,"gold_gain":0,"player_choice":"Searched \u00272\u0027 times","damage_taken":0,"relics_obtained":["Sundial"],"max_hp_gain":0,"max_hp_loss":0,"event_name":"Dead Adventurer","floor":12,"gold_loss":0}],"is_beta":true,"boss_relics":[],"items_purged_floors":[7],"is_endless":false,"potions_floor_spawned":[4,10,14],"killed_by":"Slime Boss","ascension_level":20}