{"gold_per_floor":[111,61,236,255,255,255,268,279,279,338,338,338,358,185,185,309,309,332,232,432,455,469,469,469,469,469,504,504,525,525,544,544,544],"floor_reached":33,"playtime":785,"items_purged":["Defend_R","Strike_R"],"score":254,"play_id":"11672bd9-945c-4d14-8598-ae04d32d0f20","local_time":"20190730232347","is_ascension_mode":false,"campfire_choices":[{"data":"Clothesline","floor":6,"key":"SMITH"},{"data":"Bash","floor":11,"key":"SMITH"},{"data":"Clash","floor":15,"key":"SMITH"},{"data":"Limit Break","floor":23,"key":"SMITH"},{"data":"Whirlwind","floor":25,"key":"SMITH"},{"data":"Battle Trance","floor":28,"key":"SMITH"},{"data":"Good Instincts","floor":30,"key":"SMITH"},{"data":"Pummel","floor":32,"key":"SMITH"}],"neow_cost":"NONE","seed_source_timestamp":1566250999900,"circlet_count":0,"master_deck":["Strike_R","Strike_R","Strike_R","Strike_R","Defend_R","Bash+1","Pummel+1","Clothesline+1","Battle Trance+1","Clash+1","Good Instincts+1","Limit Break+1","Spot Weakness","Whirlwind+1","Heavy Blade+1","Flex+1","Heavy Blade+1"],"relics":["Burning Blood","NeowsBlessing","Spirit Poop","Boot","Mercury Hourglass","Golden Idol","Mark of Pain","Bottled Lightning","Lantern"],"potions_floor_usage":[10,16,21,27,33],"damage_taken":[{"damage":0,"enemies":"Jaw Worm","floor":1,"turns":1},{"damage":0,"enemies":"2 Louse","floor":4,"turns":1},{"damage":0,"enemies":"Cultist","floor":7,"turns":1},{"damage":2,"enemies":"Looter","floor":8,"turns":4},{"damage":4,"enemies":"Gremlin Nob","floor":10,"turns":4},{"damage":0,"enemies":"2 Fungi Beasts","floor":13,"turns":3},{"damage":29,"enemies":"The Guardian","floor":16,"turns":8},{"damage":5,"enemies":"Chosen","floor":18,"turns":2},{"damage":14,"enemies":"Spheric Guardian","floor":21,"turns":4},{"damage":10,"enemies":"Chosen and Byrds","floor":22,"turns":3},{"damage":13,"enemies":"Book of Stabbing","floor":27,"turns":2},{"damage":5,"enemies":"Cultist and Chosen","floor":29,"turns":3},{"damage":4,"enemies":"Centurion and Healer","floor":31,"turns":2},{"damage":80,"enemies":"Collector","floor":33,"turns":8}],"seed_played":"-2085130371032700387","potions_obtained":[{"floor":1,"key":"Block Potion"},{"floor":7,"key":"Block Potion"},{"floor":10,"key":"SteroidPotion"},{"floor":16,"key":"Dexterity Potion"},{"floor":22,"key":"SkillPotion"},{"floor":27,"key":"Ancient Potion"},{"floor":31,"key":"BloodPotion"}],"is_trial":false,"path_per_floor":["M","?","?","M","?","R","M","M","T","?","R","?","M","$","R","B",null,"M","$","?","M","M","R","?","R","T","E","R","M","R","M","R","B"],"character_chosen":"IRONCLAD","items_purchased":["Good Instincts"],"campfire_rested":0,"item_purchase_floors":[14],"current_hp_per_floor":[80,80,80,80,80,80,80,80,80,80,80,74,74,74,74,51,74,74,74,74,66,62,62,62,62,62,55,55,56,56,58,58,0],"gold":544,"neow_bonus":"THREE_ENEMY_KILL","is_prod":false,"is_daily":false,"chose_seed":false,"campfire_upgraded":8,"win_rate":0,"timestamp":1564550627,"path_taken":["M","?","?","M","?","R","M","?","T","?","R","?","M","$","R","BOSS","M","$","?","M","?","R","?","R","T","E","R","M","R","?","R","BOSS"],"build_version":"2019-07-17","purchased_purges":2,"victory":false,"max_hp_per_floor":[80,80,80,80,80,80,80,80,80,80,80,74,74,74,74,74,74,74,74,74,74,74,74,74,74,74,74,74,74,74,74,74,74],"card_choices":[{"not_picked":["Iron Wave","Power Through"],"picked":"Pummel","floor":1},{"not_picked":["Sever Soul","Pommel Strike"],"picked":"Clothesline","floor":4},{"not_picked":["Shrug It Off","Armaments"],"picked":"Battle Trance","floor":7},{"not_picked":["Iron Wave","Body Slam"],"picked":"Clash","floor":8},{"not_picked":["Clothesline","Warcry","Combust"],"picked":"SKIP","floor":13},{"not_picked":["Offering","Impervious"],"picked":"Limit Break","floor":16},{"not_picked":["Uppercut","Thunderclap"],"picked":"Spot Weakness","floor":18},{"not_picked":["Wild Strike+1","Iron Wave"],"picked":"Whirlwind","floor":21},{"not_picked":["Thunderclap","Body Slam","Second Wind"],"picked":"SKIP","floor":22},{"not_picked":["Hemokinesis","Iron Wave"],"picked":"Heavy Blade+1","floor":27},{"not_picked":["Headbutt","Havoc"],"picked":"Flex+1","floor":29},{"not_picked":["Dark Embrace","Headbutt"],"picked":"Heavy Blade+1","floor":31}],"player_experience":1596465,"relics_obtained":[{"floor":9,"key":"Boot"},{"floor":10,"key":"Mercury Hourglass"},{"floor":26,"key":"Bottled Lightning"},{"floor":27,"key":"Lantern"}],"event_choices":[{"cards_removed":["Defend_R"],"damage_healed":0,"gold_gain":0,"player_choice":"Card Removal","damage_taken":0,"max_hp_gain":0,"max_hp_loss":0,"event_name":"The Cleric","floor":2,"gold_loss":50},{"damage_healed":0,"gold_gain":175,"player_choice":"AGREE","damage_taken":0,"max_hp_gain":0,"max_hp_loss":0,"event_name":"Liars Game","floor":3,"gold_loss":0,"cards_obtained":["Doubt"]},{"cards_removed":["Doubt"],"damage_healed":0,"gold_gain":0,"player_choice":"Offered Curse","damage_taken":0,"relics_obtained":["Spirit Poop"],"max_hp_gain":0,"max_hp_loss":0,"event_name":"Bonfire Elementals","floor":5,"gold_loss":0},{"damage_healed":0,"gold_gain":0,"player_choice":"Searched \u00271\u0027 times","damage_taken":0,"max_hp_gain":0,"max_hp_loss":0,"event_name":"Dead Adventurer","floor":10,"gold_loss":0},{"damage_healed":0,"gold_gain":0,"player_choice":"Lose Max HP","damage_taken":0,"relics_obtained":["Golden Idol"],"max_hp_gain":0,"max_hp_loss":6,"event_name":"Golden Idol","floor":12,"gold_loss":0},{"damage_healed":0,"gold_gain":200,"player_choice":"Gold","damage_taken":0,"max_hp_gain":0,"max_hp_loss":0,"event_name":"Wheel of Change","floor":20,"gold_loss":0},{"cards_removed":["Defend_R"],"damage_healed":0,"gold_gain":0,"player_choice":"Purged","damage_taken":0,"max_hp_gain":0,"max_hp_loss":0,"event_name":"Purifier","floor":24,"gold_loss":0}],"is_beta":false,"boss_relics":[{"not_picked":["Pandora\u0027s Box","Orrery"],"picked":"Mark of Pain"}],"items_purged_floors":[14,19],"is_endless":false,"potions_floor_spawned":[1,7,10,16,22,27,31],"killed_by":"Collector","ascension_level":0}