{"gold_per_floor":[112,131,151,164,181,215,230,230,230,255,266,283,283,283,283,379,379,396,407,426,437,452,487,487,519,543,543,468,497,497,512,512,512],"floor_reached":33,"playtime":2899,"items_purged":["Strike_R"],"score":333,"play_id":"35ff0acf-eaf6-4e0a-8013-43c4ac7ee405","local_time":"20190714012120","is_ascension_mode":true,"campfire_choices":[{"floor":8,"key":"REST"},{"floor":15,"key":"REST"},{"floor":24,"key":"REST"},{"floor":27,"key":"REST"},{"floor":30,"key":"REST"},{"floor":32,"key":"REST"}],"neow_cost":"PERCENT_DAMAGE","seed_source_timestamp":30645856172466,"circlet_count":0,"master_deck":["Strike_R+1","Strike_R","Strike_R","Defend_R","Defend_R","Defend_R","Defend_R","Bash","Seeing Red","Entrench+1","Uppercut","Shrug It Off","Bloodletting","Body Slam+1","Headbutt","Intimidate","Whirlwind+1","Infernal Blade","Bludgeon","Carnage","Warcry+1","Impervious","Metallicize","Searing Blow","Battle Trance","Hemokinesis","Anger+1","Shrug It Off"],"relics":["Burning Blood","Ice Cream","Nunchaku","Pantograph","Ornamental Fan","Philosopher\u0027s Stone","Whetstone","Pear","Dream Catcher","Red Mask"],"potions_floor_usage":[6,16,16,22,23,23,23,33],"damage_taken":[{"damage":7,"enemies":"2 Louse","floor":1,"turns":4},{"damage":11,"enemies":"Small Slimes","floor":2,"turns":3},{"damage":1,"enemies":"Cultist","floor":3,"turns":3},{"damage":7,"enemies":"Looter","floor":4,"turns":5},{"damage":7,"enemies":"Red Slaver","floor":5,"turns":4},{"damage":31,"enemies":"Gremlin Nob","floor":6,"turns":5},{"damage":16,"enemies":"Large Slime","floor":7,"turns":5},{"damage":20,"enemies":"Lagavulin","floor":10,"turns":8},{"damage":4,"enemies":"Looter","floor":11,"turns":3},{"damage":12,"enemies":"Blue Slaver","floor":12,"turns":4},{"damage":46,"enemies":"The Guardian","floor":16,"turns":10},{"damage":0,"enemies":"Spheric Guardian","floor":18,"turns":3},{"damage":12,"enemies":"Shell Parasite","floor":19,"turns":4},{"damage":21,"enemies":"Snecko","floor":20,"turns":4},{"damage":14,"enemies":"Chosen and Byrds","floor":21,"turns":5},{"damage":30,"enemies":"Centurion and Healer","floor":22,"turns":4},{"damage":12,"enemies":"Slavers","floor":23,"turns":4},{"damage":32,"enemies":"Gremlin Leader","floor":25,"turns":7},{"damage":40,"enemies":"Masked Bandits","floor":29,"turns":5},{"damage":11,"enemies":"Sentry and Sphere","floor":31,"turns":4},{"damage":107,"enemies":"Collector","floor":33,"turns":7}],"seed_played":"6439113214987883129","potions_obtained":[{"floor":1,"key":"Ancient Potion"},{"floor":2,"key":"Poison Potion"},{"floor":6,"key":"LiquidBronze"},{"floor":10,"key":"Block Potion"},{"floor":11,"key":"FearPotion"},{"floor":12,"key":"Explosive Potion"},{"floor":18,"key":"Weak Potion"},{"floor":21,"key":"SkillPotion"},{"floor":22,"key":"Ancient Potion"},{"floor":29,"key":"FearPotion"}],"is_trial":false,"path_per_floor":["M","M","M","M","M","E","M","R","T","E","M","M","?","?","R","B",null,"M","M","M","M","M","E","R","E","T","R","$","?","R","M","R","B"],"character_chosen":"IRONCLAD","items_purchased":[],"campfire_rested":6,"item_purchase_floors":[],"current_hp_per_floor":[55,50,55,54,53,28,18,42,42,28,30,24,8,1,25,10,80,80,74,59,51,27,21,45,29,29,56,56,22,49,44,71,0],"gold":512,"neow_bonus":"ONE_RARE_RELIC","is_prod":false,"is_daily":false,"chose_seed":false,"campfire_upgraded":0,"win_rate":0,"timestamp":1563085280,"path_taken":["M","M","M","M","M","E","M","R","T","E","M","M","?","?","R","BOSS","M","M","M","M","M","E","R","E","T","R","$","?","R","M","R","BOSS"],"build_version":"2019-07-05","purchased_purges":1,"victory":false,"max_hp_per_floor":[80,80,80,80,80,80,80,80,80,80,80,80,80,80,80,80,80,80,80,80,80,80,80,80,90,90,90,90,90,90,90,90,90],"card_choices":[{"not_picked":["Intimidate","Iron Wave"],"picked":"Seeing Red","floor":1},{"not_picked":["Second Wind","Sword Boomerang"],"picked":"Entrench","floor":2},{"not_picked":["Thunderclap","Twin Strike"],"picked":"Uppercut","floor":3},{"not_picked":["Spot Weakness","Anger"],"picked":"Shrug It Off","floor":4},{"not_picked":["Uppercut","Clothesline"],"picked":"Bloodletting","floor":5},{"not_picked":["Berserk","Sever Soul"],"picked":"Body Slam","floor":6},{"not_picked":["Uppercut","Clothesline"],"picked":"Headbutt","floor":7},{"not_picked":["Havoc","Perfected Strike"],"picked":"Intimidate","floor":10},{"not_picked":["Combust","Clothesline"],"picked":"Whirlwind","floor":11},{"not_picked":["Dark Embrace","Whirlwind"],"picked":"Infernal Blade","floor":12},{"not_picked":["Juggernaut","Exhume"],"picked":"Bludgeon","floor":16},{"not_picked":["Warcry","Pommel Strike","Thunderclap+1"],"picked":"SKIP","floor":18},{"not_picked":["Shockwave","Second Wind"],"picked":"Carnage","floor":19},{"not_picked":["Intimidate","Twin Strike","Cleave"],"picked":"SKIP","floor":20},{"not_picked":["Iron Wave+1","Anger"],"picked":"Warcry+1","floor":21},{"not_picked":["Havoc","Intimidate"],"picked":"Impervious","floor":22},{"not_picked":["Clothesline+1","True Grit+1"],"picked":"Metallicize","floor":23},{"not_picked":["True Grit","Perfected Strike","Warcry"],"picked":"SKIP","floor":25},{"not_picked":["Clash","Evolve"],"picked":"Searing Blow","floor":27},{"not_picked":["Rupture","Reckless Charge"],"picked":"Battle Trance","floor":29},{"not_picked":["Whirlwind","Heavy Blade+1"],"picked":"Hemokinesis","floor":30},{"not_picked":["Wild Strike","Pummel"],"picked":"Anger+1","floor":31},{"not_picked":["Clothesline+1","Uppercut"],"picked":"Shrug It Off","floor":32}],"player_experience":167363,"relics_obtained":[{"floor":6,"key":"Nunchaku"},{"floor":9,"key":"Pantograph"},{"floor":10,"key":"Ornamental Fan"},{"floor":23,"key":"Whetstone"},{"floor":25,"key":"Pear"},{"floor":26,"key":"Dream Catcher"},{"floor":29,"key":"Red Mask"}],"event_choices":[{"damage_healed":0,"gold_gain":0,"player_choice":"Entered Light","damage_taken":16,"max_hp_gain":0,"max_hp_loss":0,"event_name":"Shining Light","floor":13,"gold_loss":0,"cards_upgraded":["Entrench","Whirlwind"]},{"cards_removed":["Strike_R"],"damage_healed":0,"gold_gain":0,"player_choice":"Card Removal","damage_taken":7,"max_hp_gain":0,"max_hp_loss":0,"event_name":"Golden Wing","floor":14,"gold_loss":0},{"damage_healed":0,"gold_gain":0,"player_choice":"Fought Bandits","damage_taken":0,"max_hp_gain":0,"max_hp_loss":0,"event_name":"Masked Bandits","floor":29,"gold_loss":0}],"is_beta":false,"boss_relics":[{"not_picked":["White Beast Statue","Velvet Choker"],"picked":"Philosopher\u0027s Stone"}],"items_purged_floors":[28],"is_endless":false,"potions_floor_spawned":[1,2,6,10,11,12,18,21,22,29],"killed_by":"Collector","ascension_level":2}