{"gold_per_floor":[12,32,32,32,32,32,107,119,119,119,152,152,77,92,92,164,164,180,193,293,343,140,168,168,168,168,168,183,83,83,138,138,215,215,233,18,18,36,36,66,66,97,120,120,149,39,70,70,70,70,70,70,70,70,99,99],"floor_reached":57,"playtime":3583,"items_purged":["Strike_G","Strike_G+1","Predator"],"score":3571,"play_id":"b2896087-6490-44d2-b13c-7decf48562d4","local_time":"20190301001200","is_ascension_mode":true,"campfire_choices":[{"data":"Glass Knife","floor":6.0,"key":"SMITH"},{"data":"Deadly Poison","floor":10.0,"key":"SMITH"},{"data":"Acrobatics","floor":12.0,"key":"SMITH"},{"data":"Neutralize","floor":15.0,"key":"SMITH"},{"data":"Well Laid Plans","floor":25.0,"key":"SMITH"},{"data":"Acrobatics","floor":27.0,"key":"SMITH"},{"data":"Terror","floor":32.0,"key":"SMITH"},{"data":"Calculated Gamble","floor":41.0,"key":"SMITH"},{"data":"Expertise","floor":44.0,"key":"SMITH"},{"floor":49,"key":"RECALL"},{"data":"Expertise","floor":53,"key":"SMITH"}],"neow_cost":"NO_GOLD","seed_source_timestamp":42238571302165,"circlet_count":0,"master_deck":["AscendersBane","Neutralize+1","Glass Knife+1","Terror+1","Concentrate","Footwork","Deadly Poison+1","Acrobatics+1","Backflip","Corpse Explosion","Adrenaline","Well Laid Plans+1","Acrobatics+1","Concentrate","Night Terror","Expertise+1","PiercingWail","Setup+1","Venomology","Tools of the Trade","Calculated Gamble+1","Tactician","Expertise+1","Terror+1","Calculated Gamble"],"special_seed":0,"relics":["Ring of the Snake","Nunchaku","Ancient Tea Set","Whetstone","Runic Dome","Mango","Mercury Hourglass","Gremlin Horn","Nilry\u0027s Codex","Unceasing Top","Tiny Chest","Pandora\u0027s Box","Calipers","Juzu Bracelet","Tough Bandages","Dodecahedron","The Specimen","Sundial"],"potions_floor_usage":[47,50,51,55,56,56,56],"damage_taken":[{"damage":0.0,"enemies":"Jaw Worm","floor":1.0,"turns":5.0},{"damage":1.0,"enemies":"Cultist","floor":2.0,"turns":3.0},{"damage":4.0,"enemies":"Small Slimes","floor":8.0,"turns":3.0},{"damage":6.0,"enemies":"Gremlin Nob","floor":11.0,"turns":3.0},{"damage":0.0,"enemies":"Looter","floor":14.0,"turns":2.0},{"damage":5.0,"enemies":"Hexaghost","floor":16.0,"turns":8.0},{"damage":7.0,"enemies":"Spheric Guardian","floor":18.0,"turns":5.0},{"damage":0.0,"enemies":"Shell Parasite","floor":19.0,"turns":4.0},{"damage":9.0,"enemies":"Colosseum Slavers","floor":20.0,"turns":5.0},{"damage":10.0,"enemies":"Colosseum Nobs","floor":20.0,"turns":3.0},{"damage":0.0,"enemies":"Gremlin Leader","floor":23.0,"turns":5.0},{"damage":2.0,"enemies":"Cultist and Chosen","floor":28.0,"turns":3.0},{"damage":0.0,"enemies":"Book of Stabbing","floor":31.0,"turns":4.0},{"damage":7.0,"enemies":"Collector","floor":33.0,"turns":5.0},{"damage":0.0,"enemies":"3 Shapes","floor":35.0,"turns":3.0},{"damage":12.0,"enemies":"3 Darklings","floor":38.0,"turns":2.0},{"damage":0.0,"enemies":"Giant Head","floor":40.0,"turns":2.0},{"damage":0.0,"enemies":"Nemesis","floor":42.0,"turns":3.0},{"damage":0.0,"enemies":"Reptomancer","floor":45.0,"turns":2.0},{"damage":0,"enemies":"Nemesis","floor":47,"turns":1},{"damage":0,"enemies":"Awakened One","floor":50,"turns":5},{"damage":0,"enemies":"Donu and Deca","floor":51,"turns":2},{"damage":0,"enemies":"Shield and Spear","floor":55,"turns":1},{"damage":0,"enemies":"The Heart","floor":56,"turns":3}],"seed_played":"-3707898696382377467","potions_obtained":[{"floor":2.0,"key":"LiquidBronze"},{"floor":8.0,"key":"Swift Potion"},{"floor":14.0,"key":"Regen Potion"},{"floor":19.0,"key":"Regen Potion"},{"floor":23.0,"key":"PowerPotion"}],"is_trial":false,"path_per_floor":["M","M","?","$","T","R","?","M","T","R","E","R","?","M","R","B",null,"M","M","?","?","$","E","?","R","T","R","M","$","?","E","R","B",null,"M","$","?","M","$","E","R","E","T","R","E","?","E","T","R","B","B",null,"R","$","E","B",null],"character_chosen":"THE_SILENT","items_purchased":["Well Laid Plans","Acrobatics","Tactician"],"campfire_rested":0,"item_purchase_floors":[22,22,36],"current_hp_per_floor":[59,58,58,58,58,58,47,43,43,43,37,37,37,37,37,32,58,65,65,60,60,60,60,39,39,39,39,37,37,37,37,37,30,68,77,77,77,65,65,65,65,65,65,65,65,65,65,65,65,65,65,76,76,76,76,80],"gold":99,"neow_bonus":"THREE_RARE_CARDS","is_prod":false,"is_daily":false,"chose_seed":false,"campfire_upgraded":10,"win_rate":0,"timestamp":1551370320,"path_taken":["M","M","?","?","?","R","?","M","T","R","E","R","?","?","R","BOSS","M","M","?","?","$","E","?","R","T","R","M","$","?","E","R","BOSS","M","$","?","M","$","E","R","E","T","R","E","?","E","?","R","BOSS","BOSS","R","$","E","BOSS"],"build_version":"2019-01-23","purchased_purges":3,"victory":true,"max_hp_per_floor":[66,66,66,66,66,66,66,66,66,66,66,66,66,66,66,66,66,66,66,80,80,80,80,80,80,80,80,80,80,80,80,80,80,80,80,80,80,80,80,80,80,80,80,80,80,80,80,80,80,80,80,80,80,80,80,80],"card_choices":[{"not_picked":["Envenom","Unload"],"picked":"Glass Knife","floor":0.0},{"not_picked":["Outmaneuver","Dodge and Roll"],"picked":"Terror","floor":1.0},{"not_picked":["Sucker Punch","Flying Knee"],"picked":"Concentrate","floor":2.0},{"not_picked":["Flechettes","Dodge and Roll"],"picked":"Deadly Poison","floor":8.0},{"not_picked":["Outmaneuver","Prepared"],"picked":"Acrobatics","floor":11.0},{"not_picked":["Slice","Backflip","Leg Sweep"],"picked":"SKIP","floor":14.0},{"not_picked":["Slice","Leg Sweep"],"picked":"Backflip","floor":14.0},{"not_picked":["A Thousand Cuts","Night Terror"],"picked":"Corpse Explosion","floor":16.0},{"not_picked":["Dodge and Roll","PiercingWail","Flying Knee+1"],"picked":"SKIP","floor":18.0},{"not_picked":["Blade Dance","Deflect","Dash"],"picked":"SKIP","floor":19.0},{"not_picked":["Deflect","All Out Attack"],"picked":"Adrenaline","floor":20.0},{"not_picked":["Dodge and Roll","Finisher","Deadly Poison"],"picked":"SKIP","floor":23.0},{"not_picked":["Prepared","Underhanded Strike","Backflip"],"picked":"SKIP","floor":28.0},{"not_picked":["Slice+1","Outmaneuver","Bullet Time"],"picked":"SKIP","floor":31.0},{"not_picked":["Glass Knife","Malaise"],"picked":"Night Terror","floor":33.0},{"not_picked":["Crippling Poison","Quick Slash+1"],"picked":"Calculated Gamble","floor":35.0},{"not_picked":["Blade Dance+1","Acrobatics+1"],"picked":"Expertise","floor":38.0},{"not_picked":["Prepared","Underhanded Strike+1","Masterful Stab+1"],"picked":"SKIP","floor":40.0},{"not_picked":["Slice","Backflip"],"picked":"Terror+1","floor":42.0},{"not_picked":["Deflect+1","Infinite Blades","Flying Knee+1"],"picked":"SKIP","floor":45.0},{"not_picked":["Flying Knee","Dagger Throw","Slice"],"picked":"SKIP","floor":47},{"not_picked":["Finisher","Terror+1"],"picked":"Calculated Gamble","floor":55}],"player_experience":3244623,"relics_obtained":[{"floor":5.0,"key":"Nunchaku"},{"floor":9.0,"key":"Ancient Tea Set"},{"floor":11.0,"key":"Whetstone"},{"floor":20.0,"key":"Mango"},{"floor":20.0,"key":"Mercury Hourglass"},{"floor":23.0,"key":"Gremlin Horn"},{"floor":24.0,"key":"Nilry\u0027s Codex"},{"floor":26.0,"key":"Unceasing Top"},{"floor":31.0,"key":"Tiny Chest"},{"floor":40.0,"key":"Calipers"},{"floor":42.0,"key":"Juzu Bracelet"},{"floor":45.0,"key":"Tough Bandages"},{"floor":47,"key":"Dodecahedron"},{"floor":48,"key":"The Specimen"},{"floor":55,"key":"Sundial"}],"event_choices":[{"damage_healed":0.0,"max_hp_gain":0.0,"max_hp_loss":0.0,"gold_gain":0.0,"cards_transformed":["Strike_G"],"event_name":"Transmorgrifier","player_choice":"Transformed","floor":3.0,"gold_loss":0.0,"damage_taken":0.0,"cards_obtained":["Footwork"]},{"damage_healed":0.0,"max_hp_gain":0.0,"max_hp_loss":0.0,"gold_gain":75.0,"event_name":"World of Goop","player_choice":"Gather Gold","floor":7.0,"gold_loss":0.0,"damage_taken":11.0},{"cards_removed":["Strike_G"],"damage_healed":0.0,"max_hp_gain":0.0,"max_hp_loss":0.0,"gold_gain":0.0,"event_name":"The Cleric","player_choice":"Card Removal","floor":13.0,"gold_loss":75.0,"damage_taken":0.0},{"damage_healed":0.0,"max_hp_gain":0.0,"max_hp_loss":0.0,"gold_gain":0.0,"event_name":"Colosseum","player_choice":"Fight","floor":20.0,"gold_loss":0.0,"damage_taken":0.0},{"damage_healed":0.0,"max_hp_gain":0.0,"max_hp_loss":0.0,"gold_gain":0.0,"event_name":"Colosseum","player_choice":"Fought Nobs","floor":20.0,"gold_loss":0.0,"damage_taken":0.0},{"damage_healed":0.0,"max_hp_gain":0.0,"max_hp_loss":0.0,"gold_gain":50.0,"event_name":"Nest","player_choice":"Stole From Cult","floor":21.0,"gold_loss":0.0,"damage_taken":0.0},{"damage_healed":0.0,"max_hp_gain":0.0,"max_hp_loss":0.0,"gold_gain":0.0,"event_name":"Cursed Tome","player_choice":"Obtained Book","floor":24.0,"gold_loss":0.0,"damage_taken":21.0},{"damage_healed":0.0,"max_hp_gain":0.0,"max_hp_loss":0.0,"gold_gain":0.0,"event_name":"The Library","player_choice":"Read","floor":30.0,"gold_loss":0.0,"damage_taken":0.0,"cards_obtained":["Concentrate"]},{"damage_healed":0.0,"max_hp_gain":0.0,"max_hp_loss":0.0,"gold_gain":0.0,"event_name":"Lab","player_choice":"Got Potions","floor":37.0,"gold_loss":0.0,"damage_taken":0.0},{"cards_removed":["Survivor"],"damage_healed":0,"gold_gain":0,"player_choice":"Upgrade and Remove","damage_taken":0,"max_hp_gain":0,"max_hp_loss":0,"event_name":"Designer","floor":46,"gold_loss":110,"cards_upgraded":["Setup"]}],"is_beta":false,"boss_relics":[{"not_picked":["Snecko Eye","Velvet Choker"],"picked":"Runic Dome"},{"not_picked":["Orrery","Fusion Hammer"],"picked":"Pandora\u0027s Box"}],"items_purged_floors":[22,29,36],"is_endless":false,"potions_floor_spawned":[2,8,14,19,23,28,31,33,38,45],"ascension_level":20}