{"gold_per_floor":[110,70,86,86,86,147,166,91,91,103,119,119,134,146,146,243,243,255,87,105,105,105,105,117,117,117,117,129,29,46,59,59,155,155,172,172,172,52,63,63,79,79,79,97,114,127,143,3,3,3,3,3,3,35,35],"floor_reached":55,"playtime":1516,"items_purged":["Strike_R","Strike_R","Strike_R","Defend_R+1","Defend_R+1"],"score":755,"play_id":"a33fa606-34b0-4abf-a98c-f64a62e162e2","local_time":"20181205093626","is_ascension_mode":false,"campfire_choices":[{"data":"Bash","floor":12.0,"key":"SMITH"},{"data":"Dropkick","floor":15.0,"key":"SMITH"},{"data":"Burning Pact","floor":23.0,"key":"SMITH"},{"data":"Dropkick","floor":25.0,"key":"SMITH"},{"floor":32.0,"key":"RECALL"},{"data":"Ghostly Armor","floor":40.0,"key":"SMITH"},{"floor":49.0,"key":"REST"},{"floor":52.0,"key":"REST"}],"neow_cost":"NONE","seed_source_timestamp":2017320329406,"circlet_count":0,"master_deck":["Bash+1","Dropkick+1","Dropkick+1","Burning Pact+1","Ghostly Armor+1"],"special_seed":0,"relics":["Burning Blood","NeowsBlessing","Tiny Chest","Pantograph","Empty Cage","The Courier","Sozu","Torii","Meat on the Bone"],"potions_floor_usage":[55,55,55],"damage_taken":[{"damage":0.0,"enemies":"Cultist","floor":1.0,"turns":1.0},{"damage":0.0,"enemies":"Small Slimes","floor":3.0,"turns":1.0},{"damage":0.0,"enemies":"Gremlin Nob","floor":6.0,"turns":1.0},{"damage":0.0,"enemies":"Jaw Worm","floor":7.0,"turns":3.0},{"damage":4.0,"enemies":"Looter","floor":10.0,"turns":3.0},{"damage":4.0,"enemies":"Blue Slaver","floor":11.0,"turns":3.0},{"damage":5.0,"enemies":"3 Louse","floor":13.0,"turns":4.0},{"damage":2.0,"enemies":"Large Slime","floor":14.0,"turns":6.0},{"damage":43.0,"enemies":"Slime Boss","floor":16.0,"turns":7.0},{"damage":14.0,"enemies":"Shell Parasite","floor":18.0,"turns":5.0},{"damage":40.0,"enemies":"Spheric Guardian","floor":20.0,"turns":9.0},{"damage":0.0,"enemies":"Centurion and Healer","floor":24.0,"turns":4.0},{"damage":14.0,"enemies":"Snake Plant","floor":28.0,"turns":3.0},{"damage":15.0,"enemies":"Chosen and Byrds","floor":30.0,"turns":3.0},{"damage":0.0,"enemies":"Snecko","floor":31.0,"turns":3.0},{"damage":0.0,"enemies":"Collector","floor":33.0,"turns":2.0},{"damage":23.0,"enemies":"3 Darklings","floor":35.0,"turns":4.0},{"damage":18.0,"enemies":"3 Shapes","floor":39.0,"turns":2.0},{"damage":12.0,"enemies":"Writhing Mass","floor":41.0,"turns":5.0},{"damage":0.0,"enemies":"Transient","floor":44.0,"turns":5.0},{"damage":20.0,"enemies":"3 Darklings","floor":45.0,"turns":2.0},{"damage":0.0,"enemies":"Spire Growth","floor":46.0,"turns":1.0},{"damage":0.0,"enemies":"Writhing Mass","floor":47.0,"turns":1.0},{"damage":45.0,"enemies":"Time Eater","floor":50.0,"turns":5.0},{"damage":9.0,"enemies":"Shield and Spear","floor":54.0,"turns":5.0},{"damage":80,"enemies":"The Heart","floor":55,"turns":3}],"seed_played":"-6878801072802521085","potions_obtained":[{"floor":7.0,"key":"Regen Potion"},{"floor":13.0,"key":"Strength Potion"},{"floor":14.0,"key":"Strength Potion"},{"floor":16.0,"key":"SteroidPotion"},{"floor":20.0,"key":"Ancient Potion"},{"floor":28.0,"key":"SteroidPotion"}],"is_trial":false,"path_per_floor":["M","$","M","?","?","E","M","$","T","M","M","R","M","M","R","B",null,"M","$","M","$","?","R","M","R","T","?","M","$","M","M","R","B",null,"M","?","?","$","M","R","M","$","T","M","M","M","M","$","R","B",null,"R","$","E","B"],"character_chosen":"IRONCLAD","items_purchased":["Dropkick","Burning Pact"],"campfire_rested":2,"item_purchase_floors":[2,19],"current_hp_per_floor":[80,80,80,64,64,70,76,76,76,78,80,80,80,80,80,43,80,72,72,53,53,79,79,80,80,80,80,72,72,63,69,69,80,80,63,63,63,63,51,51,45,45,45,51,37,43,49,49,73,41,80,80,80,77,0],"gold":35,"neow_bonus":"THREE_ENEMY_KILL","is_prod":false,"is_daily":false,"chose_seed":false,"campfire_upgraded":5,"win_rate":0,"timestamp":1543973786,"path_taken":["M","?","M","?","?","E","M","$","T","M","?","R","M","M","R","BOSS","M","$","M","$","?","R","M","R","T","?","M","$","M","M","R","BOSS","M","?","?","$","?","R","?","$","T","M","M","M","M","$","R","BOSS","R","$","E","BOSS"],"build_version":"2018-11-15","purchased_purges":5,"victory":false,"max_hp_per_floor":[80,80,80,80,80,80,80,80,80,80,80,80,80,80,80,80,80,80,80,80,80,80,80,80,80,80,80,80,80,80,80,80,80,80,80,80,80,80,80,80,80,80,80,80,80,80,80,80,80,80,80,80,80,80,80],"card_choices":[{"not_picked":["Clash","Heavy Blade","Perfected Strike"],"picked":"SKIP","floor":1.0},{"not_picked":["Heavy Blade","Clothesline","Thunderclap"],"picked":"SKIP","floor":3.0},{"not_picked":["Rampage","Clothesline","Havoc"],"picked":"SKIP","floor":6.0},{"not_picked":["Armaments","Pummel"],"picked":"Dropkick","floor":7.0},{"not_picked":["Pommel Strike","Armaments","Rampage"],"picked":"SKIP","floor":10.0},{"not_picked":["Clothesline","Feed","Body Slam"],"picked":"SKIP","floor":11.0},{"not_picked":["Cleave","Clothesline","Warcry"],"picked":"SKIP","floor":13.0},{"not_picked":["Inflame","Flex","Shockwave"],"picked":"SKIP","floor":14.0},{"not_picked":["Uppercut","Dual Wield","Anger"],"picked":"SKIP","floor":18.0},{"not_picked":["Cleave","Shrug It Off","Perfected Strike"],"picked":"SKIP","floor":20.0},{"not_picked":["Body Slam+1","Bludgeon","Headbutt"],"picked":"SKIP","floor":24.0},{"not_picked":["Evolve+1","Pommel Strike","Heavy Blade"],"picked":"SKIP","floor":28.0},{"not_picked":["Flex","Thunderclap+1","Clash"],"picked":"SKIP","floor":30.0},{"not_picked":["Sword Boomerang+1","Corruption","Pommel Strike"],"picked":"SKIP","floor":31.0},{"not_picked":["Entrench","Shrug It Off","Heavy Blade+1"],"picked":"SKIP","floor":35.0},{"not_picked":["Pummel+1","Pommel Strike+1","Carnage+1"],"picked":"SKIP","floor":39.0},{"not_picked":["Body Slam+1","Flame Barrier+1","Twin Strike"],"picked":"SKIP","floor":41.0},{"not_picked":["Impervious","Sword Boomerang+1","Iron Wave+1"],"picked":"SKIP","floor":44.0},{"not_picked":["Anger+1","Warcry+1","Flex"],"picked":"SKIP","floor":45.0},{"not_picked":["Power Through","Armaments+1","Flex"],"picked":"SKIP","floor":46.0},{"not_picked":["Flex","Body Slam+1","Infernal Blade+1"],"picked":"SKIP","floor":47.0},{"not_picked":["Uppercut","Feel No Pain","Pommel Strike"],"picked":"SKIP","floor":54.0}],"player_experience":1150786,"relics_obtained":[{"floor":6.0,"key":"Tiny Chest"},{"floor":9.0,"key":"Pantograph"},{"floor":26.0,"key":"The Courier"},{"floor":54.0,"key":"Meat on the Bone"}],"event_choices":[{"damage_healed":0.0,"max_hp_gain":0.0,"max_hp_loss":0.0,"gold_gain":0.0,"event_name":"Shining Light","player_choice":"Entered Light","floor":4.0,"gold_loss":0.0,"damage_taken":16.0,"cards_upgraded":["Defend_R","Defend_R"]},{"damage_healed":0.0,"max_hp_gain":0.0,"max_hp_loss":0.0,"gold_gain":0.0,"event_name":"Liars Game","player_choice":"Ignored","floor":5.0,"gold_loss":0.0,"damage_taken":0.0},{"damage_healed":26.0,"max_hp_gain":0.0,"max_hp_loss":0.0,"gold_gain":0.0,"event_name":"The Library","player_choice":"Heal","floor":22.0,"gold_loss":0.0,"damage_taken":0.0},{"damage_healed":0.0,"max_hp_gain":0.0,"max_hp_loss":0.0,"gold_gain":0.0,"cards_transformed":["Defend_R","Strike_R"],"event_name":"Drug Dealer","player_choice":"Became Test Subject","floor":27.0,"gold_loss":0.0,"damage_taken":0.0,"cards_obtained":["Ghostly Armor","Clash"]},{"damage_healed":0.0,"max_hp_gain":0.0,"max_hp_loss":0.0,"gold_gain":0.0,"event_name":"Tomb of Lord Red Mask","player_choice":"Ignored","floor":36.0,"gold_loss":0.0,"damage_taken":0.0},{"cards_removed":["Clash"],"damage_healed":0.0,"max_hp_gain":0.0,"max_hp_loss":0.0,"gold_gain":0.0,"event_name":"WeMeetAgain","player_choice":"Gave Card","floor":37.0,"gold_loss":0.0,"damage_taken":0.0,"relics_obtained":["Torii"]}],"is_beta":false,"boss_relics":[{"not_picked":["White Beast Statue","Busted Crown"],"picked":"Empty Cage"},{"not_picked":["Pandora\u0027s Box","Orrery"],"picked":"Sozu"}],"items_purged_floors":[8,19,29,38,48],"is_endless":false,"potions_floor_spawned":[7,13,14,16,20,24,28,33,39,44,46,54],"killed_by":"The Heart","ascension_level":0}