{"gold_per_floor":[112,187,187,207,132,132,132,58,84,102,102,127,127,151,151,240,240,256,2,16,16],"floor_reached":21,"playtime":456,"items_purged":["Strike_G","Strike_G"],"score":338,"play_id":"a6561669-438e-4b88-84f3-e5a2265fe4da","local_time":"20181124235924","is_ascension_mode":true,"campfire_choices":[{"data":"Endless Agony","floor":6,"key":"SMITH"},{"data":"Night Terror","floor":11,"key":"SMITH"},{"data":"Well Laid Plans","floor":13,"key":"SMITH"},{"floor":15,"key":"REST"}],"neow_cost":"NONE","seed_source_timestamp":18139712747987,"circlet_count":0,"master_deck":["AscendersBane","Defend_G","Defend_G","Defend_G","Defend_G","Defend_G","Strike_G+1","Strike_G+1","Strike_G+1","Survivor","Neutralize+1","Endless Agony+1","Well Laid Plans+1","Night Terror+1","Slice","Backflip","Adrenaline","Flash of Steel","Blade Dance","Backstab"],"relics":["WristBlade","Golden Idol","Whetstone","Black Star"],"potions_floor_usage":[16,16,21],"damage_taken":[{"damage":6,"enemies":"Small Slimes","floor":1,"turns":4},{"damage":3,"enemies":"Jaw Worm","floor":4,"turns":4},{"damage":0,"enemies":"2 Louse","floor":10,"turns":3},{"damage":4,"enemies":"Blue Slaver","floor":12,"turns":4},{"damage":6,"enemies":"Looter","floor":14,"turns":3},{"damage":5,"enemies":"Slime Boss","floor":16,"turns":10},{"damage":21,"enemies":"2 Thieves","floor":18,"turns":4},{"damage":17,"enemies":"Shell Parasite","floor":20,"turns":3},{"damage":0,"enemies":"Cultist and Chosen","floor":21,"turns":3}],"seed_played":"-8732376621496517836","potions_obtained":[{"floor":1,"key":"SpeedPotion"},{"floor":12,"key":"SpeedPotion"},{"floor":16,"key":"AttackPotion"},{"floor":18,"key":"Weak Potion"}],"is_trial":false,"path_per_floor":["M","?","?","M","$","R","?","$","T","M","R","M","R","M","R","B",null,"M","$","M","M"],"character_chosen":"THE_SILENT","items_purchased":["Well Laid Plans","Flash of Steel","Blade Dance"],"campfire_rested":1,"item_purchase_floors":[8,19,19],"current_hp_per_floor":[53,42,22,19,19,19,19,19,19,19,19,15,15,9,27,22,51,30,30,13,13],"gold":16,"neow_bonus":"BOSS_RELIC","is_prod":false,"is_daily":false,"chose_seed":false,"campfire_upgraded":3,"win_rate":0,"timestamp":1543075164,"path_taken":["M","?","?","M","$","R","?","?","T","M","R","M","R","M","R","BOSS","M","$","M","M"],"build_version":"2018-11-15","purchased_purges":2,"victory":false,"max_hp_per_floor":[66,66,66,66,66,66,60,60,60,60,60,60,60,60,60,60,60,60,60,60,60],"card_choices":[{"not_picked":["Eviscerate","PiercingWail","Expertise"],"picked":"SKIP","floor":1},{"not_picked":["Catalyst","Cloak And Dagger"],"picked":"Endless Agony","floor":4},{"not_picked":["Quick Slash","Backflip"],"picked":"Night Terror","floor":10},{"not_picked":["PiercingWail","All Out Attack"],"picked":"Slice","floor":12},{"not_picked":["Concentrate","Crippling Poison"],"picked":"Backflip","floor":14},{"not_picked":["A Thousand Cuts","Doppelganger"],"picked":"Adrenaline","floor":16},{"not_picked":["Backflip","Flying Knee","Heel Hook"],"picked":"SKIP","floor":18},{"not_picked":["Well Laid Plans","Dagger Spray"],"picked":"Backstab","floor":20}],"player_experience":1155752,"relics_obtained":[{"floor":9,"key":"Whetstone"}],"event_choices":[{"damage_healed":0,"gold_gain":75,"player_choice":"Gather Gold","damage_taken":11,"max_hp_gain":0,"max_hp_loss":0,"event_name":"World of Goop","floor":2,"gold_loss":0},{"damage_healed":0,"gold_gain":0,"player_choice":"Entered Light","damage_taken":20,"max_hp_gain":0,"max_hp_loss":0,"event_name":"Shining Light","floor":3,"gold_loss":0,"cards_upgraded":["Strike_G","Strike_G"]},{"damage_healed":0,"gold_gain":0,"player_choice":"Lose Max HP","damage_taken":0,"relics_obtained":["Golden Idol"],"max_hp_gain":0,"max_hp_loss":6,"event_name":"Golden Idol","floor":7,"gold_loss":0}],"is_beta":true,"boss_relics":[{"not_picked":["Sozu","Calling Bell"],"picked":"Black Star"}],"items_purged_floors":[5,19],"is_endless":false,"potions_floor_spawned":[1,12,16,18,20],"killed_by":"Cultist and Chosen","ascension_level":20}