{"gold_per_floor":[116,116,132,146,169,169,20,20,46,46,59,82,96,127,127,252,252,225,245,258,258,258,258,274,274,354,384,404,404,132,148,148,250,250,265,47,0,0,13,13,13,13,13,45,45,59,77,109,109,109],"floor_reached":51,"playtime":4294,"items_purged":["Defend_G"],"score":930,"play_id":"53bbd1d4-c896-456c-841c-3b37ce4704ad","local_time":"20181009122259","is_ascension_mode":true,"campfire_choices":[{"data":"Poisoned Stab","floor":6,"key":"SMITH"},{"data":"Dash","floor":8,"key":"SMITH"},{"data":"Survivor","floor":10,"key":"SMITH"},{"data":"Wraith Form v2","floor":15,"key":"SMITH"},{"data":"Night Terror","floor":23,"key":"SMITH"},{"data":"Poisoned Stab","floor":25,"key":"SMITH"},{"data":"Apotheosis","floor":32,"key":"SMITH"}],"neow_cost":"NONE","seed_source_timestamp":2368152219585,"circlet_count":0,"master_deck":["Defend_G+1","Defend_G","Defend_G","Defend_G","Survivor+1","Poisoned Stab+1","Dash+1","Dagger Spray","Wraith Form v2+1","Night Terror+1","Poisoned Stab+1","Bullet Time","Backflip+1","Bouncing Flask","Well Laid Plans+1","Bite","Bite","Bite","Bite","Bite","Apotheosis+1","Leg Sweep","Venomology","Deadly Poison","Malaise","Deadly Poison+1","Predator","Tools of the Trade+1"],"relics":["Ring of the Snake","Bloody Idol","Omamori","Ancient Tea Set","Orichalcum","Coffee Dripper","Frozen Egg 2","Fusion Hammer","Snake Skull","Red Mask","WarpedTongs","War Paint","Matryoshka","Oddly Smooth Stone"],"potions_floor_usage":[5,16,28,28,44,46,47,48,50,50],"damage_taken":[{"damage":3,"enemies":"Jaw Worm","floor":1,"turns":7},{"damage":0,"enemies":"2 Louse","floor":3,"turns":2},{"damage":0,"enemies":"Cultist","floor":4,"turns":5},{"damage":0,"enemies":"2 Fungi Beasts","floor":5,"turns":4},{"damage":0,"enemies":"Blue Slaver","floor":11,"turns":3},{"damage":0,"enemies":"Looter","floor":12,"turns":2},{"damage":0,"enemies":"Gremlin Gang","floor":13,"turns":7},{"damage":18,"enemies":"Gremlin Nob","floor":14,"turns":4},{"damage":35,"enemies":"Slime Boss","floor":16,"turns":11},{"damage":3,"enemies":"2 Thieves","floor":18,"turns":5},{"damage":13,"enemies":"Shell Parasite","floor":19,"turns":7},{"damage":8,"enemies":"Centurion and Healer","floor":20,"turns":11},{"damage":6,"enemies":"Cultist and Chosen","floor":24,"turns":7},{"damage":20,"enemies":"Book of Stabbing","floor":27,"turns":5},{"damage":23,"enemies":"Shelled Parasite and Fungi","floor":28,"turns":4},{"damage":1,"enemies":"Snake Plant","floor":31,"turns":8},{"damage":0,"enemies":"Champ","floor":33,"turns":14},{"damage":0,"enemies":"3 Darklings","floor":35,"turns":7},{"damage":0,"enemies":"Orb Walker","floor":39,"turns":4},{"damage":0,"enemies":"Giant Head","floor":44,"turns":10},{"damage":36,"enemies":"Maw","floor":46,"turns":10},{"damage":1,"enemies":"Spire Growth","floor":47,"turns":5},{"damage":12,"enemies":"2 Orb Walkers","floor":48,"turns":5},{"damage":14,"enemies":"Awakened One","floor":50,"turns":15}],"seed_played":"345333737346893790","potions_obtained":[{"floor":3,"key":"Block Potion"},{"floor":4,"key":"Strength Potion"},{"floor":13,"key":"Dexterity Potion"},{"floor":19,"key":"Weak Potion"},{"floor":20,"key":"Swift Potion"},{"floor":27,"key":"SkillPotion"},{"floor":48,"key":"Ancient Potion"}],"is_trial":false,"path_per_floor":["M","?","M","M","M","R","$","R","T","R","M","M","M","E","R","B",null,"M","M","M","?","?","R","M","R","T","E","M","?","$","M","R","B",null,"M","$","?","?","M","R","?","R","T","E","R","M","M","E","R","B"],"character_chosen":"THE_SILENT","items_purchased":["Omamori","Apotheosis","GhostInAJar","Snake Skull"],"campfire_rested":0,"item_purchase_floors":[7,30,30,36],"current_hp_per_floor":[67,65,65,65,65,65,65,65,65,65,65,65,65,47,47,12,65,62,49,41,41,41,41,40,40,45,30,12,12,12,40,40,45,45,45,45,45,45,45,45,45,45,45,45,45,41,45,42,42,45],"gold":109,"neow_bonus":"UPGRADE_CARD","is_prod":false,"is_daily":false,"chose_seed":false,"campfire_upgraded":7,"win_rate":1,"timestamp":1539058979,"path_taken":["M","?","M","?","M","R","$","R","T","R","M","M","M","E","R","BOSS","M","M","M","?","?","R","M","R","T","E","M","?","$","M","R","BOSS","M","$","?","?","M","R","?","R","T","E","R","M","?","E","R","BOSS"],"build_version":"2018-10-04v2","purchased_purges":1,"victory":true,"max_hp_per_floor":[70,65,65,65,65,65,65,65,65,65,65,65,65,65,65,65,65,65,65,65,65,65,65,65,65,65,65,65,45,45,45,45,45,45,45,45,45,45,45,45,45,45,45,45,45,45,45,45,45,45],"card_choices":[{"not_picked":["Underhanded Strike","Deflect","Heel Hook"],"picked":"SKIP","floor":1},{"not_picked":["Finisher","Heel Hook","Acrobatics"],"picked":"SKIP","floor":3},{"not_picked":["Bane","Prepared"],"picked":"Poisoned Stab","floor":4},{"not_picked":["Skewer","Slice"],"picked":"Dash","floor":5},{"not_picked":["Accuracy","Eviscerate","Finisher"],"picked":"SKIP","floor":11},{"not_picked":["Terror","Bane"],"picked":"Dagger Spray","floor":12},{"not_picked":["Flying Knee","PiercingWail"],"picked":"Wraith Form v2","floor":13},{"not_picked":["Infinite Blades","Slice","Outmaneuver"],"picked":"SKIP","floor":14},{"not_picked":["Bullet Time","Wraith Form v2"],"picked":"Night Terror","floor":16},{"not_picked":["Cloak And Dagger+1","Flechettes","Dagger Spray+1"],"picked":"SKIP","floor":18},{"not_picked":["Underhanded Strike","Skewer"],"picked":"Poisoned Stab","floor":19},{"not_picked":["Slice","Flying Knee"],"picked":"Bullet Time","floor":20},{"not_picked":["Calculated Gamble","Dodge and Roll+1"],"picked":"Backflip","floor":24},{"not_picked":["Infinite Blades","Slice"],"picked":"Bouncing Flask","floor":27},{"not_picked":["Flying Knee+1","Terror"],"picked":"Well Laid Plans+1","floor":28},{"not_picked":["Deadly Poison","Infinite Blades+1"],"picked":"Leg Sweep","floor":31},{"not_picked":["Unload","Die Die Die"],"picked":"Venomology","floor":33},{"not_picked":["Outmaneuver","Infinite Blades+1","Dagger Throw"],"picked":"SKIP","floor":35},{"not_picked":["Quick Slash","Infinite Blades+1"],"picked":"Deadly Poison","floor":39},{"not_picked":["Outmaneuver","Calculated Gamble"],"picked":"Malaise","floor":44},{"not_picked":["All Out Attack","Sucker Punch+1"],"picked":"Deadly Poison+1","floor":46},{"not_picked":["Dagger Throw","Blade Dance+1"],"picked":"Predator","floor":47},{"not_picked":["Sucker Punch+1","Deadly Poison"],"picked":"Tools of the Trade+1","floor":48}],"player_experience":25692,"relics_obtained":[{"floor":9,"key":"Ancient Tea Set"},{"floor":14,"key":"Orichalcum"},{"floor":27,"key":"Frozen Egg 2"},{"floor":43,"key":"War Paint"},{"floor":44,"key":"Matryoshka"},{"floor":48,"key":"Oddly Smooth Stone"}],"event_choices":[{"event_name":"Golden Idol","player_choice":"Lose Max HP","floor":2,"damage_taken":0},{"event_name":"Forgotten Altar","player_choice":"Gave Idol","floor":21,"damage_taken":0},{"event_name":"N\u0027loth","player_choice":"Ignored","floor":22,"damage_taken":0},{"event_name":"Vampires","player_choice":"Became a vampire","floor":29,"damage_taken":0},{"event_name":"Tomb of Lord Red Mask","player_choice":"Paid","floor":37,"damage_taken":0},{"event_name":"Falling","player_choice":"Removed Attack","floor":38,"damage_taken":0},{"event_name":"Accursed Blacksmith","player_choice":"Rummage","floor":41,"damage_taken":0}],"is_beta":false,"boss_relics":[{"not_picked":["Sozu","Busted Crown"],"picked":"Coffee Dripper"},{"not_picked":["WristBlade","Empty Cage"],"picked":"Fusion Hammer"}],"items_purged_floors":[36],"is_endless":false,"potions_floor_spawned":[3,4,13,19,20,27,46,48],"ascension_level":4}