{"gold_per_floor":[110,260,260,185,198,232,82,82,106,137,39,58,85,100,100,100],"floor_reached":16,"playtime":368,"items_purged":["Defend_R"],"score":286,"play_id":"0d28621d-573f-4ac9-b493-619bbadfbd1b","local_time":"20181022000055","is_ascension_mode":true,"campfire_choices":[{"data":"Provocation","floor":8.0,"key":"SMITH"},{"data":"LimitFlipper","floor":15,"key":"SMITH"}],"neow_cost":"NONE","seed_source_timestamp":140321423176298,"circlet_count":0,"master_deck":["Strike_R","Strike_R","Strike_R","Strike_R","Defend_R","Defend_R","Defend_R","Bash","AscendersBane","Provocation+1","Shrug It Off","Evolve","Flex","LimitFlipper+1","Sword Boomerang","Heavy Blade"],"special_seed":0,"relics":["Burning Blood","NeowsBlessing","Meat on the Bone","Vajra","Kunai","Oddly Smooth Stone"],"potions_floor_usage":[13,16],"damage_taken":[{"damage":0.0,"enemies":"Cultist","floor":1.0,"turns":1.0},{"damage":0.0,"enemies":"Small Slimes","floor":5.0,"turns":1.0},{"damage":0.0,"enemies":"3 Sentries","floor":6.0,"turns":2.0},{"damage":41,"enemies":"Gremlin Nob","floor":10,"turns":4},{"damage":9,"enemies":"2 Louse","floor":12,"turns":3},{"damage":28,"enemies":"Lagavulin","floor":13,"turns":5},{"damage":9,"enemies":"2 Fungi Beasts","floor":14,"turns":3},{"damage":48,"enemies":"Slime Boss","floor":16,"turns":6}],"seed_played":"-4512217196916829830","potions_obtained":[{"floor":5.0,"key":"SpeedPotion"},{"floor":6.0,"key":"Energy Potion"}],"is_trial":false,"path_per_floor":["M","?","?","?","M","E","$","R","T","E","$","M","E","M","R"],"character_chosen":"IRONCLAD","items_purchased":["Evolve","LimitFlipper"],"campfire_rested":0,"item_purchase_floors":[7,11],"current_hp_per_floor":[74,74,74,74,75,75,75,75,75,52,52,49,39,48,48,0],"gold":100,"neow_bonus":"THREE_ENEMY_KILL","is_prod":false,"is_daily":false,"chose_seed":false,"campfire_upgraded":2,"win_rate":0,"timestamp":1540137655,"path_taken":["M","?","?","?","?","E","$","R","T","E","$","M","E","?","R","BOSS"],"build_version":"2018-10-18","purchased_purges":1,"victory":false,"max_hp_per_floor":[75,75,75,75,75,75,75,75,75,75,75,75,75,75,75,75],"card_choices":[{"not_picked":["Cleave","Carnage","Dual Wield"],"picked":"SKIP","floor":1.0},{"not_picked":["Sever Soul","Intimidate"],"picked":"Shrug It Off","floor":5.0},{"not_picked":["Feel No Pain","Twin Strike","Headbutt"],"picked":"SKIP","floor":6.0},{"not_picked":["Seeing Red","Dropkick"],"picked":"Flex","floor":10},{"not_picked":["Infernal Blade","Headbutt"],"picked":"Sword Boomerang","floor":12},{"not_picked":["Berserk","Body Slam","Wild Strike"],"picked":"SKIP","floor":13},{"not_picked":["True Grit","Pommel Strike"],"picked":"Heavy Blade","floor":14}],"player_experience":354630,"relics_obtained":[{"floor":6.0,"key":"Meat on the Bone"},{"floor":9.0,"key":"Vajra"},{"floor":10,"key":"Kunai"},{"floor":13,"key":"Oddly Smooth Stone"}],"event_choices":[{"damage_healed":0.0,"max_hp_gain":0.0,"max_hp_loss":0.0,"gold_gain":150.0,"event_name":"Liars Game","player_choice":"AGREE","floor":2.0,"gold_loss":0.0,"damage_taken":0.0,"cards_obtained":["Doubt"]},{"cards_removed":["Doubt"],"damage_healed":0.0,"max_hp_gain":0.0,"max_hp_loss":0.0,"gold_gain":0.0,"event_name":"Fountain of Cleansing","player_choice":"Removed Curses","floor":3.0,"gold_loss":0.0,"damage_taken":0.0},{"cards_removed":["Strike_R"],"damage_healed":0.0,"max_hp_gain":0.0,"max_hp_loss":0.0,"gold_gain":0.0,"event_name":"The Cleric","player_choice":"Card Removal","floor":4.0,"gold_loss":75.0,"damage_taken":0.0}],"is_beta":false,"boss_relics":[],"items_purged_floors":[7],"is_endless":false,"potions_floor_spawned":[5,6,12],"killed_by":"Slime Boss","ascension_level":20}