{"gold_per_floor":[367,384,394,2,2,27,27,59,137,137,162,162,177,189,189,266,266,276,276,289,10,20,20,54,54,54,54,54,54,69,103,103,179,179,194,101,0,0,0,100,129,129,129,129,129],"floor_reached":45,"playtime":2151,"items_purged":["Zap"],"score":990,"play_id":"f43e4454-132b-465c-ab5b-3f015b7b326f","local_time":"20190807204120","is_ascension_mode":true,"campfire_choices":[{"floor":7.0,"key":"REST"},{"floor":12.0,"key":"REST"},{"data":"Coolheaded","floor":15.0,"key":"SMITH"},{"floor":23,"key":"REST"},{"floor":25,"key":"REST"},{"floor":28,"key":"REST"},{"floor":32,"key":"REST"},{"floor":42,"key":"REST"},{"data":"Dualcast","floor":44,"key":"SMITH"}],"neow_cost":"TEN_PERCENT_HP_LOSS","seed_source_timestamp":31483005092283,"circlet_count":0,"master_deck":["AscendersBane","Strike_B+1","Strike_B+1","Strike_B+1","Strike_B+1","Defend_B+1","Defend_B+1","Defend_B+1","Defend_B+1","Dualcast+1","Ball Lightning","Rip and Tear","Coolheaded+1","Echo Form+1","Conserve Battery","Glacier","Hello World","BootSequence","Electrodynamics","Undo","Hologram","Ball Lightning","Redo+1","BootSequence+1","Core Surge","Capacitor+1","Finesse"],"special_seed":0,"relics":["FrozenCore","Sling","Gambling Chip","Oddly Smooth Stone","Symbiotic Virus","WingedGreaves","Sozu","Matryoshka","Smiling Mask","Strawberry","Shuriken","Frozen Egg 2","Red Mask","Emotion Chip","Sundial","Orichalcum"],"potions_floor_usage":[22,24],"damage_taken":[{"damage":0.0,"enemies":"Small Slimes","floor":1.0,"turns":4.0},{"damage":4.0,"enemies":"2 Louse","floor":2.0,"turns":3.0},{"damage":0.0,"enemies":"Cultist","floor":3.0,"turns":2.0},{"damage":23.0,"enemies":"3 Sentries","floor":6.0,"turns":6.0},{"damage":6.0,"enemies":"Gremlin Nob","floor":8.0,"turns":3.0},{"damage":36.0,"enemies":"3 Sentries","floor":11.0,"turns":4.0},{"damage":2.0,"enemies":"Large Slime","floor":13.0,"turns":5.0},{"damage":0.0,"enemies":"3 Louse","floor":14.0,"turns":3.0},{"damage":11,"enemies":"Hexaghost","floor":16,"turns":8},{"damage":16,"enemies":"2 Thieves","floor":18,"turns":3},{"damage":4,"enemies":"Spheric Guardian","floor":20,"turns":5},{"damage":6,"enemies":"Snake Plant","floor":22,"turns":5},{"damage":37,"enemies":"Book of Stabbing","floor":24,"turns":5},{"damage":21,"enemies":"Shelled Parasite and Fungi","floor":30,"turns":6},{"damage":15,"enemies":"Slavers","floor":31,"turns":3},{"damage":36,"enemies":"Automaton","floor":33,"turns":12},{"damage":6,"enemies":"3 Shapes","floor":35,"turns":4},{"damage":0,"enemies":"Mind Bloom Boss Battle","floor":40,"turns":5},{"damage":2,"enemies":"Nemesis","floor":41,"turns":9},{"damage":78,"enemies":"Reptomancer","floor":45,"turns":2}],"seed_played":"8322873152426851961","potions_obtained":[{"floor":3.0,"key":"Strength Potion"},{"floor":11.0,"key":"Strength Potion"},{"floor":14.0,"key":"EssenceOfSteel"},{"floor":16,"key":"Block Potion"}],"is_trial":false,"path_per_floor":["M","M","M","$","?","E","R","E","T","?","E","R","M","M","R","B",null,"M","?","M","$","M","R","E","R","T","?","R","?","M","E","R","B",null,"M","$","?","?","$","?","E","R","T","R","E"],"character_chosen":"DEFECT","items_purchased":["Echo Form","Sling","Matryoshka","Capacitor+1"],"campfire_rested":7,"item_purchase_floors":[4,4,21,36],"current_hp_per_floor":[64,60,60,60,60,37,56,50,50,50,14,33,31,31,31,20,53,37,37,33,33,27,46,9,28,35,35,56,56,35,20,41,5,55,49,49,49,44,44,44,42,63,63,63,0],"gold":129,"neow_bonus":"TWO_FIFTY_GOLD","is_prod":false,"is_daily":false,"chose_seed":false,"campfire_upgraded":2,"win_rate":0,"timestamp":1565203280,"path_taken":["M","M","M","$","?","E","R","E","T","?","E","R","?","M","R","BOSS","M","?","M","$","M","R","E","R","T","?","R","?","M","E","R","BOSS","M","$","?","?","$","?","E","R","T","R","E"],"build_version":"2019-07-17","purchased_purges":1,"victory":false,"max_hp_per_floor":[64,64,64,64,64,64,64,64,64,64,64,64,64,64,64,64,64,64,64,64,64,64,64,64,64,71,71,71,71,71,71,71,71,71,71,71,71,71,71,71,71,71,71,71,71],"card_choices":[{"not_picked":["Compile Driver","Go for the Eyes"],"picked":"Ball Lightning","floor":1.0},{"not_picked":["FTL","Stack"],"picked":"Rip and Tear","floor":2.0},{"not_picked":["Hologram","Conserve Battery"],"picked":"Coolheaded","floor":3.0},{"not_picked":["Turbo","Heatsinks"],"picked":"Conserve Battery","floor":6.0},{"not_picked":["Steam","All For One","Heatsinks"],"picked":"SKIP","floor":8.0},{"not_picked":["Redo","Hello World"],"picked":"Glacier","floor":11.0},{"not_picked":["Auto Shields","Go for the Eyes"],"picked":"Hello World","floor":13.0},{"not_picked":["Force Field","Genetic Algorithm"],"picked":"BootSequence","floor":14.0},{"not_picked":["Seek","Echo Form"],"picked":"Electrodynamics","floor":16},{"not_picked":["Gash","Compile Driver"],"picked":"Undo","floor":18},{"not_picked":["FTL","Beam Cell"],"picked":"Hologram","floor":20},{"not_picked":["Leap","Sweeping Beam","Turbo"],"picked":"SKIP","floor":22},{"not_picked":["Leap","Melter"],"picked":"Ball Lightning","floor":24},{"not_picked":["Stack","Coolheaded"],"picked":"Redo+1","floor":30},{"not_picked":["Fission","Tempest"],"picked":"BootSequence+1","floor":31},{"not_picked":["Amplify","All For One"],"picked":"Core Surge","floor":33},{"not_picked":["Rip and Tear","Darkness","Go for the Eyes"],"picked":"SKIP","floor":35},{"not_picked":["Impatience","PanicButton"],"picked":"Finesse","floor":38},{"not_picked":["Go for the Eyes+1","Gash","Genetic Algorithm"],"picked":"SKIP","floor":41}],"player_experience":830130,"relics_obtained":[{"floor":6.0,"key":"Gambling Chip"},{"floor":8.0,"key":"Oddly Smooth Stone"},{"floor":9.0,"key":"Symbiotic Virus"},{"floor":11.0,"key":"WingedGreaves"},{"floor":24,"key":"Smiling Mask"},{"floor":26,"key":"Strawberry"},{"floor":26,"key":"Shuriken"},{"floor":31,"key":"Frozen Egg 2"},{"floor":40,"key":"Emotion Chip"},{"floor":41,"key":"Sundial"},{"floor":43,"key":"Orichalcum"}],"event_choices":[{"damage_healed":0.0,"max_hp_gain":0.0,"max_hp_loss":0.0,"gold_gain":0.0,"event_name":"Liars Game","player_choice":"Ignored","floor":5.0,"gold_loss":0.0,"damage_taken":0.0},{"damage_healed":0.0,"max_hp_gain":0.0,"max_hp_loss":0.0,"gold_gain":0.0,"event_name":"Upgrade Shrine","player_choice":"Upgraded","floor":10.0,"gold_loss":0.0,"damage_taken":0.0,"cards_upgraded":["Echo Form"]},{"damage_healed":0,"gold_gain":0,"player_choice":"Ignored","damage_taken":0,"max_hp_gain":0,"max_hp_loss":0,"event_name":"Ghosts","floor":19,"gold_loss":0},{"damage_healed":0,"gold_gain":0,"player_choice":"Simplicity","damage_taken":0,"max_hp_gain":0,"max_hp_loss":0,"event_name":"Back to Basics","floor":27,"gold_loss":0,"cards_upgraded":["Strike_B","Strike_B","Strike_B","Strike_B","Defend_B","Defend_B","Defend_B","Defend_B"]},{"damage_healed":0,"gold_gain":0,"player_choice":"Ignored","damage_taken":0,"max_hp_gain":0,"max_hp_loss":0,"event_name":"The Mausoleum","floor":29,"gold_loss":0},{"damage_healed":0,"gold_gain":0,"player_choice":"Paid","damage_taken":0,"relics_obtained":["Red Mask"],"max_hp_gain":0,"max_hp_loss":0,"event_name":"Tomb of Lord Red Mask","floor":37,"gold_loss":101},{"damage_healed":0,"gold_gain":0,"player_choice":"Memory 2","damage_taken":5,"max_hp_gain":0,"max_hp_loss":0,"event_name":"SensoryStone","floor":38,"gold_loss":0},{"damage_healed":0,"gold_gain":0,"player_choice":"Fight","damage_taken":0,"max_hp_gain":0,"max_hp_loss":0,"event_name":"MindBloom","floor":40,"gold_loss":0}],"is_beta":false,"boss_relics":[{"not_picked":["Eternal Feather","Black Star"],"picked":"Sozu"},{"not_picked":["Calling Bell","Velvet Choker"],"picked":"FrozenCore"}],"items_purged_floors":[36],"is_endless":false,"potions_floor_spawned":[3,11,14,16,20,33,35,41],"killed_by":"Reptomancer","ascension_level":20}