{"gold_per_floor":[112,112,112,126,141,171,171,205,205,205,234,159,159,40,40,112,112,126,126,396,48,98,131,131,157,157,185,185,13,31,58,58,132,132,152,169,87,102,102,132,132,161,161,195,209,223,240,240,240,240,240,240,38,73,73],"floor_reached":55,"playtime":1616,"items_purged":["Strike_R","Writhe","Strike_R","Defend_R"],"score":1789,"play_id":"13fdf3c6-b31b-4c09-9211-e9e7a15bc859","local_time":"20190726232224","is_ascension_mode":true,"campfire_choices":[{"data":"Armaments","floor":7.0,"key":"SMITH"},{"data":"Juggernaut","floor":10.0,"key":"SMITH"},{"data":"Bash","floor":13.0,"key":"SMITH"},{"data":"Shrug It Off","floor":15.0,"key":"SMITH"},{"data":"Pommel Strike","floor":24.0,"key":"SMITH"},{"data":"Burning Pact","floor":28.0,"key":"SMITH"},{"data":"Dual Wield","floor":32.0,"key":"SMITH"},{"floor":41.0,"key":"RECALL"},{"floor":49.0,"key":"REST"},{"data":"Power Through","floor":52.0,"key":"SMITH"}],"neow_cost":"NONE","seed_source_timestamp":85189833617777,"circlet_count":0,"master_deck":["AscendersBane","Defend_R","Defend_R","Bash+1","Pommel Strike+1","Armaments+1","Juggernaut+1","Second Wind","Burning Pact+1","Shrug It Off+1","Immolate","Dark Embrace","Dual Wield+1","Shrug It Off","Shrug It Off","Thunderclap+1","Perfected Strike+1","Limit Break+1","Body Slam+1","Power Through+1","Entrench+1"],"special_seed":0,"relics":["Runic Dome","Letter Opener","FossilizedHelix","Juzu Bracelet","Ancient Tea Set","Centennial Puzzle","Snecko Eye","Question Card","TheAbacus","Shuriken","Unceasing Top","Thread and Needle","Mummified Hand","Astrolabe","Frozen Egg 2","Calipers","Blue Candle","StoneCalendar"],"potions_floor_usage":[55,55],"damage_taken":[{"damage":0.0,"enemies":"Cultist","floor":1.0,"turns":3.0},{"damage":2.0,"enemies":"Jaw Worm","floor":4.0,"turns":3.0},{"damage":6.0,"enemies":"2 Louse","floor":5.0,"turns":2.0},{"damage":40.0,"enemies":"3 Sentries","floor":6.0,"turns":10.0},{"damage":10.0,"enemies":"Lagavulin","floor":8.0,"turns":7.0},{"damage":30.0,"enemies":"Gremlin Nob","floor":11.0,"turns":5.0},{"damage":7.0,"enemies":"Slime Boss","floor":16.0,"turns":8.0},{"damage":6.0,"enemies":"Chosen","floor":18.0,"turns":2.0},{"damage":0.0,"enemies":"Slavers","floor":23.0,"turns":3.0},{"damage":0.0,"enemies":"Gremlin Leader","floor":25.0,"turns":3.0},{"damage":5.0,"enemies":"Slavers","floor":27.0,"turns":3.0},{"damage":4.0,"enemies":"3 Byrds","floor":30.0,"turns":4.0},{"damage":0.0,"enemies":"Gremlin Leader","floor":31.0,"turns":4.0},{"damage":1.0,"enemies":"Collector","floor":33.0,"turns":6.0},{"damage":0.0,"enemies":"Orb Walker","floor":35.0,"turns":2.0},{"damage":0.0,"enemies":"3 Shapes","floor":36.0,"turns":2.0},{"damage":0.0,"enemies":"Spire Growth","floor":38.0,"turns":3.0},{"damage":0.0,"enemies":"Nemesis","floor":40.0,"turns":5.0},{"damage":0.0,"enemies":"Reptomancer","floor":42.0,"turns":5.0},{"damage":0.0,"enemies":"Giant Head","floor":44.0,"turns":7.0},{"damage":0.0,"enemies":"Writhing Mass","floor":45.0,"turns":4.0},{"damage":11.0,"enemies":"4 Shapes","floor":46.0,"turns":3.0},{"damage":0.0,"enemies":"Spire Growth","floor":47.0,"turns":4.0},{"damage":0.0,"enemies":"Donu and Deca","floor":50.0,"turns":6.0},{"damage":0.0,"enemies":"Shield and Spear","floor":54.0,"turns":3.0},{"damage":84,"enemies":"The Heart","floor":55,"turns":3}],"seed_played":"-3376433903138505438","potions_obtained":[{"floor":6.0,"key":"FairyPotion"},{"floor":11.0,"key":"Dexterity Potion"},{"floor":16.0,"key":"LiquidBronze"},{"floor":18.0,"key":"Fruit Juice"},{"floor":25.0,"key":"SmokeBomb"}],"is_trial":false,"path_per_floor":["M","T","?","M","M","E","R","E","T","R","E","$","R","$","R","B",null,"M","?","?","$","?","E","R","E","T","E","R","$","M","E","R","B",null,"M","M","$","M","?","E","R","E","T","E","M","M","M","?","R","B",null,"R","$","E","B"],"character_chosen":"IRONCLAD","items_purchased":["Burning Pact","Shrug It Off","TheAbacus","SkillPotion","Shrug It Off","Power Through","AttackPotion"],"campfire_rested":1,"item_purchase_floors":[14,14,21,21,29,37,53],"current_hp_per_floor":[68,68,73,71,65,25,25,15,15,15,8,8,8,8,8,1,60,59,59,27,27,27,27,27,27,27,22,22,22,18,18,18,17,68,68,68,68,68,68,68,68,68,68,68,68,57,57,57,82,82,84,84,84,84,0],"gold":73,"neow_bonus":"BOSS_RELIC","is_prod":false,"is_daily":false,"chose_seed":false,"campfire_upgraded":8,"win_rate":0,"timestamp":1564150944,"path_taken":["M","?","?","M","M","E","R","E","T","R","E","$","R","?","R","BOSS","M","?","?","$","?","E","R","E","T","E","R","$","M","E","R","BOSS","M","M","$","M","?","E","R","E","T","E","M","M","M","?","R","BOSS","R","$","E","BOSS"],"build_version":"2019-07-17","purchased_purges":4,"victory":false,"max_hp_per_floor":[75,75,80,80,80,80,80,80,80,80,80,80,80,80,80,80,80,85,85,85,85,85,85,85,85,85,85,85,85,85,85,85,85,85,85,85,85,85,85,85,85,85,85,85,85,85,85,85,85,85,85,85,85,85,85],"card_choices":[{"not_picked":["Thunderclap","Wild Strike"],"picked":"Pommel Strike","floor":1.0},{"not_picked":["Flex","Warcry","Headbutt"],"picked":"SKIP","floor":4.0},{"not_picked":["Cleave","Iron Wave"],"picked":"Armaments","floor":5.0},{"not_picked":["Body Slam","Intimidate"],"picked":"Juggernaut","floor":6.0},{"not_picked":["Thunderclap","Burning Pact"],"picked":"Second Wind","floor":8.0},{"not_picked":["Warcry","Wild Strike","Headbutt"],"picked":"SKIP","floor":11.0},{"not_picked":["Dark Embrace","Limit Break"],"picked":"Immolate","floor":16.0},{"not_picked":["Searing Blow","Hemokinesis+1","Heavy Blade"],"picked":"SKIP","floor":18.0},{"not_picked":["Twin Strike","Clash","Wild Strike","Havoc"],"picked":"SKIP","floor":23.0},{"not_picked":["Rampage","Second Wind","Clash"],"picked":"Dark Embrace","floor":25.0},{"not_picked":["Rupture","Sentinel","Headbutt"],"picked":"Dual Wield","floor":27.0},{"not_picked":["Armaments","Clash","Twin Strike","Rupture"],"picked":"SKIP","floor":30.0},{"not_picked":["Intimidate+1","Dark Embrace","True Grit"],"picked":"Shrug It Off","floor":31.0},{"not_picked":["Wild Strike","Twin Strike","Dropkick+1"],"picked":"Body Slam+1","floor":35.0},{"not_picked":["Combust","Disarm","Exhume","Thunderclap"],"picked":"SKIP","floor":36.0},{"not_picked":["Sword Boomerang","Warcry","Heavy Blade","Dropkick"],"picked":"SKIP","floor":38.0},{"not_picked":["Armaments+1","Anger","Twin Strike+1","Sentinel"],"picked":"SKIP","floor":40.0},{"not_picked":["Thunderclap+1","Blood for Blood","Warcry","Wild Strike"],"picked":"SKIP","floor":42.0},{"not_picked":["Pommel Strike+1","Reaper","Body Slam","Perfected Strike"],"picked":"SKIP","floor":44.0},{"not_picked":["Warcry","Wild Strike","Iron Wave","Cleave"],"picked":"SKIP","floor":45.0},{"not_picked":["Evolve+1","Headbutt","Armaments"],"picked":"Entrench+1","floor":46.0},{"not_picked":["Armaments","Flame Barrier","Body Slam","Cleave"],"picked":"SKIP","floor":47.0},{"not_picked":["Flex","Fiend Fire","Armaments","Disarm"],"picked":"SKIP","floor":54.0}],"player_experience":668316,"relics_obtained":[{"floor":2.0,"key":"Letter Opener"},{"floor":6.0,"key":"FossilizedHelix"},{"floor":8.0,"key":"Juzu Bracelet"},{"floor":9.0,"key":"Ancient Tea Set"},{"floor":11.0,"key":"Centennial Puzzle"},{"floor":23.0,"key":"Shuriken"},{"floor":25.0,"key":"Unceasing Top"},{"floor":26.0,"key":"Thread and Needle"},{"floor":31.0,"key":"Mummified Hand"},{"floor":40.0,"key":"Frozen Egg 2"},{"floor":42.0,"key":"Calipers"},{"floor":44.0,"key":"Blue Candle"},{"floor":54.0,"key":"StoneCalendar"}],"event_choices":[{"damage_healed":0.0,"max_hp_gain":5.0,"max_hp_loss":0.0,"gold_gain":0.0,"event_name":"Big Fish","player_choice":"Donut","floor":3.0,"gold_loss":0.0,"damage_taken":0.0},{"damage_healed":0.0,"max_hp_gain":0.0,"max_hp_loss":0.0,"gold_gain":0.0,"event_name":"The Mausoleum","player_choice":"Opened","floor":19.0,"gold_loss":0.0,"damage_taken":0.0,"relics_obtained":["Question Card"],"cards_obtained":["Writhe"]},{"damage_healed":0.0,"max_hp_gain":0.0,"max_hp_loss":0.0,"gold_gain":270.0,"event_name":"Knowing Skull","player_choice":"GOLD GOLD GOLD ","floor":20.0,"potions_obtained":[],"gold_loss":0.0,"damage_taken":32.0,"cards_obtained":[]},{"damage_healed":0.0,"max_hp_gain":0.0,"max_hp_loss":0.0,"gold_gain":50.0,"event_name":"Golden Shrine","player_choice":"Pray","floor":22.0,"gold_loss":0.0,"damage_taken":0.0},{"damage_healed":0.0,"max_hp_gain":0.0,"max_hp_loss":0.0,"gold_gain":0.0,"event_name":"Tomb of Lord Red Mask","player_choice":"Ignored","floor":39.0,"gold_loss":0.0,"damage_taken":0.0},{"cards_removed":["Defend_R"],"damage_healed":0.0,"max_hp_gain":0.0,"max_hp_loss":0.0,"gold_gain":0.0,"event_name":"Falling","player_choice":"Removed Skill","floor":48.0,"gold_loss":0.0,"damage_taken":0.0}],"is_beta":false,"boss_relics":[{"not_picked":["White Beast Statue","Calling Bell"],"picked":"Snecko Eye"},{"not_picked":["Empty Cage","Coffee Dripper"],"picked":"Astrolabe"}],"items_purged_floors":[12,21,29,53],"is_endless":false,"potions_floor_spawned":[6,11,16,18,25,27,35,36,42,45,54],"killed_by":"The Heart","ascension_level":15}