{"path_per_floor":["M","M","?","M","M","E","R","?","T","R","?","E","M","M","R","B",null,"M","M","$","M","$","E","R","E","T","$","R","?","M","M","R","B",null,"M","M","$","?","$","R","M","M","T","?","E","R","E","M","R","B"],"character_chosen":"THE_SILENT","items_purchased":["Dodecahedron","War Paint","Matryoshka"],"gold_per_floor":[114,129,129,144,159,189,189,245,270,270,270,300,315,330,330,430,430,445,460,135,150,0,30,30,60,110,110,110,110,125,140,140,240,240,255,270,20,20,20,20,35,50,50,50,80,80,110,125,125,125],"floor_reached":51,"campfire_rested":1,"playtime":2757,"current_hp_per_floor":[63,63,63,63,61,54,54,54,54,54,54,54,54,50,50,56,58,57,56,55,54,53,33,33,29,35,35,35,35,35,36,36,44,53,51,49,49,49,48,47,44,45,50,40,23,47,35,36,44,14],"items_purged":["Corpse Explosion"],"gold":125,"score":1032,"play_id":"3ac9fbdf-effa-4290-9204-5b5023a64fce","local_time":"20180409132244","daily_mods":["Shiny","Cursed Run","Terminal"],"is_prod":false,"is_daily":true,"is_ascension_mode":false,"campfire_upgraded":8,"timestamp":1523251364,"path_taken":["M","M","?","M","M","E","R","?","T","R","?","E","M","M","R","BOSS","M","M","$","M","?","E","R","E","T","$","R","?","?","M","R","BOSS","M","M","$","?","$","R","M","M","T","?","E","R","E","M","R","BOSS"],"build_version":"2018-04-05v2","purchased_purges":2,"victory":true,"master_deck":["Adrenaline","Envenom+1","Doppelganger+1","Burst","Venomology","Tools of the Trade","Night Terror+1","Phantasmal Killer+1","Unload","After Image+1","Tactician+1","Bullet Time+1","Storm of Steel","Glass Knife","Die Die Die","A Thousand Cuts+1","Grand Finale","Leg Sweep","Prepared+1","Acrobatics","Well Laid Plans","Calculated Gamble","Doubt","Adrenaline","Writhe","Regret","Parasite","Panache","Apotheosis+1","Trip","Regret"],"max_hp_per_floor":[68,67,66,65,64,63,62,61,60,59,58,57,56,55,54,59,58,57,56,55,54,53,52,51,50,55,54,53,52,51,50,49,54,53,52,51,50,49,48,47,46,45,50,49,48,47,46,45,44,49],"relics":["Cursed Key","Darkstone Periapt","Du-Vu Doll","Blue Candle","Omamori","Dream Catcher","Tough Bandages","Bag of Preparation","Black Star","Dodecahedron","War Paint","Blood Vial","Ancient Tea Set","Art of War","Oddly Smooth Stone","Happy Flower","Ginger","Eternal Feather","Matryoshka","Prayer Wheel","Bronze Scales","Toxic Egg 2","Bottled Flame","Bird Faced Urn","Thread and Needle"],"card_choices":[{"not_picked":["Sucker Punch","Flechettes"],"picked":"Leg Sweep","floor":1},{"not_picked":["Noxious Fumes","Endless Agony"],"picked":"Prepared","floor":2},{"not_picked":["Dagger Throw","Deadly Poison"],"picked":"Acrobatics","floor":5},{"not_picked":["Dagger Throw","Dagger Spray"],"picked":"Well Laid Plans","floor":6},{"not_picked":["Quick Slash","Backstab"],"picked":"Calculated Gamble","floor":13},{"not_picked":["Grand Finale","Storm of Steel"],"picked":"Adrenaline","floor":16},{"not_picked":["Panacea","Finesse"],"picked":"Panache","floor":44},{"not_picked":["Flash of Steel","Trip"],"picked":"Apotheosis","floor":44},{"not_picked":["Enlightenment","Swift Strike"],"picked":"Trip","floor":44}],"player_experience":384754,"potions_floor_usage":[4,6,8,12,13,16,18,19,21,23,23,31,33,33,33,35,41,45,45,50,50,50,50],"damage_taken":[{"damage":6,"enemies":"Jaw Worm","floor":1,"turns":3},{"damage":0,"enemies":"Cultist","floor":2,"turns":3},{"damage":0,"enemies":"Small Slimes","floor":4,"turns":4},{"damage":2,"enemies":"Looter","floor":5,"turns":4},{"damage":7,"enemies":"3 Sentries","floor":6,"turns":3},{"damage":0,"enemies":"3 Sentries","floor":8,"turns":4},{"damage":0,"enemies":"Lagavulin","floor":12,"turns":4},{"damage":0,"enemies":"Exordium Wildlife","floor":13,"turns":4},{"damage":4,"enemies":"Large Slime","floor":14,"turns":4},{"damage":0,"enemies":"The Guardian","floor":16,"turns":8},{"damage":0,"enemies":"3 Byrds","floor":18,"turns":4},{"damage":0,"enemies":"Chosen","floor":19,"turns":3},{"damage":0,"enemies":"Centurion and Healer","floor":21,"turns":5},{"damage":26,"enemies":"Gremlin Leader","floor":23,"turns":4},{"damage":6,"enemies":"Slavers","floor":25,"turns":3},{"damage":2,"enemies":"Sentry and Sphere","floor":30,"turns":4},{"damage":1,"enemies":"3 Cultists","floor":31,"turns":4},{"damage":0,"enemies":"Collector","floor":33,"turns":6},{"damage":2,"enemies":"Orb Walker","floor":35,"turns":3},{"damage":3,"enemies":"3 Darklings","floor":36,"turns":4},{"damage":3,"enemies":"Maw","floor":41,"turns":5},{"damage":1,"enemies":"Sphere and 2 Shapes","floor":42,"turns":3},{"damage":19,"enemies":"Nemesis","floor":45,"turns":5},{"damage":12,"enemies":"2 Orb Walkers","floor":47,"turns":3},{"damage":11,"enemies":"4 Shapes","floor":48,"turns":4},{"damage":44,"enemies":"Time Eater","floor":50,"turns":9}],"event_choices":[{"event_name":"Living Wall","player_choice":"Forget","floor":3,"damage_taken":0},{"event_name":"Dead Adventurer","player_choice":"Searched \u00271\u0027 times","floor":8,"damage_taken":0},{"event_name":"Big Fish","player_choice":"Box","floor":11,"damage_taken":0},{"event_name":"The Mausoleum","player_choice":"Yes","floor":29,"damage_taken":0},{"event_name":"Fountain of Cleansing","player_choice":"Ignored","floor":38,"damage_taken":0},{"event_name":"SensoryStone","player_choice":"Memory 3","floor":44,"damage_taken":0}],"boss_relics":[{"not_picked":["Astrolabe","Orrery"],"picked":"Black Star"},{"not_picked":["Sozu","Lizard Tail"],"picked":"Eternal Feather"}],"potions_floor_spawned":[2,4,5,8,12,16,19,25,30,36,42,45,47],"seed_played":"-2721555855400712205","ascension_level":0,"is_trial":false}