{"gold_per_floor":[112,112,112,38,38,38,51,79,79,79,92,92,105,55,55,129,129,139,159,169,185,135,135,145,145,145,95,95,95,95,95,95,172,172,192,209,209,209,99,99,130,148,200,232,232,246,20,52,52,52,52,52,52,2,35,35],"floor_reached":57,"playtime":5176,"items_purged":["Strike_G","Defend_G","Defend_G","Defend_G"],"score":3072,"play_id":"f3d2e2c8-5039-41fb-b3f7-a99f0a06b959","local_time":"20190216010404","is_ascension_mode":true,"campfire_choices":[{"data":"Well Laid Plans","floor":6.0,"key":"SMITH"},{"data":"Neutralize","floor":10.0,"key":"SMITH"},{"data":"Caltrops","floor":12.0,"key":"SMITH"},{"data":"Footwork","floor":15.0,"key":"SMITH"},{"data":"Catalyst","floor":23.0,"key":"SMITH"},{"data":"Acrobatics","floor":25.0,"key":"SMITH"},{"data":"Well Laid Plans","floor":28.0,"key":"SMITH"},{"data":"Burst","floor":32.0,"key":"SMITH"},{"data":"Apotheosis","floor":40.0,"key":"SMITH"},{"floor":45.0,"key":"RECALL"},{"data":"Venomology","floor":49.0,"key":"SMITH"},{"data":"Catalyst","floor":53,"key":"SMITH"}],"neow_cost":"NONE","seed_source_timestamp":57033165785134,"circlet_count":0,"master_deck":["AscendersBane","Defend_G","Survivor","Neutralize+1","Footwork+1","Infinite Blades","Well Laid Plans+1","Well Laid Plans+1","Dash+1","Caltrops+1","Acrobatics+1","Burst+1","Bouncing Flask+1","Deadly Poison+1","Blur","Catalyst+1","Backflip","Venomology+1","Backflip","Impatience+1","Apotheosis+1","Good Instincts","Acrobatics+1","Concentrate","Catalyst+1"],"special_seed":0,"relics":["Ring of the Snake","Anchor","Smiling Mask","PreservedInsect","Sundial","Astrolabe","Shuriken","Coffee Dripper","Strawberry","Centennial Puzzle","Art of War","Medical Kit","Happy Flower","Whetstone"],"potions_floor_usage":[55,56,56,56],"damage_taken":[{"damage":0.0,"enemies":"2 Louse","floor":1.0,"turns":3.0},{"damage":0.0,"enemies":"Small Slimes","floor":7.0,"turns":5.0},{"damage":33.0,"enemies":"Gremlin Nob","floor":8.0,"turns":6.0},{"damage":0.0,"enemies":"Jaw Worm","floor":11.0,"turns":4.0},{"damage":7.0,"enemies":"Gremlin Gang","floor":13.0,"turns":7.0},{"damage":6.0,"enemies":"Hexaghost","floor":16.0,"turns":12.0},{"damage":1.0,"enemies":"Spheric Guardian","floor":18.0,"turns":3.0},{"damage":7.0,"enemies":"3 Byrds","floor":19.0,"turns":3.0},{"damage":6.0,"enemies":"Sentry and Sphere","floor":20.0,"turns":7.0},{"damage":14.0,"enemies":"Centurion and Healer","floor":21.0,"turns":8.0},{"damage":0.0,"enemies":"Snake Plant","floor":24.0,"turns":2.0},{"damage":0.0,"enemies":"Champ","floor":33.0,"turns":5.0},{"damage":0.0,"enemies":"Orb Walker","floor":35.0,"turns":3.0},{"damage":0.0,"enemies":"3 Darklings","floor":36.0,"turns":6.0},{"damage":0.0,"enemies":"Giant Head","floor":41.0,"turns":3.0},{"damage":0.0,"enemies":"Maw","floor":42.0,"turns":4.0},{"damage":0.0,"enemies":"Nemesis","floor":44.0,"turns":5.0},{"damage":0.0,"enemies":"Transient","floor":46.0,"turns":6.0},{"damage":0.0,"enemies":"Giant Head","floor":48.0,"turns":4.0},{"damage":0.0,"enemies":"Time Eater","floor":50.0,"turns":5.0},{"damage":1.0,"enemies":"Awakened One","floor":51.0,"turns":12.0},{"damage":0,"enemies":"Shield and Spear","floor":55,"turns":5},{"damage":28,"enemies":"The Heart","floor":56,"turns":8}],"seed_played":"-5768603454585321056","potions_obtained":[{"floor":7.0,"key":"GhostInAJar"},{"floor":11.0,"key":"Ancient Potion"},{"floor":16.0,"key":"Dexterity Potion"},{"floor":20.0,"key":"Strength Potion"},{"floor":21.0,"key":"SpeedPotion"},{"floor":41.0,"key":"Block Potion"},{"floor":46.0,"key":"Strength Potion"}],"is_trial":false,"path_per_floor":["M","?","?","$","?","R","M","E","T","R","M","R","M","$","R","B",null,"M","M","M","M","$","R","M","R","T","$","R","?","?","T","R","B",null,"M","M","?","?","?","R","E","M","T","E","R","M","$","E","R","B","B",null,"R","$","E","B",null],"character_chosen":"THE_SILENT","items_purchased":["Well Laid Plans","Medical Kit"],"campfire_rested":0,"item_purchase_floors":[4,47],"current_hp_per_floor":[59,59,48,48,53,53,53,20,20,20,20,20,13,13,13,7,55,54,47,41,27,27,27,27,27,27,27,27,27,27,27,27,27,60,60,60,50,50,50,50,57,57,57,57,57,71,71,71,71,71,70,76,76,76,76,48],"gold":35,"neow_bonus":"RANDOM_COMMON_RELIC","is_prod":false,"is_daily":false,"chose_seed":false,"campfire_upgraded":11,"win_rate":0,"timestamp":1550250244,"path_taken":["M","?","?","$","?","R","M","E","T","R","M","R","M","?","R","BOSS","M","?","?","M","$","R","M","R","T","$","R","?","?","?","R","BOSS","M","M","?","?","?","R","E","M","T","E","R","?","$","E","R","BOSS","BOSS","R","$","E","BOSS"],"build_version":"2019-01-23","purchased_purges":4,"victory":true,"max_hp_per_floor":[66,66,66,66,71,71,71,71,71,71,71,71,71,71,71,71,71,71,71,71,71,71,71,71,71,71,71,71,71,71,71,71,71,71,71,71,71,71,71,71,78,78,78,78,78,78,78,78,78,78,78,78,78,78,78,78],"card_choices":[{"not_picked":["Poisoned Stab","Quick Slash"],"picked":"Footwork","floor":1.0},{"not_picked":["Catalyst","Setup"],"picked":"Well Laid Plans","floor":7.0},{"not_picked":["Flying Knee","Outmaneuver"],"picked":"Dash","floor":8.0},{"not_picked":["Predator","Blade Dance"],"picked":"Caltrops","floor":11.0},{"not_picked":["Deflect","Masterful Stab"],"picked":"Acrobatics","floor":13.0},{"not_picked":["Adrenaline","Storm of Steel"],"picked":"Burst","floor":16.0},{"not_picked":["Quick Slash","Dodge and Roll"],"picked":"Blur","floor":18.0},{"not_picked":["Outmaneuver","Flying Knee","Phantasmal Killer"],"picked":"SKIP","floor":19.0},{"not_picked":["Well Laid Plans","Crippling Poison"],"picked":"Catalyst","floor":20.0},{"not_picked":["Concentrate","PiercingWail"],"picked":"Backflip","floor":21.0},{"not_picked":["Dagger Throw","Underhanded Strike","Acrobatics"],"picked":"SKIP","floor":24.0},{"not_picked":["Bullet Time","A Thousand Cuts"],"picked":"Venomology","floor":33.0},{"not_picked":["Blur","Dagger Spray"],"picked":"Backflip","floor":35.0},{"not_picked":["PiercingWail","Poisoned Stab","Cloak And Dagger"],"picked":"SKIP","floor":36.0},{"not_picked":["Dramatic Entrance","Blind"],"picked":"Impatience","floor":37.0},{"not_picked":["Forethought","Discovery"],"picked":"Apotheosis","floor":37.0},{"not_picked":["Madness","Enlightenment"],"picked":"Good Instincts","floor":37.0},{"not_picked":["Deadly Poison","Setup","Slice"],"picked":"SKIP","floor":41.0},{"not_picked":["Dagger Throw","Blade Dance","Deadly Poison"],"picked":"SKIP","floor":42.0},{"not_picked":["Bane","Blade Dance"],"picked":"Acrobatics+1","floor":44.0},{"not_picked":["Underhanded Strike+1","Endless Agony+1"],"picked":"Concentrate","floor":46.0},{"not_picked":["Skewer","Phantasmal Killer"],"picked":"Catalyst","floor":48.0},{"not_picked":["PiercingWail","Eviscerate+1","Dagger Throw"],"picked":"SKIP","floor":55}],"player_experience":2799466,"relics_obtained":[{"floor":8.0,"key":"PreservedInsect"},{"floor":9.0,"key":"Sundial"},{"floor":31.0,"key":"Shuriken"},{"floor":41.0,"key":"Strawberry"},{"floor":43.0,"key":"Centennial Puzzle"},{"floor":44.0,"key":"Art of War"},{"floor":48.0,"key":"Happy Flower"},{"floor":55,"key":"Whetstone"}],"event_choices":[{"damage_healed":0.0,"max_hp_gain":0.0,"max_hp_loss":0.0,"gold_gain":0.0,"cards_transformed":["Strike_G"],"event_name":"Living Wall","player_choice":"Change","floor":2.0,"gold_loss":0.0,"damage_taken":0.0,"cards_obtained":["Infinite Blades"]},{"damage_healed":0.0,"max_hp_gain":0.0,"max_hp_loss":0.0,"gold_gain":0.0,"event_name":"Scrap Ooze","player_choice":"Success","floor":3.0,"gold_loss":0.0,"damage_taken":11.0,"relics_obtained":["Smiling Mask"]},{"damage_healed":0.0,"max_hp_gain":5.0,"max_hp_loss":0.0,"gold_gain":0.0,"event_name":"Big Fish","player_choice":"Donut","floor":5.0,"gold_loss":0.0,"damage_taken":0.0},{"cards_removed":["Defend_G"],"damage_healed":0.0,"max_hp_gain":0.0,"max_hp_loss":0.0,"gold_gain":0.0,"event_name":"Back to Basics","player_choice":"Elegance","floor":29.0,"gold_loss":0.0,"damage_taken":0.0},{"damage_healed":0.0,"max_hp_gain":0.0,"max_hp_loss":0.0,"gold_gain":0.0,"event_name":"Vampires","player_choice":"Ignored","floor":30.0,"gold_loss":0.0,"damage_taken":0.0},{"damage_healed":0.0,"max_hp_gain":0.0,"max_hp_loss":0.0,"gold_gain":0.0,"event_name":"SensoryStone","player_choice":"Memory 3","floor":37.0,"gold_loss":0.0,"damage_taken":10.0},{"damage_healed":0.0,"max_hp_gain":0.0,"max_hp_loss":0.0,"gold_gain":0.0,"event_name":"Tomb of Lord Red Mask","player_choice":"Ignored","floor":38.0,"gold_loss":0.0,"damage_taken":0.0},{"cards_removed":["Dagger Throw"],"damage_healed":0.0,"max_hp_gain":0.0,"max_hp_loss":0.0,"gold_gain":0.0,"event_name":"Designer","player_choice":"Upgrade and Remove","floor":39.0,"gold_loss":110.0,"damage_taken":0.0,"cards_upgraded":["Impatience"]}],"is_beta":false,"boss_relics":[{"not_picked":["Tiny House","Busted Crown"],"picked":"Astrolabe"},{"not_picked":["Ring of the Serpent","Calling Bell"],"picked":"Coffee Dripper"}],"items_purged_floors":[14,22,27,54],"is_endless":false,"potions_floor_spawned":[7,11,16,20,21,33,35,41,46,48],"ascension_level":20}