{"gold_per_floor":[361,361,286,303,316,316,341,341,341,370,113,133,149,181,181,258,258,269,288,299,13,32,32,65,65,90,108,123,123,154,173,173,247,247,258,258,258,108,108,108,108,133,186,186,216,233,58,78,78,78,78,78,78,21,56,56],"floor_reached":57,"playtime":2960,"items_purged":["Pain","Pain","Strike_G","Slice","Glass Knife"],"score":3365,"play_id":"39afdbbf-06de-4979-90ce-e667e265883a","local_time":"20190409132658","is_ascension_mode":true,"campfire_choices":[{"data":"Well Laid Plans","floor":6.0,"key":"SMITH"},{"data":"Catalyst","floor":8.0,"key":"SMITH"},{"data":"Deadly Poison","floor":15.0,"key":"SMITH"},{"data":"Expertise","floor":23.0,"key":"SMITH"},{"data":"Acrobatics","floor":25.0,"key":"SMITH"},{"floor":29.0,"key":"RECALL"},{"data":"Grand Finale","floor":32.0,"key":"SMITH"},{"data":"Expertise","floor":40.0,"key":"SMITH"},{"data":"Acrobatics","floor":44.0,"key":"SMITH"},{"data":"Concentrate","floor":49.0,"key":"SMITH"},{"data":"Calculated Gamble","floor":53.0,"key":"SMITH"}],"neow_cost":"CURSE","seed_source_timestamp":5142769366300,"circlet_count":0,"master_deck":["AscendersBane","Survivor","Well Laid Plans+1","Deadly Poison+1","Predator","Catalyst+1","Concentrate+1","Expertise+1","Grand Finale+1","Acrobatics+1","Calculated Gamble+1","Escape Plan","Die Die Die","Heel Hook","Expertise+1","Concentrate+1","Footwork","Acrobatics+1","Calculated Gamble+1"],"special_seed":0,"relics":["Ring of the Snake","WarpedTongs","Sundial","Meat on the Bone","MawBank","Omamori","Potion Belt","Empty Cage","Bag of Preparation","War Paint","Oddly Smooth Stone","Pandora\u0027s Box","Molten Egg 2","Art of War","Blood Vial","Bag of Marbles","PreservedInsect","StoneCalendar"],"potions_floor_usage":[56,56,56],"damage_taken":[{"damage":13.0,"enemies":"Small Slimes","floor":1.0,"turns":5.0},{"damage":5.0,"enemies":"Cultist","floor":4.0,"turns":4.0},{"damage":3.0,"enemies":"Jaw Worm","floor":5.0,"turns":4.0},{"damage":15.0,"enemies":"Gremlin Nob","floor":7.0,"turns":4.0},{"damage":15.0,"enemies":"3 Sentries","floor":10.0,"turns":10.0},{"damage":0.0,"enemies":"Exordium Wildlife","floor":12.0,"turns":4.0},{"damage":18.0,"enemies":"Lots of Slimes","floor":13.0,"turns":6.0},{"damage":4.0,"enemies":"Lagavulin","floor":14.0,"turns":6.0},{"damage":0.0,"enemies":"Slime Boss","floor":16.0,"turns":7.0},{"damage":0.0,"enemies":"Chosen","floor":18.0,"turns":4.0},{"damage":10.0,"enemies":"Spheric Guardian","floor":19.0,"turns":5.0},{"damage":23.0,"enemies":"Shelled Parasite and Fungi","floor":20.0,"turns":4.0},{"damage":0.0,"enemies":"Snake Plant","floor":22.0,"turns":2.0},{"damage":0.0,"enemies":"Gremlin Leader","floor":24.0,"turns":3.0},{"damage":6.0,"enemies":"Centurion and Healer","floor":27.0,"turns":3.0},{"damage":1.0,"enemies":"Chosen and Byrds","floor":28.0,"turns":3.0},{"damage":31.0,"enemies":"Slavers","floor":30.0,"turns":3.0},{"damage":12.0,"enemies":"Snake Plant","floor":31.0,"turns":3.0},{"damage":0.0,"enemies":"Automaton","floor":33.0,"turns":7.0},{"damage":2.0,"enemies":"3 Darklings","floor":35.0,"turns":2.0},{"damage":0.0,"enemies":"Reptomancer","floor":42.0,"turns":2.0},{"damage":0.0,"enemies":"Nemesis","floor":45.0,"turns":1.0},{"damage":0.0,"enemies":"3 Shapes","floor":46.0,"turns":1.0},{"damage":0.0,"enemies":"Transient","floor":48.0,"turns":2.0},{"damage":0.0,"enemies":"Donu and Deca","floor":50.0,"turns":1.0},{"damage":40.0,"enemies":"Time Eater","floor":51.0,"turns":5.0},{"damage":0.0,"enemies":"Shield and Spear","floor":55.0,"turns":1.0},{"damage":50,"enemies":"The Heart","floor":56,"turns":3}],"seed_played":"-8368549524946335576","potions_obtained":[{"floor":4.0,"key":"SkillPotion"},{"floor":5.0,"key":"GhostInAJar"},{"floor":12.0,"key":"GhostInAJar"},{"floor":16.0,"key":"LiquidBronze"},{"floor":20.0,"key":"Fire Potion"},{"floor":24.0,"key":"SpeedPotion"},{"floor":27.0,"key":"Block Potion"},{"floor":31.0,"key":"GamblersBrew"},{"floor":33.0,"key":"Block Potion"},{"floor":42.0,"key":"Block Potion"}],"is_trial":false,"path_per_floor":["M","?","$","M","M","R","E","R","T","E","$","M","M","E","R","B",null,"M","M","M","$","M","R","E","R","T","M","M","R","E","M","R","B",null,"M","?","T","$","?","R","$","E","T","R","E","M","$","M","R","B","B",null,"R","$","E","B",null],"character_chosen":"THE_SILENT","items_purchased":["Omamori","Bag of Preparation","AttackPotion"],"campfire_rested":0,"item_purchase_floors":[11,21,54],"current_hp_per_floor":[46,46,46,41,38,38,23,23,23,20,20,32,26,34,34,34,58,58,48,37,37,37,37,37,37,37,43,42,42,23,23,23,35,58,56,56,56,56,56,56,56,56,56,56,58,60,60,62,62,64,38,59,59,59,61,25],"gold":56,"neow_bonus":"TWO_FIFTY_GOLD","is_prod":false,"is_daily":false,"chose_seed":false,"campfire_upgraded":10,"win_rate":0,"timestamp":1554787618,"path_taken":["M","?","$","M","M","R","E","R","T","E","$","M","M","E","R","BOSS","M","M","?","$","M","R","E","R","T","M","M","R","E","M","R","BOSS","M","?","?","$","?","R","$","E","T","R","E","M","$","?","R","BOSS","BOSS","R","$","E","BOSS"],"build_version":"2019-01-23","purchased_purges":5,"victory":true,"max_hp_per_floor":[66,66,66,66,66,66,66,66,66,66,66,66,66,66,66,66,66,66,66,66,66,66,66,66,66,66,66,66,66,66,66,66,66,66,66,66,66,66,66,66,66,66,66,66,66,66,66,66,66,66,66,66,66,66,66,66],"card_choices":[{"not_picked":["Deadly Poison","Prepared"],"picked":"Well Laid Plans","floor":1.0},{"not_picked":["Terror","Outmaneuver"],"picked":"Deadly Poison","floor":4.0},{"not_picked":["Poisoned Stab","Dagger Throw"],"picked":"Predator","floor":5.0},{"not_picked":["Blur","Dodge and Roll"],"picked":"Catalyst","floor":7.0},{"not_picked":["Backstab","Setup","Dagger Spray"],"picked":"SKIP","floor":10.0},{"not_picked":["Masterful Stab","Riddle With Holes"],"picked":"Concentrate","floor":12.0},{"not_picked":["Bane","All Out Attack"],"picked":"Expertise","floor":13.0},{"not_picked":["Escape Plan","Dodge and Roll"],"picked":"Glass Knife","floor":14.0},{"not_picked":["Glass Knife","Unload"],"picked":"Grand Finale","floor":16.0},{"not_picked":["Bouncing Flask","Deadly Poison","Blur"],"picked":"SKIP","floor":18.0},{"not_picked":["Deflect","Blur"],"picked":"Acrobatics","floor":19.0},{"not_picked":["Flechettes","Footwork"],"picked":"Calculated Gamble","floor":20.0},{"not_picked":["Finisher","Flying Knee+1","Calculated Gamble"],"picked":"SKIP","floor":22.0},{"not_picked":["Underhanded Strike","Backstab","Endless Agony"],"picked":"SKIP","floor":24.0},{"not_picked":["Underhanded Strike","Backstab","Endless Agony"],"picked":"SKIP","floor":24.0},{"not_picked":["Calculated Gamble","Flechettes","Noxious Fumes"],"picked":"SKIP","floor":27.0},{"not_picked":["PiercingWail","Setup","Cloak And Dagger"],"picked":"SKIP","floor":28.0},{"not_picked":["Dagger Throw","Infinite Blades","Bane"],"picked":"SKIP","floor":30.0},{"not_picked":["Predator+1","Footwork","Deflect"],"picked":"SKIP","floor":31.0},{"not_picked":["Dagger Spray+1","Flying Knee","Slice"],"picked":"SKIP","floor":35.0},{"not_picked":["Endless Agony+1","Flechettes+1"],"picked":"Acrobatics","floor":42.0},{"not_picked":["Dash+1","Crippling Poison","Leg Sweep"],"picked":"SKIP","floor":45.0},{"not_picked":["Calculated Gamble","Flying Knee+1","Quick Slash+1"],"picked":"SKIP","floor":46.0},{"not_picked":["Flying Knee+1","Quick Slash+1"],"picked":"Calculated Gamble","floor":46.0},{"not_picked":["Endless Agony+1","Heel Hook+1","Backflip+1"],"picked":"SKIP","floor":48.0},{"not_picked":["Slice+1","Masterful Stab+1","Malaise"],"picked":"SKIP","floor":55.0}],"player_experience":4181368,"relics_obtained":[{"floor":7.0,"key":"Sundial"},{"floor":9.0,"key":"Meat on the Bone"},{"floor":10.0,"key":"MawBank"},{"floor":14.0,"key":"Potion Belt"},{"floor":24.0,"key":"War Paint"},{"floor":30.0,"key":"Oddly Smooth Stone"},{"floor":37.0,"key":"Molten Egg 2"},{"floor":42.0,"key":"Blood Vial"},{"floor":43.0,"key":"Bag of Marbles"},{"floor":45.0,"key":"PreservedInsect"},{"floor":55.0,"key":"StoneCalendar"}],"event_choices":[{"damage_healed":0.0,"max_hp_gain":0.0,"max_hp_loss":0.0,"gold_gain":0.0,"event_name":"Accursed Blacksmith","player_choice":"Rummage","floor":2.0,"gold_loss":0.0,"damage_taken":0.0,"relics_obtained":["WarpedTongs"],"cards_obtained":["Pain"]},{"cards_removed":["Neutralize"],"damage_healed":0.0,"max_hp_gain":0.0,"max_hp_loss":0.0,"gold_gain":0.0,"event_name":"Falling","player_choice":"Removed Attack","floor":36.0,"gold_loss":0.0,"damage_taken":0.0},{"damage_healed":0.0,"max_hp_gain":0.0,"max_hp_loss":0.0,"gold_gain":0.0,"event_name":"WeMeetAgain","player_choice":"Gave Potion","floor":39.0,"gold_loss":0.0,"damage_taken":0.0,"relics_obtained":["Art of War"]}],"is_beta":false,"boss_relics":[{"not_picked":["Astrolabe","Runic Dome"],"picked":"Empty Cage"},{"not_picked":["Philosopher\u0027s Stone","Calling Bell"],"picked":"Pandora\u0027s Box"}],"items_purged_floors":[3,11,21,38,47],"is_endless":false,"potions_floor_spawned":[4,5,12,16,20,24,27,31,33,42],"ascension_level":20}