{"gold_per_floor":[119,129,42,42,42,76,96,112,112,133,133,145,165,175,175,175],"floor_reached":16,"playtime":408,"items_purged":[],"score":258,"play_id":"8ca665e1-1e26-4d36-b2fc-333bd38a53cb","local_time":"20190216154813","is_ascension_mode":true,"campfire_choices":[{"data":"Recycle","floor":15,"key":"SMITH"}],"neow_cost":"NONE","seed_source_timestamp":333662224458567,"circlet_count":0,"master_deck":["AscendersBane","Strike_B","Strike_B","Strike_B","Defend_B","Defend_B","Defend_B","Defend_B","Zap","Dualcast","FTL","Recycle+1","Sunder","All For One","Turbo","Coolheaded","Gash","Stack","Skim","Cold Snap"],"relics":["Cracked Core","NeowsBlessing","Pear","Letter Opener","Odd Mushroom"],"potions_floor_usage":[16],"damage_taken":[{"damage":0,"enemies":"2 Louse","floor":1,"turns":1},{"damage":0,"enemies":"Small Slimes","floor":2,"turns":1},{"damage":0,"enemies":"3 Sentries","floor":6,"turns":2},{"damage":9,"enemies":"Jaw Worm","floor":7,"turns":3},{"damage":8,"enemies":"Blue Slaver","floor":8,"turns":3},{"damage":2,"enemies":"The Mushroom Lair","floor":10,"turns":3},{"damage":0,"enemies":"Large Slime","floor":12,"turns":4},{"damage":14,"enemies":"Red Slaver","floor":13,"turns":3},{"damage":5,"enemies":"Gremlin Gang","floor":14,"turns":4},{"damage":36,"enemies":"Hexaghost","floor":16,"turns":9}],"seed_played":"-1944867659029430500","potions_obtained":[{"floor":2,"key":"Explosive Potion"},{"floor":6,"key":"FocusPotion"}],"is_trial":false,"path_per_floor":["M","M","$","?","?","E","M","M","T","?","?","M","M","M","R","B"],"character_chosen":"DEFECT","items_purchased":["Sunder"],"campfire_rested":0,"item_purchase_floors":[3],"current_hp_per_floor":[64,64,64,57,57,67,58,50,50,48,53,53,39,34,34,0],"gold":175,"neow_bonus":"THREE_ENEMY_KILL","is_prod":false,"is_daily":false,"chose_seed":false,"campfire_upgraded":1,"win_rate":0,"timestamp":1550303293,"path_taken":["M","M","$","?","?","E","M","M","T","?","?","M","M","M","R","BOSS"],"build_version":"2019-01-23","purchased_purges":0,"victory":false,"max_hp_per_floor":[71,71,71,71,71,81,81,81,81,81,86,86,86,86,86,86],"card_choices":[{"not_picked":["Stack","Aggregate"],"picked":"FTL","floor":1},{"not_picked":["Melter","Storm"],"picked":"Recycle","floor":2},{"not_picked":["Compile Driver","Reinforced Body"],"picked":"All For One","floor":6},{"not_picked":["Sweeping Beam","Doom and Gloom"],"picked":"Turbo","floor":7},{"not_picked":["Compile Driver","Stack"],"picked":"Coolheaded","floor":8},{"not_picked":["Self Repair","Conserve Battery"],"picked":"Gash","floor":10},{"not_picked":["Cold Snap","Reprogram"],"picked":"Stack","floor":12},{"not_picked":["Streamline","Go for the Eyes"],"picked":"Skim","floor":13},{"not_picked":["BootSequence","Rebound"],"picked":"Cold Snap","floor":14}],"player_experience":785114,"relics_obtained":[{"floor":6,"key":"Pear"},{"floor":9,"key":"Letter Opener"},{"floor":10,"key":"Odd Mushroom"}],"event_choices":[{"cards_removed":["Strike_B"],"damage_healed":0,"gold_gain":0,"player_choice":"Card Removal","damage_taken":7,"max_hp_gain":0,"max_hp_loss":0,"event_name":"Golden Wing","floor":4,"gold_loss":0},{"damage_healed":0,"gold_gain":0,"player_choice":"Leave","damage_taken":0,"max_hp_gain":0,"max_hp_loss":0,"event_name":"The Cleric","floor":5,"gold_loss":0},{"damage_healed":0,"gold_gain":0,"player_choice":"Fought Mushrooms","damage_taken":0,"max_hp_gain":0,"max_hp_loss":0,"event_name":"Mushrooms","floor":10,"gold_loss":0},{"damage_healed":0,"gold_gain":0,"player_choice":"Donut","damage_taken":0,"max_hp_gain":5,"max_hp_loss":0,"event_name":"Big Fish","floor":11,"gold_loss":0}],"is_beta":false,"boss_relics":[],"items_purged_floors":[],"is_endless":false,"potions_floor_spawned":[2,6,10,12],"killed_by":"Hexaghost","ascension_level":20}