{"gold_per_floor":[112,124,49,68,68,68,87,102,154,79,79,96,96,96,96,96],"floor_reached":16,"playtime":310,"items_purged":["Strike_R"],"score":184,"play_id":"8fbc8bc8-b04a-4dc7-8ec1-5b9a7d2e9e18","local_time":"20190601234440","is_ascension_mode":true,"campfire_choices":[{"data":"True Grit","floor":6,"key":"SMITH"},{"data":"Whirlwind","floor":13,"key":"SMITH"},{"data":"Corruption","floor":15,"key":"SMITH"}],"neow_cost":"NONE","seed_source_timestamp":25346835832825,"circlet_count":0,"master_deck":["AscendersBane","Strike_R","Strike_R","Defend_R","Defend_R","Defend_R","Defend_R","Bash","Feel No Pain","True Grit+1","Corruption+1","Whirlwind+1","Berserk"],"relics":["Burning Blood","Potion Belt","Orichalcum"],"potions_floor_usage":[],"damage_taken":[{"damage":6,"enemies":"Cultist","floor":1,"turns":3},{"damage":7,"enemies":"Jaw Worm","floor":2,"turns":5},{"damage":2,"enemies":"2 Louse","floor":4,"turns":4},{"damage":7,"enemies":"Large Slime","floor":7,"turns":8},{"damage":8,"enemies":"2 Fungi Beasts","floor":8,"turns":5},{"damage":0,"enemies":"Exordium Wildlife","floor":12,"turns":3},{"damage":0,"enemies":"Hexaghost","floor":16,"turns":1}],"seed_played":"471125392585681677","potions_obtained":[{"floor":2,"key":"FearPotion"},{"floor":4,"key":"Fire Potion"}],"is_trial":false,"path_per_floor":["M","M","?","M","?","R","M","M","T","$","?","M","R","$","R","B"],"character_chosen":"IRONCLAD","items_purchased":[],"campfire_rested":0,"item_purchase_floors":[],"current_hp_per_floor":[68,67,67,71,71,71,70,68,68,68,68,74,74,74,74,74],"gold":96,"neow_bonus":"RANDOM_COMMON_RELIC","is_prod":false,"is_daily":false,"chose_seed":false,"campfire_upgraded":3,"win_rate":0,"timestamp":1559403880,"path_taken":["M","M","?","M","?","R","M","M","T","?","?","M","R","$","R","BOSS"],"build_version":"2019-01-23","purchased_purges":1,"victory":false,"max_hp_per_floor":[75,75,75,75,75,75,75,75,75,75,75,75,75,75,75,75],"card_choices":[{"not_picked":["True Grit","Iron Wave"],"picked":"Feel No Pain","floor":1},{"not_picked":["Sword Boomerang","Armaments"],"picked":"True Grit","floor":2},{"not_picked":["Havoc","Thunderclap"],"picked":"Corruption","floor":4},{"not_picked":["Headbutt","Perfected Strike","Cleave"],"picked":"SKIP","floor":7},{"not_picked":["Flex","Perfected Strike","Headbutt"],"picked":"SKIP","floor":8},{"not_picked":["Bloodletting","Shrug It Off"],"picked":"Berserk","floor":12}],"player_experience":4981578,"relics_obtained":[{"floor":9,"key":"Orichalcum"}],"event_choices":[{"cards_removed":["Strike_R"],"damage_healed":0,"gold_gain":0,"player_choice":"Card Removal","damage_taken":0,"max_hp_gain":0,"max_hp_loss":0,"event_name":"The Cleric","floor":3,"gold_loss":75},{"damage_healed":0,"gold_gain":0,"player_choice":"Ignored","damage_taken":0,"max_hp_gain":0,"max_hp_loss":0,"event_name":"Liars Game","floor":5,"gold_loss":0},{"damage_healed":0,"gold_gain":0,"cards_transformed":["Strike_R"],"player_choice":"Change","damage_taken":0,"max_hp_gain":0,"max_hp_loss":0,"event_name":"Living Wall","floor":11,"gold_loss":0,"cards_obtained":["Whirlwind"]}],"is_beta":false,"boss_relics":[],"items_purged_floors":[10],"is_endless":false,"potions_floor_spawned":[2,4],"killed_by":"Hexaghost","ascension_level":20}