{"gold_per_floor":[115,36,1,17,17,17,65,65,65,65,90,90,105,121,121,195,195,210,210,24,43,54,86,86,86,86,116,116,129,129,129,129,206,206,220,145,156,210,221,221,250,250,274,307,307,335,352,378,378,378,378,378,378,38,72,72],"floor_reached":57,"playtime":3408,"items_purged":["Strike_B"],"score":3258,"play_id":"380aa209-e995-47d0-9757-294be2eb12f1","local_time":"20190512024058","is_ascension_mode":true,"campfire_choices":[{"data":"Defragment","floor":6.0,"key":"SMITH"},{"data":"Dualcast","floor":8.0,"key":"SMITH"},{"data":"Zap","floor":10.0,"key":"SMITH"},{"data":"Turbo","floor":12.0,"key":"SMITH"},{"data":"Multi-Cast","floor":15.0,"key":"SMITH"},{"data":"Apotheosis","floor":25.0,"key":"SMITH"},{"data":"Defragment","floor":30.0,"key":"SMITH"},{"data":"Fission","floor":32.0,"key":"SMITH"},{"data":"Biased Cognition","floor":40.0,"key":"SMITH"},{"floor":42.0,"key":"RECALL"},{"data":"Seek","floor":49,"key":"SMITH"},{"data":"Skim","floor":53,"key":"SMITH"}],"neow_cost":"PERCENT_DAMAGE","seed_source_timestamp":47381052567558,"circlet_count":0,"master_deck":["AscendersBane","Strike_B","Defend_B","Defend_B","Defend_B","Defend_B","Zap+1","Dualcast+1","Core Surge","Cold Snap","Defragment+1","Echo Form","Turbo+1","Multi-Cast+1","Fission+1","Coolheaded","Ghostly","Ghostly","Ghostly","Apotheosis+1","Sunder+1","Ball Lightning","Defragment+1","White Noise","Recycle","Reinforced Body","Thunder Strike+1","Biased Cognition+1","Undo+1","Compile Driver+1","Skim+1","Coolheaded","Seek+1","Turbo","Blizzard+1","Loop","Hologram"],"special_seed":0,"relics":["Cracked Core","Centennial Puzzle","Blood Vial","Anchor","Kunai","Coffee Dripper","Molten Egg 2","Gremlin Horn","Strawberry","Runic Dome","Bird Faced Urn","Dodecahedron","Shuriken","Blue Candle","Smiling Mask","Mummified Hand","DataDisk"],"potions_floor_usage":[50,56],"damage_taken":[{"damage":1.0,"enemies":"Cultist","floor":1.0,"turns":3.0},{"damage":5.0,"enemies":"Jaw Worm","floor":4.0,"turns":3.0},{"damage":19.0,"enemies":"Gremlin Nob","floor":11.0,"turns":4.0},{"damage":2.0,"enemies":"Small Slimes","floor":13.0,"turns":2.0},{"damage":1.0,"enemies":"Looter","floor":14.0,"turns":2.0},{"damage":29.0,"enemies":"Hexaghost","floor":16.0,"turns":13.0},{"damage":14.0,"enemies":"Shell Parasite","floor":18.0,"turns":6.0},{"damage":2.0,"enemies":"3 Byrds","floor":21.0,"turns":4.0},{"damage":0.0,"enemies":"3 Cultists","floor":22.0,"turns":5.0},{"damage":19.0,"enemies":"Gremlin Leader","floor":23.0,"turns":6.0},{"damage":8.0,"enemies":"Book of Stabbing","floor":27.0,"turns":6.0},{"damage":0.0,"enemies":"Centurion and Healer","floor":29.0,"turns":8.0},{"damage":0.0,"enemies":"Champ","floor":33.0,"turns":14.0},{"damage":0.0,"enemies":"3 Darklings","floor":35.0,"turns":5.0},{"damage":16.0,"enemies":"Orb Walker","floor":37.0,"turns":5.0},{"damage":0.0,"enemies":"2 Orb Walkers","floor":38.0,"turns":3.0},{"damage":30.0,"enemies":"Spire Growth","floor":39.0,"turns":7.0},{"damage":0.0,"enemies":"Reptomancer","floor":41.0,"turns":5.0},{"damage":0,"enemies":"Nemesis","floor":44,"turns":9},{"damage":0,"enemies":"Giant Head","floor":46,"turns":7},{"damage":0,"enemies":"4 Shapes","floor":47,"turns":3},{"damage":0,"enemies":"Nemesis","floor":48,"turns":13},{"damage":0,"enemies":"Time Eater","floor":50,"turns":11},{"damage":29,"enemies":"Awakened One","floor":51,"turns":10},{"damage":0,"enemies":"Shield and Spear","floor":55,"turns":6},{"damage":21,"enemies":"The Heart","floor":56,"turns":10}],"seed_played":"-1931768227326560055","potions_obtained":[{"floor":1.0,"key":"PowerPotion"},{"floor":14.0,"key":"Block Potion"},{"floor":29.0,"key":"Explosive Potion"},{"floor":38.0,"key":"EssenceOfSteel"},{"floor":39.0,"key":"Weak Potion"},{"floor":46,"key":"Ancient Potion"},{"floor":48,"key":"GamblersBrew"}],"is_trial":false,"path_per_floor":["M","$","?","M","?","R","T","R","T","R","E","R","M","M","R","B",null,"M","?","$","M","M","E","?","R","T","E","?","M","R","?","R","B",null,"M","$","M","?","M","R","E","R","T","E","?","E","M","E","R","B","B",null,"R","$","E","B",null],"character_chosen":"DEFECT","items_purchased":["Defragment","Apotheosis","Mummified Hand","Loop"],"campfire_rested":0,"item_purchase_floors":[2,20,54,54],"current_hp_per_floor":[45,45,62,57,46,46,46,46,46,46,29,29,29,30,30,3,54,42,35,35,33,35,16,16,16,16,17,17,19,19,19,19,21,37,39,39,25,27,31,31,42,42,42,42,40,40,40,40,40,40,19,35,35,35,40,40],"gold":72,"neow_bonus":"THREE_RARE_CARDS","is_prod":false,"is_daily":false,"chose_seed":false,"campfire_upgraded":11,"win_rate":0,"timestamp":1557600058,"path_taken":["M","$","?","M","?","R","?","R","T","R","E","R","?","M","R","BOSS","M","?","$","M","M","E","?","R","T","E","?","M","R","?","R","BOSS","M","$","M","?","M","R","E","R","T","E","?","E","M","E","R","BOSS","BOSS","R","$","E","BOSS"],"build_version":"2019-01-23","purchased_purges":1,"victory":true,"max_hp_per_floor":[71,71,71,71,71,71,71,71,71,71,71,71,71,71,71,71,71,71,35,35,35,35,35,35,35,35,42,42,42,42,42,42,42,42,42,42,42,42,42,42,42,42,42,42,40,40,40,40,40,40,40,40,40,40,40,40],"card_choices":[{"not_picked":["Reboot","Rainbow"],"picked":"Core Surge","floor":0.0},{"not_picked":["Streamline","Conserve Battery"],"picked":"Cold Snap","floor":1.0},{"not_picked":["Doom and Gloom","Go for the Eyes"],"picked":"Echo Form","floor":4.0},{"not_picked":["Streamline","Lockon"],"picked":"Turbo","floor":11.0},{"not_picked":["Redo","Coolheaded"],"picked":"Multi-Cast","floor":13.0},{"not_picked":["Streamline","Stack","Turbo"],"picked":"SKIP","floor":14.0},{"not_picked":["Thunder Strike","Machine Learning"],"picked":"Fission","floor":16.0},{"not_picked":["Turbo","Beam Cell"],"picked":"Coolheaded","floor":18.0},{"not_picked":["Turbo","Gash"],"picked":"Sunder+1","floor":21.0},{"not_picked":["Go for the Eyes","Turbo"],"picked":"Ball Lightning","floor":22.0},{"not_picked":["BootSequence","Storm"],"picked":"Defragment","floor":23.0},{"not_picked":["Leap","Stack"],"picked":"White Noise","floor":27.0},{"not_picked":["Glacier","Compile Driver+1"],"picked":"Thunder Strike+1","floor":29.0},{"not_picked":["Multi-Cast","All For One+1"],"picked":"Biased Cognition","floor":33.0},{"not_picked":["BootSequence","Ball Lightning+1"],"picked":"Undo+1","floor":35.0},{"not_picked":["Rip and Tear+1","Hologram"],"picked":"Compile Driver+1","floor":37.0},{"not_picked":["Go for the Eyes+1","FTL+1"],"picked":"Skim","floor":38.0},{"not_picked":["Reprogram+1","Leap","Sweeping Beam+1"],"picked":"SKIP","floor":39.0},{"not_picked":["Doom and Gloom+1","Self Repair","Sweeping Beam+1"],"picked":"SKIP","floor":41.0},{"not_picked":["Cold Snap+1","Turbo"],"picked":"Coolheaded","floor":44},{"not_picked":["Loop","Hologram"],"picked":"Seek","floor":46},{"not_picked":["Leap","Rebound+1"],"picked":"Turbo","floor":47},{"not_picked":["Stack","Loop"],"picked":"Blizzard+1","floor":48},{"not_picked":["Electrodynamics","Aggregate"],"picked":"Hologram","floor":55}],"player_experience":4703551,"relics_obtained":[{"floor":7.0,"key":"Blood Vial"},{"floor":9.0,"key":"Anchor"},{"floor":11.0,"key":"Kunai"},{"floor":23.0,"key":"Molten Egg 2"},{"floor":26.0,"key":"Gremlin Horn"},{"floor":27.0,"key":"Strawberry"},{"floor":38.0,"key":"Bird Faced Urn"},{"floor":41.0,"key":"Dodecahedron"},{"floor":44,"key":"Shuriken"},{"floor":46,"key":"Blue Candle"},{"floor":48,"key":"Smiling Mask"},{"floor":55,"key":"DataDisk"}],"event_choices":[{"damage_healed":17.0,"max_hp_gain":0.0,"max_hp_loss":0.0,"gold_gain":0.0,"event_name":"The Cleric","player_choice":"Healed","floor":3.0,"gold_loss":35.0,"damage_taken":0.0},{"damage_healed":0.0,"max_hp_gain":0.0,"max_hp_loss":0.0,"gold_gain":0.0,"event_name":"Scrap Ooze","player_choice":"Success","floor":5.0,"gold_loss":0.0,"damage_taken":11.0,"relics_obtained":["Centennial Puzzle"]},{"damage_healed":0.0,"max_hp_gain":0.0,"max_hp_loss":36.0,"gold_gain":0.0,"event_name":"Ghosts","player_choice":"Became a Ghost","floor":19.0,"gold_loss":0.0,"damage_taken":0.0,"cards_obtained":["Ghostly","Ghostly","Ghostly"]},{"damage_healed":0.0,"max_hp_gain":0.0,"max_hp_loss":0.0,"gold_gain":0.0,"event_name":"The Mausoleum","player_choice":"Ignored","floor":24.0,"gold_loss":0.0,"damage_taken":0.0},{"damage_healed":0.0,"max_hp_gain":0.0,"max_hp_loss":0.0,"gold_gain":0.0,"cards_transformed":["Strike_B","Strike_B"],"event_name":"Drug Dealer","player_choice":"Became Test Subject","floor":28.0,"gold_loss":0.0,"damage_taken":0.0,"cards_obtained":["Recycle","Reinforced Body"]},{"damage_healed":0.0,"max_hp_gain":0.0,"max_hp_loss":0.0,"gold_gain":0.0,"event_name":"Vampires","player_choice":"Ignored","floor":31.0,"gold_loss":0.0,"damage_taken":0.0},{"damage_healed":0.0,"max_hp_gain":0.0,"max_hp_loss":0.0,"gold_gain":0.0,"event_name":"Mysterious Sphere","player_choice":"Fight","floor":38.0,"gold_loss":0.0,"damage_taken":0.0},{"damage_healed":0,"gold_gain":0,"player_choice":"Max HP","damage_taken":0,"max_hp_gain":0,"max_hp_loss":2,"event_name":"Winding Halls","floor":45,"gold_loss":0}],"is_beta":false,"boss_relics":[{"not_picked":["Nuclear Battery","Cursed Key"],"picked":"Coffee Dripper"},{"not_picked":["Eternal Feather","Sozu"],"picked":"Runic Dome"}],"items_purged_floors":[36],"is_endless":false,"potions_floor_spawned":[1,14,18,29,38,39,46,47,48],"ascension_level":20}