{"gold_per_floor":[115,40,59,75,89,89,121,121,147,147,47,61,61,71,71,145,145,158,174,49,62,62,62,62],"floor_reached":24,"playtime":695,"items_purged":["Strike_B","Strike_B","Defend_B"],"score":396,"play_id":"76a552ae-b3bb-4de9-8991-b6b2b89adac6","local_time":"20190222111933","is_ascension_mode":true,"campfire_choices":[{"data":"Hologram","floor":6.0,"key":"SMITH"},{"data":"Sunder","floor":8.0,"key":"SMITH"},{"floor":10.0,"key":"REST"},{"data":"Dualcast","floor":15.0,"key":"SMITH"},{"floor":23,"key":"REST"}],"neow_cost":"NONE","seed_source_timestamp":3342280302521,"circlet_count":0,"master_deck":["AscendersBane","Defend_B","Defend_B","Zap","Dualcast+1","Gash","FTL","FTL","Hologram+1","Sunder+1","Scrape","Cold Snap","Echo Form","Coolheaded+1","Auto Shields+1","Blizzard+1","Recycle+1","Turbo","Decay"],"special_seed":0,"relics":["Cracked Core","NeowsBlessing","DataDisk","Vajra","Astrolabe"],"potions_floor_usage":[24],"damage_taken":[{"damage":0.0,"enemies":"Cultist","floor":1.0,"turns":1.0},{"damage":0.0,"enemies":"Small Slimes","floor":3.0,"turns":1.0},{"damage":0.0,"enemies":"Jaw Worm","floor":4.0,"turns":1.0},{"damage":6.0,"enemies":"Looter","floor":5.0,"turns":2.0},{"damage":55.0,"enemies":"Gremlin Nob","floor":7.0,"turns":5.0},{"damage":3.0,"enemies":"Large Slime","floor":12.0,"turns":3.0},{"damage":0.0,"enemies":"Gremlin Gang","floor":14.0,"turns":3.0},{"damage":11.0,"enemies":"Slime Boss","floor":16.0,"turns":6.0},{"damage":3.0,"enemies":"Shell Parasite","floor":18.0,"turns":5.0},{"damage":17.0,"enemies":"2 Thieves","floor":19.0,"turns":3.0},{"damage":31,"enemies":"Chosen and Byrds","floor":21,"turns":4},{"damage":26,"enemies":"Slavers","floor":24,"turns":2}],"seed_played":"5315278454394708406","potions_obtained":[{"floor":7.0,"key":"Swift Potion"},{"floor":12.0,"key":"PowerPotion"},{"floor":16.0,"key":"SkillPotion"},{"floor":21,"key":"Explosive Potion"}],"is_trial":false,"path_per_floor":["M","$","M","M","M","R","E","R","T","R","$","M","$","M","R","B",null,"M","M","$","M","?","R","E"],"character_chosen":"DEFECT","items_purchased":[],"campfire_rested":2,"item_purchase_floors":[],"current_hp_per_floor":[64,64,64,64,58,58,3,3,3,24,24,21,21,21,21,10,56,53,36,36,5,5,26,0],"gold":62,"neow_bonus":"THREE_ENEMY_KILL","is_prod":false,"is_daily":false,"chose_seed":false,"campfire_upgraded":3,"win_rate":0,"timestamp":1550805573,"path_taken":["M","$","M","M","M","R","E","R","T","R","$","M","?","M","R","BOSS","M","?","$","?","?","R","E"],"build_version":"2019-01-23","purchased_purges":3,"victory":false,"max_hp_per_floor":[71,71,71,71,71,71,71,71,71,71,71,71,71,71,71,71,71,71,71,71,71,71,71,71],"card_choices":[{"not_picked":["Compile Driver","Rebound"],"picked":"Gash","floor":1.0},{"not_picked":["Force Field","Conserve Battery"],"picked":"FTL","floor":3.0},{"not_picked":["Blizzard","Recycle"],"picked":"FTL","floor":4.0},{"not_picked":["Steam Power","Barrage"],"picked":"Hologram","floor":5.0},{"not_picked":["Reinforced Body","Barrage"],"picked":"Sunder","floor":7.0},{"not_picked":["Beam Cell","Conserve Battery"],"picked":"Scrape","floor":12.0},{"not_picked":["Redo","Hologram"],"picked":"Cold Snap","floor":14.0},{"not_picked":["Hyperbeam","Machine Learning"],"picked":"Echo Form","floor":16.0},{"not_picked":["Redo","Sweeping Beam"],"picked":"Recycle+1","floor":18.0},{"not_picked":["Beam Cell","Streamline"],"picked":"Turbo","floor":19.0},{"not_picked":["Stack+1","Streamline","Steam"],"picked":"SKIP","floor":21}],"player_experience":3028465,"relics_obtained":[{"floor":7.0,"key":"DataDisk"},{"floor":9.0,"key":"Vajra"}],"event_choices":[{"damage_healed":0,"gold_gain":0,"player_choice":"Smashed Altar","damage_taken":0,"max_hp_gain":0,"max_hp_loss":0,"event_name":"Forgotten Altar","floor":22,"gold_loss":0,"cards_obtained":["Decay"]}],"is_beta":false,"boss_relics":[{"not_picked":["Fusion Hammer","Calling Bell"],"picked":"Astrolabe"}],"items_purged_floors":[2,11,20],"is_endless":false,"potions_floor_spawned":[7,12,16,21],"killed_by":"Slavers","ascension_level":20}