{"gold_per_floor":[112,131,131,32,43,43,73,73,73,89,101,101,114,147,147,218,218,229,19,19,36,48,48,83,83,83,83,83,83,95,95,95,169,169,180,197,34,48,68,102,116,16,16,16,31,50,50,85,85,85,85,85,85,0,30,30],"floor_reached":56,"playtime":2928,"items_purged":["Strike_B","Strike_B"],"score":2028,"play_id":"fd27681e-7e8c-4555-8948-71cac6ce287b","local_time":"20190512182339","is_ascension_mode":true,"campfire_choices":[{"data":"Streamline","floor":6.0,"key":"SMITH"},{"data":"Dualcast","floor":8.0,"key":"SMITH"},{"data":"Coolheaded","floor":12.0,"key":"SMITH"},{"data":"Zap","floor":15.0,"key":"SMITH"},{"data":"Fission","floor":23.0,"key":"SMITH"},{"floor":25.0,"key":"RECALL"},{"data":"Rainbow","floor":27.0,"key":"SMITH"},{"data":"Self Repair","floor":29.0,"key":"SMITH"},{"data":"Buffer","floor":32.0,"key":"SMITH"},{"data":"Recycle","floor":47.0,"key":"SMITH"},{"data":"Turbo","floor":49.0,"key":"SMITH"},{"data":"Biased Cognition","floor":53.0,"key":"SMITH"}],"neow_cost":"PERCENT_DAMAGE","seed_source_timestamp":0,"circlet_count":0,"master_deck":["AscendersBane","Defend_B","Defend_B","Defend_B","Defend_B","Zap+1","Dualcast+1","Cold Snap","Core Surge","Streamline+1","Coolheaded+1","Self Repair+1","Rainbow","Ball Lightning+1","Rainbow+1","Fission+1","Buffer+1","Creative AI","Blizzard+1","Consume","Biased Cognition+1","Glacier+1","Chill+1","Heatsinks+1","Hologram+1","Recycle+1","Turbo+1","Hologram","Loop","Creative AI"],"special_seed":0,"relics":["Cracked Core","Pocketwatch","Molten Egg 2","Symbiotic Virus","Meat on the Bone","Runic Dome","OrangePellets","Enchiridion","Pen Nib","CultistMask","Runic Pyramid","PreservedInsect","Bottled Flame","Shuriken","Centennial Puzzle"],"potions_floor_usage":[],"damage_taken":[{"damage":1.0,"enemies":"Small Slimes","floor":1.0,"turns":3.0},{"damage":0.0,"enemies":"Cultist","floor":2.0,"turns":4.0},{"damage":0.0,"enemies":"2 Louse","floor":5.0,"turns":2.0},{"damage":9.0,"enemies":"Gremlin Nob","floor":7.0,"turns":3.0},{"damage":16.0,"enemies":"Lots of Slimes","floor":10.0,"turns":4.0},{"damage":5.0,"enemies":"2 Fungi Beasts","floor":11.0,"turns":4.0},{"damage":6.0,"enemies":"Looter","floor":13.0,"turns":3.0},{"damage":7.0,"enemies":"3 Sentries","floor":14.0,"turns":5.0},{"damage":0.0,"enemies":"The Guardian","floor":16.0,"turns":10.0},{"damage":2.0,"enemies":"3 Byrds","floor":18.0,"turns":2.0},{"damage":3.0,"enemies":"Spheric Guardian","floor":21.0,"turns":3.0},{"damage":19.0,"enemies":"Centurion and Healer","floor":22.0,"turns":3.0},{"damage":44.0,"enemies":"Gremlin Leader","floor":24.0,"turns":5.0},{"damage":10.0,"enemies":"Snecko","floor":30.0,"turns":3.0},{"damage":36.0,"enemies":"Automaton","floor":33.0,"turns":10.0},{"damage":28.0,"enemies":"3 Darklings","floor":35.0,"turns":5.0},{"damage":0.0,"enemies":"Orb Walker","floor":36.0,"turns":3.0},{"damage":0.0,"enemies":"Sphere and 2 Shapes","floor":38.0,"turns":4.0},{"damage":0.0,"enemies":"Transient","floor":39.0,"turns":6.0},{"damage":0.0,"enemies":"Giant Head","floor":40.0,"turns":10.0},{"damage":15.0,"enemies":"3 Darklings","floor":41.0,"turns":5.0},{"damage":3.0,"enemies":"4 Shapes","floor":45.0,"turns":4.0},{"damage":3.0,"enemies":"Spire Growth","floor":46.0,"turns":4.0},{"damage":0.0,"enemies":"Nemesis","floor":48.0,"turns":5.0},{"damage":22.0,"enemies":"Time Eater","floor":50.0,"turns":9.0},{"damage":13.0,"enemies":"Donu and Deca","floor":51.0,"turns":7.0},{"damage":44.0,"enemies":"Shield and Spear","floor":55.0,"turns":5.0},{"damage":41,"enemies":"The Heart","floor":56,"turns":8}],"seed_played":"7709573363541257423","potions_obtained":[{"floor":10.0,"key":"FearPotion"},{"floor":11.0,"key":"LiquidBronze"},{"floor":18.0,"key":"SmokeBomb"},{"floor":30.0,"key":"PowerPotion"},{"floor":40.0,"key":"FearPotion"}],"is_trial":false,"path_per_floor":["M","M","?","$","M","R","E","R","T","M","M","R","M","E","R","B",null,"M","$","?","M","M","R","E","R","T","R","?","R","M","?","R","B",null,"M","M","$","M","M","E","M","$","T","?","M","M","R","E","R","B","B",null,"R","$","E","B"],"character_chosen":"DEFECT","items_purchased":["Streamline","OrangePellets","Biased Cognition","Loop"],"campfire_rested":0,"item_purchase_floors":[4,19,37,54],"current_hp_per_floor":[45,45,45,45,45,45,36,36,36,27,29,29,30,30,30,49,66,71,71,50,54,54,54,29,29,29,29,29,29,41,41,41,27,60,54,54,54,64,71,71,66,66,66,66,71,71,71,71,71,69,66,70,70,70,48,7],"gold":30,"neow_bonus":"ONE_RARE_RELIC","is_prod":false,"is_daily":false,"chose_seed":false,"campfire_upgraded":11,"win_rate":0,"timestamp":1557656619,"path_taken":["M","M","?","$","M","R","E","R","T","M","M","R","?","E","R","BOSS","M","$","?","M","M","R","E","R","T","R","?","R","?","?","R","BOSS","M","M","$","M","M","E","M","$","T","?","M","M","R","E","R","BOSS","BOSS","R","$","E","BOSS"],"build_version":"2019-01-23","purchased_purges":2,"victory":false,"max_hp_per_floor":[71,71,71,71,71,71,71,71,71,71,71,71,71,71,71,71,71,71,71,71,71,71,71,71,71,71,71,71,71,71,71,71,71,71,71,71,71,71,71,71,71,71,71,71,71,71,71,71,71,71,71,71,71,71,71,71],"card_choices":[{"not_picked":["Coolheaded","Hello World"],"picked":"Cold Snap","floor":1.0},{"not_picked":["Rebound","Compile Driver"],"picked":"Core Surge","floor":2.0},{"not_picked":["Conserve Battery","Barrage"],"picked":"Coolheaded","floor":5.0},{"not_picked":["BootSequence","Redo"],"picked":"Self Repair","floor":7.0},{"not_picked":["Rebound+1","Auto Shields"],"picked":"Rainbow","floor":10.0},{"not_picked":["Barrage+1","Stack"],"picked":"Ball Lightning+1","floor":11.0},{"not_picked":["Static Discharge","Go for the Eyes+1","Stack"],"picked":"SKIP","floor":13.0},{"not_picked":["Hello World","Stack"],"picked":"Rainbow","floor":14.0},{"not_picked":["Echo Form","Creative AI"],"picked":"Fission","floor":16.0},{"not_picked":["Redo","Conserve Battery","Leap+1"],"picked":"SKIP","floor":18.0},{"not_picked":["Stack","Sweeping Beam+1","Cold Snap+1"],"picked":"SKIP","floor":21.0},{"not_picked":["Ball Lightning+1","Steam Power","Compile Driver+1"],"picked":"SKIP","floor":22.0},{"not_picked":["Sweeping Beam+1","Force Field","Leap"],"picked":"SKIP","floor":24.0},{"not_picked":["Compile Driver+1","Hologram"],"picked":"Buffer","floor":30.0},{"not_picked":["Meteor Strike+1","Multi-Cast"],"picked":"Creative AI","floor":33.0},{"not_picked":["Heatsinks","Force Field+1"],"picked":"Blizzard+1","floor":35.0},{"not_picked":["Stack","Turbo"],"picked":"Consume","floor":36.0},{"not_picked":["Hologram","Scrape+1"],"picked":"Glacier+1","floor":38.0},{"not_picked":["Machine Learning","Reinforced Body"],"picked":"Chill+1","floor":39.0},{"not_picked":["Steam","Cold Snap+1"],"picked":"Heatsinks+1","floor":40.0},{"not_picked":["Beam Cell+1","Genetic Algorithm"],"picked":"Hologram+1","floor":41.0},{"not_picked":["Cold Snap+1","Conserve Battery","Leap"],"picked":"SKIP","floor":45.0},{"not_picked":["Static Discharge","Go for the Eyes+1"],"picked":"Turbo","floor":46.0},{"not_picked":["Ball Lightning+1","Sunder+1"],"picked":"Hologram","floor":48.0},{"not_picked":["Chaos+1","Sweeping Beam+1"],"picked":"Creative AI","floor":55.0}],"player_experience":4711173,"relics_obtained":[{"floor":7.0,"key":"Molten Egg 2"},{"floor":9.0,"key":"Symbiotic Virus"},{"floor":14.0,"key":"Meat on the Bone"},{"floor":20.0,"key":"Enchiridion"},{"floor":24.0,"key":"Pen Nib"},{"floor":40.0,"key":"PreservedInsect"},{"floor":43.0,"key":"Bottled Flame"},{"floor":48.0,"key":"Shuriken"},{"floor":55.0,"key":"Centennial Puzzle"}],"event_choices":[{"cards_removed":["Strike_B"],"damage_healed":0.0,"max_hp_gain":0.0,"max_hp_loss":0.0,"gold_gain":0.0,"event_name":"Bonfire Elementals","player_choice":"Offered Basic","floor":3.0,"gold_loss":0.0,"damage_taken":0.0},{"damage_healed":0.0,"max_hp_gain":0.0,"max_hp_loss":0.0,"gold_gain":0.0,"event_name":"Cursed Tome","player_choice":"Obtained Book","floor":20.0,"gold_loss":0.0,"damage_taken":21.0},{"damage_healed":0.0,"max_hp_gain":0.0,"max_hp_loss":0.0,"gold_gain":0.0,"event_name":"FaceTrader","player_choice":"Trade","floor":28.0,"gold_loss":0.0,"damage_taken":0.0,"relics_obtained":["CultistMask"]},{"damage_healed":0.0,"max_hp_gain":0.0,"max_hp_loss":0.0,"gold_gain":0.0,"event_name":"Vampires","player_choice":"Ignored","floor":31.0,"gold_loss":0.0,"damage_taken":0.0},{"damage_healed":0.0,"max_hp_gain":0.0,"max_hp_loss":0.0,"gold_gain":0.0,"cards_transformed":["Strike_B"],"event_name":"Transmorgrifier","player_choice":"Transformed","floor":44.0,"gold_loss":0.0,"damage_taken":0.0,"cards_obtained":["Recycle"]}],"is_beta":false,"boss_relics":[{"not_picked":["Calling Bell","Lizard Tail"],"picked":"Runic Dome"},{"not_picked":["Snecko Eye","FrozenCore"],"picked":"Runic Pyramid"}],"items_purged_floors":[4,42],"is_endless":false,"potions_floor_spawned":[10,11,14,18,30,39,40,48],"killed_by":"The Heart","ascension_level":20}