{"gold_per_floor":[219,230,230,230,246,246,88,88,161,86,96,96,114,14,14,14],"floor_reached":16,"playtime":431,"items_purged":["Defend_B","Defend_B"],"score":180,"play_id":"3fac012f-0b96-4224-ba99-b2591e289e99","local_time":"20190224143641","is_ascension_mode":true,"campfire_choices":[{"data":"Dualcast","floor":6,"key":"SMITH"},{"data":"Zap","floor":8,"key":"SMITH"},{"data":"Self Repair","floor":12,"key":"SMITH"},{"floor":15,"key":"RECALL"}],"neow_cost":"NONE","seed_source_timestamp":8561038987831,"circlet_count":0,"master_deck":["AscendersBane","Strike_B","Strike_B","Defend_B","Defend_B","Zap+1","Dualcast+1","Chill","Echo Form","Self Repair+1","Blizzard"],"special_seed":0,"relics":["Cracked Core","Bag of Preparation"],"potions_floor_usage":[],"damage_taken":[{"damage":7.0,"enemies":"Jaw Worm","floor":1.0,"turns":3.0},{"damage":3.0,"enemies":"Small Slimes","floor":2.0,"turns":4.0},{"damage":0,"enemies":"Cultist","floor":5,"turns":4},{"damage":5,"enemies":"Exordium Wildlife","floor":11,"turns":4},{"damage":7,"enemies":"Blue Slaver","floor":13,"turns":4},{"damage":0,"enemies":"The Guardian","floor":16,"turns":1}],"seed_played":"6203494005998996926","potions_obtained":[{"floor":2.0,"key":"FearPotion"},{"floor":5,"key":"SkillPotion"}],"is_trial":false,"path_per_floor":["M","M","?","?","M","R","$","R","T","$","M","R","M","$","R","B"],"character_chosen":"DEFECT","items_purchased":["Bag of Preparation"],"campfire_rested":0,"item_purchase_floors":[7],"current_hp_per_floor":[57,54,47,47,47,47,47,47,47,47,42,42,45,45,45,45],"gold":14,"neow_bonus":"HUNDRED_GOLD","is_prod":false,"is_daily":false,"chose_seed":false,"campfire_upgraded":3,"win_rate":0,"timestamp":1550990201,"path_taken":["M","M","?","?","?","R","$","R","T","$","M","R","M","$","R","BOSS"],"build_version":"2019-01-23","purchased_purges":2,"victory":false,"max_hp_per_floor":[71,71,71,71,71,71,71,71,71,71,71,71,71,71,71,71],"card_choices":[{"not_picked":["Beam Cell","Auto Shields"],"picked":"Chill","floor":1.0},{"not_picked":["Doom and Gloom","Barrage","Streamline"],"picked":"SKIP","floor":2.0},{"not_picked":["Scrape","Reprogram","Gash"],"picked":"SKIP","floor":5},{"not_picked":["Chill","Rebound"],"picked":"Self Repair","floor":11},{"not_picked":["Barrage","Stack"],"picked":"Blizzard","floor":13}],"player_experience":3091962,"relics_obtained":[],"event_choices":[{"cards_removed":["Strike_B"],"damage_healed":0.0,"max_hp_gain":0.0,"max_hp_loss":0.0,"gold_gain":0.0,"event_name":"Golden Wing","player_choice":"Card Removal","floor":3.0,"gold_loss":0.0,"damage_taken":7.0},{"damage_healed":0,"gold_gain":0,"cards_transformed":["Strike_B"],"player_choice":"Transformed","damage_taken":0,"max_hp_gain":0,"max_hp_loss":0,"event_name":"Transmorgrifier","floor":4,"gold_loss":0,"cards_obtained":["Echo Form"]}],"is_beta":false,"boss_relics":[],"items_purged_floors":[10,14],"is_endless":false,"potions_floor_spawned":[2,5,13],"killed_by":"The Guardian","ascension_level":20}