{"gold_per_floor":[109,23,23,23,23,23,51,65,91,16,16,91,91,91,91,166,166,166],"floor_reached":18,"playtime":364,"items_purged":["Strike_R"],"score":358,"play_id":"591b6d0b-e86f-4957-a2ef-6483d6cba0ee","local_time":"20190123200602","is_ascension_mode":true,"campfire_choices":[{"data":"Bash","floor":6,"key":"SMITH"},{"data":"Shockwave","floor":11,"key":"SMITH"},{"data":"Second Wind","floor":13,"key":"SMITH"},{"floor":15,"key":"RECALL"}],"neow_cost":"NONE","seed_source_timestamp":24340524256260,"circlet_count":0,"master_deck":["AscendersBane","Strike_R","Strike_R","Strike_R","Defend_R","Defend_R","Defend_R","Defend_R","Bash+1","Second Wind+1","Regret","Shockwave+1","Double Tap"],"special_seed":0,"relics":["Burning Blood","NeowsBlessing","Du-Vu Doll","Question Card","Art of War","Bag of Preparation","Coffee Dripper"],"potions_floor_usage":[16],"damage_taken":[{"damage":0.0,"enemies":"Small Slimes","floor":1.0,"turns":1.0},{"damage":0,"enemies":"Gremlin Nob","floor":7,"turns":1},{"damage":6,"enemies":"2 Louse","floor":8,"turns":2},{"damage":48,"enemies":"The Guardian","floor":16,"turns":10},{"damage":0,"enemies":"3 Byrds","floor":18,"turns":1}],"seed_played":"-363413141261848790","potions_obtained":[{"floor":7,"key":"SteroidPotion"},{"floor":8,"key":"SkillPotion"}],"is_trial":false,"path_per_floor":["M","$","?","?","?","R","E","M","T","$","R","?","R","$","R","B",null,"M"],"character_chosen":"IRONCLAD","items_purchased":["Second Wind"],"campfire_rested":0,"item_purchase_floors":[2],"current_hp_per_floor":[74,74,67,56,56,56,62,62,62,62,62,51,51,51,51,9,59,59],"gold":166,"neow_bonus":"THREE_ENEMY_KILL","is_prod":false,"is_daily":false,"chose_seed":false,"campfire_upgraded":3,"win_rate":0,"timestamp":1548245162,"path_taken":["M","$","?","?","?","R","E","M","T","?","R","?","R","$","R","BOSS","M"],"build_version":"2019-01-17v2","purchased_purges":1,"victory":false,"max_hp_per_floor":[75,75,75,75,75,75,75,75,75,75,75,75,75,75,75,75,75,75],"card_choices":[{"not_picked":["Anger","Rage","Reckless Charge"],"picked":"SKIP","floor":1.0},{"not_picked":["Perfected Strike","Havoc","Sentinel","Clothesline"],"picked":"SKIP","floor":7},{"not_picked":["Clash","Sword Boomerang","Rage"],"picked":"Shockwave","floor":8},{"not_picked":["Dark Embrace","Demon Form","Berserk"],"picked":"Double Tap","floor":16}],"player_experience":2175694,"relics_obtained":[{"floor":7,"key":"Art of War"},{"floor":9,"key":"Bag of Preparation"}],"event_choices":[{"cards_removed":["Strike_R"],"damage_healed":0.0,"max_hp_gain":0.0,"max_hp_loss":0.0,"gold_gain":0.0,"event_name":"Golden Wing","player_choice":"Card Removal","floor":3.0,"gold_loss":0.0,"damage_taken":7.0},{"damage_healed":0.0,"max_hp_gain":0.0,"max_hp_loss":0.0,"gold_gain":0.0,"event_name":"Scrap Ooze","player_choice":"Success","floor":4.0,"gold_loss":0.0,"damage_taken":11.0,"relics_obtained":["Du-Vu Doll"]},{"damage_healed":0,"gold_gain":0,"player_choice":"Box","damage_taken":0,"relics_obtained":["Question Card"],"max_hp_gain":0,"max_hp_loss":0,"event_name":"Big Fish","floor":5,"gold_loss":0,"cards_obtained":["Regret"]},{"damage_healed":0,"gold_gain":75,"player_choice":"Gather Gold","damage_taken":11,"max_hp_gain":0,"max_hp_loss":0,"event_name":"World of Goop","floor":12,"gold_loss":0}],"is_beta":false,"boss_relics":[{"not_picked":["White Beast Statue","Sozu"],"picked":"Coffee Dripper"}],"items_purged_floors":[10],"is_endless":false,"potions_floor_spawned":[7,8],"killed_by":"3 Byrds","ascension_level":20}