{"gold_per_floor":[119,131,131,5,19,19,54,74,128,53,83,83,18,34,34,34],"floor_reached":16,"playtime":373,"items_purged":["Strike_B"],"score":220,"play_id":"84abc723-bd6c-4bed-870c-6f4ee1b472ae","local_time":"20190301231101","is_ascension_mode":true,"campfire_choices":[{"data":"Zap","floor":6,"key":"SMITH"},{"data":"Coolheaded","floor":12,"key":"SMITH"},{"data":"Redo","floor":15,"key":"SMITH"}],"neow_cost":"NONE","seed_source_timestamp":113973591877671,"circlet_count":0,"master_deck":["AscendersBane","Strike_B","Strike_B","Defend_B","Defend_B","Defend_B","Defend_B","Zap+1","Dualcast","Redo+1","Loop","Doom and Gloom","Conserve Battery","Biased Cognition","Skim","Steam","Coolheaded+1","Ball Lightning"],"relics":["Nuclear Battery","Mercury Hourglass","Vajra","DataDisk","Dream Catcher"],"potions_floor_usage":[7,11,16],"damage_taken":[{"damage":6,"enemies":"Small Slimes","floor":1,"turns":4},{"damage":8,"enemies":"Cultist","floor":2,"turns":5},{"damage":5,"enemies":"2 Louse","floor":5,"turns":3},{"damage":20,"enemies":"Lagavulin","floor":7,"turns":6},{"damage":8,"enemies":"Red Slaver","floor":8,"turns":3},{"damage":11,"enemies":"3 Sentries","floor":11,"turns":5},{"damage":1,"enemies":"Exordium Wildlife","floor":14,"turns":3},{"damage":15,"enemies":"The Guardian","floor":16,"turns":2}],"seed_played":"-242411244185478485","potions_obtained":[{"floor":2,"key":"PowerPotion"},{"floor":5,"key":"Swift Potion"},{"floor":11,"key":"FocusPotion"}],"is_trial":false,"path_per_floor":["M","M","?","$","M","R","E","M","T","$","E","R","?","M","R","B"],"character_chosen":"DEFECT","items_purchased":["Doom and Gloom","Conserve Battery"],"campfire_rested":0,"item_purchase_floors":[4,4],"current_hp_per_floor":[58,50,50,50,45,45,25,17,17,17,6,6,6,5,5,0],"gold":34,"neow_bonus":"BOSS_RELIC","is_prod":false,"is_daily":false,"chose_seed":false,"campfire_upgraded":3,"win_rate":0,"timestamp":1551453061,"path_taken":["M","M","?","$","?","R","E","?","T","?","E","R","?","?","R","BOSS"],"build_version":"2019-01-23","purchased_purges":1,"victory":false,"max_hp_per_floor":[71,71,71,71,71,71,71,71,71,71,71,71,71,71,71,71],"card_choices":[{"not_picked":["Sweeping Beam","Barrage"],"picked":"Redo","floor":1},{"not_picked":["Undo","BootSequence"],"picked":"Loop","floor":2},{"not_picked":["Leap","Streamline"],"picked":"Biased Cognition","floor":5},{"not_picked":["Stack","Machine Learning"],"picked":"Skim","floor":7},{"not_picked":["Redo","Rebound"],"picked":"Steam","floor":8},{"not_picked":["Redo","Rebound"],"picked":"Coolheaded","floor":11},{"not_picked":["Go for the Eyes","Steam"],"picked":"Ball Lightning","floor":14}],"player_experience":1063856,"relics_obtained":[{"floor":7,"key":"Mercury Hourglass"},{"floor":9,"key":"Vajra"},{"floor":11,"key":"DataDisk"}],"event_choices":[{"cards_removed":["Strike_B"],"damage_healed":0,"gold_gain":0,"player_choice":"Card Removal","damage_taken":0,"max_hp_gain":0,"max_hp_loss":0,"event_name":"Wheel of Change","floor":3,"gold_loss":0},{"damage_healed":0,"gold_gain":0,"player_choice":"Paid Gold","damage_taken":0,"relics_obtained":["Dream Catcher"],"max_hp_gain":0,"max_hp_loss":0,"event_name":"WeMeetAgain","floor":13,"gold_loss":65}],"is_beta":false,"boss_relics":[],"items_purged_floors":[10],"is_endless":false,"potions_floor_spawned":[2,5,11],"killed_by":"The Guardian","ascension_level":20}