{"gold_per_floor":[119,137,137,154,79,111,111,145,199,199,93,112,138,138,138,209,209,226,236,1,1,1,26,26,36,62,97,117,117,146,157,157,234,234,252,124,124,134,84,84,117,117,117,117,135,163,178,208,208,208,208,208,208,158,189,189],"floor_reached":57,"playtime":2998,"items_purged":["Strike_G","Strike_G","Defend_G+1","Defend_G+1","Defend_G+1"],"score":3557,"play_id":"a1bd5ab7-ebad-4267-aa09-8ada05612026","local_time":"20190317101056","is_ascension_mode":true,"campfire_choices":[{"data":"Deadly Poison","floor":7.0,"key":"SMITH"},{"data":"Glass Knife","floor":10.0,"key":"SMITH"},{"data":"Corpse Explosion","floor":15.0,"key":"SMITH"},{"data":"Tactician","floor":29.0,"key":"SMITH"},{"data":"Wraith Form v2","floor":32.0,"key":"SMITH"},{"floor":40.0,"key":"RECALL"}],"neow_cost":"PERCENT_DAMAGE","seed_source_timestamp":3283724446183,"circlet_count":0,"master_deck":["AscendersBane","Defend_G+1","Defend_G+1","Survivor+1","Neutralize+1","Corpse Explosion+1","Footwork+1","Leg Sweep+1","Deadly Poison+1","Glass Knife+1","Wraith Form v2+1","Tactician+1","Backflip+1","Malaise+1","Ghostly+1","Ghostly+1","Ghostly+1","Acrobatics+1","Calculated Gamble+1","Burst+1","Envenom+1","Dodge and Roll+1","Tools of the Trade+1","Well Laid Plans+1"],"special_seed":0,"relics":["Ring of the Snake","Shuriken","Vajra","Smiling Mask","Juzu Bracelet","Coffee Dripper","ClockworkSouvenir","Enchiridion","FossilizedHelix","Happy Flower","Bottled Lightning","Bronze Scales","Astrolabe","Mark of the Bloom","Darkstone Periapt","Letter Opener","Ancient Tea Set","Anchor"],"potions_floor_usage":[56,56],"damage_taken":[{"damage":0.0,"enemies":"2 Louse","floor":1.0,"turns":4.0},{"damage":0.0,"enemies":"Cultist","floor":2.0,"turns":5.0},{"damage":0.0,"enemies":"Small Slimes","floor":4.0,"turns":7.0},{"damage":20.0,"enemies":"3 Sentries","floor":6.0,"turns":6.0},{"damage":27.0,"enemies":"Gremlin Nob","floor":8.0,"turns":5.0},{"damage":1.0,"enemies":"Looter","floor":12.0,"turns":4.0},{"damage":0.0,"enemies":"3 Sentries","floor":13.0,"turns":3.0},{"damage":0.0,"enemies":"The Guardian","floor":16.0,"turns":10.0},{"damage":4.0,"enemies":"Shell Parasite","floor":18.0,"turns":5.0},{"damage":12.0,"enemies":"Spheric Guardian","floor":19.0,"turns":5.0},{"damage":10.0,"enemies":"Book of Stabbing","floor":23.0,"turns":7.0},{"damage":0.0,"enemies":"Centurion and Healer","floor":25.0,"turns":5.0},{"damage":0.0,"enemies":"Slavers","floor":27.0,"turns":4.0},{"damage":0.0,"enemies":"Shelled Parasite and Fungi","floor":28.0,"turns":5.0},{"damage":0.0,"enemies":"Gremlin Leader","floor":30.0,"turns":6.0},{"damage":0.0,"enemies":"Snecko","floor":31.0,"turns":4.0},{"damage":0.0,"enemies":"Champ","floor":33.0,"turns":14.0},{"damage":0.0,"enemies":"Orb Walker","floor":35.0,"turns":5.0},{"damage":0.0,"enemies":"3 Darklings","floor":38.0,"turns":3.0},{"damage":0.0,"enemies":"Giant Head","floor":41.0,"turns":8.0},{"damage":0.0,"enemies":"Transient","floor":45.0,"turns":6.0},{"damage":0.0,"enemies":"Nemesis","floor":46.0,"turns":11.0},{"damage":0.0,"enemies":"Writhing Mass","floor":47.0,"turns":5.0},{"damage":0.0,"enemies":"Giant Head","floor":48.0,"turns":8.0},{"damage":0.0,"enemies":"Donu and Deca","floor":50.0,"turns":7.0},{"damage":0,"enemies":"Time Eater","floor":51,"turns":15},{"damage":0,"enemies":"Shield and Spear","floor":55,"turns":5},{"damage":0,"enemies":"The Heart","floor":56,"turns":11}],"seed_played":"-5099137268750705128","potions_obtained":[{"floor":4.0,"key":"Fruit Juice"},{"floor":6.0,"key":"Swift Potion"},{"floor":8.0,"key":"Strength Potion"},{"floor":13.0,"key":"Fire Potion"},{"floor":27.0,"key":"Strength Potion"},{"floor":28.0,"key":"SpeedPotion"},{"floor":33.0,"key":"Poison Potion"},{"floor":38.0,"key":"GamblersBrew"},{"floor":55,"key":"EntropicBrew"}],"is_trial":false,"path_per_floor":["M","M","?","M","$","E","R","E","T","R","$","M","E","?","R","B",null,"M","M","$","?","?","E","?","M","T","E","M","R","E","M","R","B",null,"M","$","?","M","$","R","E","R","T","R","M","E","M","E","R","B","B",null,"R","$","E","B",null],"character_chosen":"THE_SILENT","items_purchased":["Swift Potion","ClockworkSouvenir","Backflip","Well Laid Plans"],"campfire_rested":0,"item_purchase_floors":[11,20,20,36],"current_hp_per_floor":[44,44,44,44,44,29,29,2,2,2,2,1,1,1,1,1,54,50,38,38,38,17,7,7,7,7,7,7,7,7,7,7,7,28,28,28,28,28,28,28,28,28,28,28,28,28,28,28,28,28,28,28,28,28,28,28],"gold":189,"neow_bonus":"THREE_RARE_CARDS","is_prod":false,"is_daily":false,"chose_seed":false,"campfire_upgraded":5,"win_rate":0,"timestamp":1552788656,"path_taken":["M","M","?","M","$","E","R","E","T","R","$","?","E","?","R","BOSS","M","M","$","?","?","E","?","M","T","E","M","R","E","M","R","BOSS","M","$","?","M","$","R","E","R","T","R","M","E","M","E","R","BOSS","BOSS","R","$","E","BOSS"],"build_version":"2019-01-23","purchased_purges":5,"victory":true,"max_hp_per_floor":[66,66,66,66,66,71,71,71,71,71,71,71,71,71,71,71,71,71,71,71,71,71,71,35,35,35,35,35,35,35,35,35,35,35,35,35,35,35,35,35,35,35,35,35,35,35,35,35,35,35,35,35,35,35,35,35],"card_choices":[{"not_picked":["Wraith Form v2","Phantasmal Killer"],"picked":"Corpse Explosion","floor":0.0},{"not_picked":["Backflip","Bane"],"picked":"Footwork","floor":1.0},{"not_picked":["Acrobatics","Bane"],"picked":"Leg Sweep","floor":2.0},{"not_picked":["Flechettes","Setup","Sucker Punch"],"picked":"SKIP","floor":4.0},{"not_picked":["Flying Knee","Blade Dance"],"picked":"Deadly Poison","floor":6.0},{"not_picked":["Sucker Punch","Terror"],"picked":"Glass Knife","floor":8.0},{"not_picked":["Sucker Punch","Outmaneuver"],"picked":"Backstab","floor":12.0},{"not_picked":["Eviscerate","All Out Attack","Flying Knee"],"picked":"SKIP","floor":13.0},{"not_picked":["Venomology","Glass Knife"],"picked":"Wraith Form v2","floor":16.0},{"not_picked":["Underhanded Strike","Outmaneuver"],"picked":"Tactician","floor":18.0},{"not_picked":["Slice","Dagger Spray","Endless Agony"],"picked":"SKIP","floor":19.0},{"not_picked":["Bullet Time","Dodge and Roll"],"picked":"Malaise","floor":23.0},{"not_picked":["Backflip","Terror+1","Finisher"],"picked":"SKIP","floor":25.0},{"not_picked":["Dagger Throw","Flying Knee","Deflect"],"picked":"SKIP","floor":27.0},{"not_picked":["Slice","Skewer"],"picked":"Acrobatics+1","floor":28.0},{"not_picked":["Blade Dance","Terror+1"],"picked":"Calculated Gamble","floor":30.0},{"not_picked":["Sucker Punch","Endless Agony","Backstab"],"picked":"SKIP","floor":31.0},{"not_picked":["Storm of Steel","Glass Knife"],"picked":"Burst","floor":33.0},{"not_picked":["Cloak And Dagger","Acrobatics","Blade Dance+1"],"picked":"SKIP","floor":35.0},{"not_picked":["Bouncing Flask","Slice","Flying Knee"],"picked":"SKIP","floor":38.0},{"not_picked":["Blade Dance+1","PiercingWail","Poisoned Stab"],"picked":"SKIP","floor":41.0},{"not_picked":["Slice","Noxious Fumes","Blade Dance"],"picked":"SKIP","floor":45.0},{"not_picked":["Blade Dance","Backstab","Dodge and Roll"],"picked":"SKIP","floor":46.0},{"not_picked":["Corpse Explosion","Noxious Fumes","PiercingWail"],"picked":"SKIP","floor":47.0},{"not_picked":["Skewer","Expertise+1","Endless Agony"],"picked":"SKIP","floor":48.0},{"not_picked":["Riddle With Holes","Sucker Punch","Dagger Throw"],"picked":"SKIP","floor":55}],"player_experience":3644662,"relics_obtained":[{"floor":6.0,"key":"Shuriken"},{"floor":8.0,"key":"Vajra"},{"floor":9.0,"key":"Smiling Mask"},{"floor":13.0,"key":"Juzu Bracelet"},{"floor":22.0,"key":"Enchiridion"},{"floor":23.0,"key":"FossilizedHelix"},{"floor":26.0,"key":"Happy Flower"},{"floor":27.0,"key":"Bottled Lightning"},{"floor":30.0,"key":"Bronze Scales"},{"floor":41.0,"key":"Darkstone Periapt"},{"floor":46.0,"key":"Letter Opener"},{"floor":48.0,"key":"Ancient Tea Set"},{"floor":55,"key":"Anchor"}],"event_choices":[{"cards_removed":["Strike_G"],"damage_healed":0.0,"max_hp_gain":0.0,"max_hp_loss":0.0,"gold_gain":0.0,"event_name":"Purifier","player_choice":"Purged","floor":3.0,"gold_loss":0.0,"damage_taken":0.0},{"damage_healed":0.0,"max_hp_gain":0.0,"max_hp_loss":0.0,"gold_gain":0.0,"event_name":"Scrap Ooze","player_choice":"Fled","floor":14.0,"gold_loss":0.0,"damage_taken":0.0},{"damage_healed":0.0,"max_hp_gain":0.0,"max_hp_loss":0.0,"gold_gain":0.0,"event_name":"Back to Basics","player_choice":"Simplicity","floor":21.0,"gold_loss":0.0,"damage_taken":0.0,"cards_upgraded":["Defend_G","Defend_G","Defend_G","Defend_G","Defend_G","Strike_G","Strike_G"]},{"damage_healed":0.0,"max_hp_gain":0.0,"max_hp_loss":0.0,"gold_gain":0.0,"event_name":"Cursed Tome","player_choice":"Obtained Book","floor":22.0,"gold_loss":0.0,"damage_taken":21.0},{"damage_healed":0.0,"max_hp_gain":0.0,"max_hp_loss":36.0,"gold_gain":0.0,"event_name":"Ghosts","player_choice":"Became a Ghost","floor":24.0,"gold_loss":0.0,"damage_taken":0.0,"cards_obtained":["Ghostly","Ghostly","Ghostly"]},{"damage_healed":0.0,"max_hp_gain":0.0,"max_hp_loss":0.0,"gold_gain":0.0,"event_name":"MindBloom","player_choice":"Upgrade","floor":37.0,"gold_loss":0.0,"damage_taken":0.0,"cards_upgraded":["Survivor","Neutralize","Footwork","Leg Sweep","Backflip","Malaise","Ghostly","Ghostly","Ghostly","Calculated Gamble","Burst","Well Laid Plans"],"relics_obtained":["Mark of the Bloom"]}],"is_beta":false,"boss_relics":[{"not_picked":["Tiny House","Sozu"],"picked":"Coffee Dripper"},{"not_picked":["Calling Bell","Snecko Eye"],"picked":"Astrolabe"}],"items_purged_floors":[5,11,36,39,54],"is_endless":false,"potions_floor_spawned":[4,6,8,13,27,28,30,31,33,38,41,46,47,55],"ascension_level":20}