{"gold_per_floor":[117,267,267,267,280,280,309,309,388,42,55,55,55,84,84,84],"floor_reached":16,"playtime":247,"items_purged":["Strike_G"],"score":262,"play_id":"5b9fd457-7f38-4378-89f0-3e7da5c59d21","local_time":"20190424020008","is_ascension_mode":true,"campfire_choices":[{"data":"Well Laid Plans","floor":6.0,"key":"SMITH"},{"data":"Defend_G","floor":8.0,"key":"PURGE"},{"data":"The Bomb","floor":12.0,"key":"SMITH"},{"data":"Calculated Gamble","floor":15.0,"key":"SMITH"}],"neow_cost":"NONE","seed_source_timestamp":121760990383960,"circlet_count":0,"master_deck":["AscendersBane","Defend_G","Defend_G","Defend_G","Defend_G","Strike_G","Strike_G","Strike_G","Strike_G","Survivor","Neutralize","Tactician","Well Laid Plans+1","Footwork","The Bomb+1","Calculated Gamble+1"],"special_seed":0,"relics":["Ring of the Snake","NeowsBlessing","Peace Pipe","Singing Bowl","Mummified Hand","Prayer Wheel"],"potions_floor_usage":[16],"damage_taken":[{"damage":0.0,"enemies":"Small Slimes","floor":1.0,"turns":1.0},{"damage":0.0,"enemies":"Jaw Worm","floor":5.0,"turns":1.0},{"damage":0.0,"enemies":"Lagavulin","floor":7.0,"turns":2.0},{"damage":0.0,"enemies":"2 Louse","floor":11.0,"turns":3.0},{"damage":6.0,"enemies":"Gremlin Nob","floor":14.0,"turns":3.0},{"damage":17,"enemies":"Slime Boss","floor":16,"turns":7}],"seed_played":"4652896186285892403","potions_obtained":[{"floor":7.0,"key":"Ancient Potion"},{"floor":11.0,"key":"Poison Potion"}],"is_trial":false,"path_per_floor":["M","?","?","?","M","R","E","R","T","$","M","R","$","E","R","B"],"character_chosen":"THE_SILENT","items_purchased":["The Bomb","Calculated Gamble"],"campfire_rested":0,"item_purchase_floors":[10,10],"current_hp_per_floor":[59,59,33,26,26,26,26,26,26,26,28,28,28,24,24,7],"gold":84,"neow_bonus":"THREE_ENEMY_KILL","is_prod":false,"is_daily":false,"chose_seed":false,"campfire_upgraded":3,"win_rate":0,"timestamp":1556042408,"path_taken":["M","?","?","?","M","R","E","R","T","$","?","R","?","E","R","BOSS"],"build_version":"2019-01-23","purchased_purges":1,"victory":false,"max_hp_per_floor":[66,66,66,66,66,66,66,66,66,66,68,68,68,70,70,70],"card_choices":[{"not_picked":["Backflip","Leg Sweep"],"picked":"Tactician","floor":1.0},{"not_picked":["Outmaneuver","Skewer"],"picked":"Well Laid Plans","floor":5.0},{"not_picked":["Deflect","Backflip"],"picked":"Footwork","floor":7.0},{"not_picked":["Bane","Quick Slash","Outmaneuver"],"picked":"Singing Bowl","floor":11.0},{"not_picked":["Endless Agony","Well Laid Plans","Predator"],"picked":"Singing Bowl","floor":14.0}],"player_experience":4474219,"relics_obtained":[{"floor":7.0,"key":"Singing Bowl"},{"floor":9.0,"key":"Mummified Hand"},{"floor":14.0,"key":"Prayer Wheel"}],"event_choices":[{"damage_healed":0.0,"max_hp_gain":0.0,"max_hp_loss":0.0,"gold_gain":150.0,"event_name":"Liars Game","player_choice":"AGREE","floor":2.0,"gold_loss":0.0,"damage_taken":0.0,"cards_obtained":["Doubt"]},{"damage_healed":0.0,"max_hp_gain":0.0,"max_hp_loss":0.0,"gold_gain":0.0,"event_name":"Scrap Ooze","player_choice":"Success","floor":3.0,"gold_loss":0.0,"damage_taken":26.0,"relics_obtained":["Peace Pipe"]},{"cards_removed":["Doubt"],"damage_healed":0.0,"max_hp_gain":0.0,"max_hp_loss":0.0,"gold_gain":0.0,"event_name":"Golden Wing","player_choice":"Card Removal","floor":4.0,"gold_loss":0.0,"damage_taken":7.0}],"is_beta":false,"boss_relics":[],"items_purged_floors":[10],"is_endless":false,"potions_floor_spawned":[7,11],"killed_by":"Slime Boss","ascension_level":20}