{"gold_per_floor":[119,394,41,61,79,79,104,120,173,185,185,11,66,85,85,159,159,174,187,206,206,7,7,7,18,18,32,32,32,32,32],"floor_reached":31,"playtime":785,"items_purged":["Regret","Strike_G","Strike_G"],"score":432,"play_id":"afd5ee0e-c6c3-40f8-9b67-30f819c9e953","local_time":"20190225010614","is_ascension_mode":true,"campfire_choices":[{"data":"Noxious Fumes","floor":6.0,"key":"SMITH"},{"data":"Catalyst","floor":15.0,"key":"SMITH"},{"floor":23,"key":"REST"},{"data":"Catalyst","floor":28,"key":"SMITH"},{"data":"Catalyst","floor":30,"key":"SMITH"}],"neow_cost":"NONE","seed_source_timestamp":623062618295968,"circlet_count":0,"master_deck":["AscendersBane","Defend_G","Defend_G","Defend_G","Defend_G","Defend_G","Strike_G","Survivor","Neutralize","Noxious Fumes+1","Catalyst+1","Bane","Catalyst+1","Catalyst+1","Escape Plan","Deadly Poison","After Image","Well Laid Plans"],"special_seed":0,"relics":["Ring of the Snake","NeowsBlessing","ClockworkSouvenir","Molten Egg 2","Pen Nib","Tiny Chest","Empty Cage","Mummified Hand","The Courier"],"potions_floor_usage":[16,25],"damage_taken":[{"damage":0.0,"enemies":"Jaw Worm","floor":1.0,"turns":1.0},{"damage":0.0,"enemies":"Cultist","floor":4.0,"turns":1.0},{"damage":0.0,"enemies":"Small Slimes","floor":5.0,"turns":1.0},{"damage":27.0,"enemies":"Lagavulin","floor":7.0,"turns":9.0},{"damage":5.0,"enemies":"Exordium Thugs","floor":8.0,"turns":5.0},{"damage":25.0,"enemies":"3 Louse","floor":10.0,"turns":5.0},{"damage":36.0,"enemies":"Gremlin Nob","floor":13.0,"turns":5.0},{"damage":14.0,"enemies":"Exordium Wildlife","floor":14.0,"turns":6.0},{"damage":15,"enemies":"The Guardian","floor":16,"turns":7},{"damage":24,"enemies":"3 Byrds","floor":18,"turns":6},{"damage":11,"enemies":"Chosen","floor":19,"turns":5},{"damage":14,"enemies":"Snecko","floor":20,"turns":5},{"damage":7,"enemies":"Centurion and Healer","floor":25,"turns":6},{"damage":21,"enemies":"Snake Plant","floor":27,"turns":3},{"damage":8,"enemies":"Chosen and Byrds","floor":31,"turns":4}],"seed_played":"2944268937244421525","potions_obtained":[{"floor":1.0,"key":"Swift Potion"},{"floor":7.0,"key":"Fire Potion"},{"floor":10.0,"key":"PowerPotion"},{"floor":13.0,"key":"FearPotion"},{"floor":19,"key":"Strength Potion"},{"floor":20,"key":"Regen Potion"}],"is_trial":false,"path_per_floor":["M","?","$","M","M","R","E","M","T","M","?","$","E","M","R","B",null,"M","M","M","?","$","R","T","M","T","M","R","?","R","M"],"character_chosen":"THE_SILENT","items_purchased":["Noxious Fumes","ClockworkSouvenir","Catalyst","Well Laid Plans"],"campfire_rested":1,"item_purchase_floors":[3,3,12,22],"current_hp_per_floor":[59,59,59,59,59,59,32,27,27,2,66,66,30,16,16,1,50,26,15,1,1,1,20,20,28,28,7,7,7,7,0],"gold":32,"neow_bonus":"THREE_ENEMY_KILL","is_prod":false,"is_daily":false,"chose_seed":false,"campfire_upgraded":4,"win_rate":0,"timestamp":1551027974,"path_taken":["M","?","$","M","?","R","E","M","T","M","?","?","E","M","R","BOSS","M","M","M","?","$","R","?","M","T","M","R","?","R","M"],"build_version":"2019-01-23","purchased_purges":3,"victory":false,"max_hp_per_floor":[66,66,66,66,66,66,66,66,66,66,66,66,66,66,66,66,66,66,66,66,66,66,66,66,66,66,66,66,66,66,66],"card_choices":[{"not_picked":["Predator","Poisoned Stab","Underhanded Strike"],"picked":"SKIP","floor":1.0},{"not_picked":["Prepared","Deflect"],"picked":"Catalyst","floor":4.0},{"not_picked":["Masterful Stab","Endless Agony"],"picked":"Bane","floor":5.0},{"not_picked":["PiercingWail","Dagger Spray","Sucker Punch"],"picked":"SKIP","floor":7.0},{"not_picked":["Infinite Blades","Flying Knee+1"],"picked":"Escape Plan","floor":8.0},{"not_picked":["Dash+1","Quick Slash+1"],"picked":"Catalyst","floor":10.0},{"not_picked":["Doppelganger","Reflex"],"picked":"Escape Plan","floor":13.0},{"not_picked":["Quick Slash+1","Setup"],"picked":"Deadly Poison","floor":14.0},{"not_picked":["Tools of the Trade","Envenom"],"picked":"After Image","floor":16},{"not_picked":["Escape Plan","Bane+1","Slice+1"],"picked":"SKIP","floor":18},{"not_picked":["PiercingWail","Finisher+1","Deadly Poison"],"picked":"SKIP","floor":19},{"not_picked":["Sucker Punch+1","Caltrops","Expertise"],"picked":"SKIP","floor":20},{"not_picked":["Terror","Leg Sweep","Deadly Poison"],"picked":"SKIP","floor":25},{"not_picked":["Dagger Spray+1","Outmaneuver+1","Blade Dance"],"picked":"SKIP","floor":27}],"player_experience":987216,"relics_obtained":[{"floor":7.0,"key":"Molten Egg 2"},{"floor":9.0,"key":"Pen Nib"},{"floor":13.0,"key":"Tiny Chest"},{"floor":24,"key":"Mummified Hand"},{"floor":26,"key":"The Courier"}],"event_choices":[{"damage_healed":0.0,"max_hp_gain":0.0,"max_hp_loss":0.0,"gold_gain":275.0,"event_name":"Golden Shrine","player_choice":"Desecrate","floor":2.0,"gold_loss":0.0,"damage_taken":0.0,"cards_obtained":["Regret"]},{"cards_removed":["Escape Plan"],"damage_healed":64.0,"max_hp_gain":0.0,"max_hp_loss":0.0,"gold_gain":0.0,"event_name":"Bonfire Elementals","player_choice":"Offered Uncommon","floor":11.0,"gold_loss":0.0,"damage_taken":0.0},{"damage_healed":0,"gold_gain":0,"player_choice":"Ignored","damage_taken":0,"max_hp_gain":0,"max_hp_loss":0,"event_name":"The Mausoleum","floor":21,"gold_loss":0},{"damage_healed":0,"gold_gain":0,"player_choice":"Ignored","damage_taken":0,"max_hp_gain":0,"max_hp_loss":0,"event_name":"Beggar","floor":29,"gold_loss":0}],"is_beta":false,"boss_relics":[{"not_picked":["Lizard Tail","Philosopher\u0027s Stone"],"picked":"Empty Cage"}],"items_purged_floors":[3,12,22],"is_endless":false,"potions_floor_spawned":[1,7,10,13,19,20],"killed_by":"Chosen and Byrds","ascension_level":15}