{"gold_per_floor":[109,6,6,21,21,21,46,56,56,56,56,68,68,83,83,83],"floor_reached":16,"playtime":267,"items_purged":["Strike_B"],"score":250,"play_id":"c88b265a-099f-4f8a-8ad7-c594933a43b2","local_time":"20190110134842","is_ascension_mode":true,"campfire_choices":[{"data":"Hologram","floor":6,"key":"SMITH"},{"data":"Zap","floor":15,"key":"SMITH"}],"neow_cost":"NONE","seed_source_timestamp":7013254030798,"circlet_count":0,"master_deck":["AscendersBane","Strike_B+1","Strike_B","Strike_B","Defend_B","Defend_B","Defend_B","Defend_B","Zap+1","Dualcast","Gash+1","Hologram+1","Core Surge","Gash","Chill"],"special_seed":0,"relics":["Cracked Core","NeowsBlessing","Unceasing Top","Emotion Chip"],"potions_floor_usage":[16,16],"damage_taken":[{"damage":0.0,"enemies":"2 Louse","floor":1.0,"turns":1.0},{"damage":0,"enemies":"Cultist","floor":4,"turns":1},{"damage":0,"enemies":"3 Sentries","floor":7,"turns":1},{"damage":4,"enemies":"Jaw Worm","floor":8,"turns":3},{"damage":1,"enemies":"Looter","floor":12,"turns":2},{"damage":6,"enemies":"Exordium Wildlife","floor":14,"turns":2},{"damage":36,"enemies":"Hexaghost","floor":16,"turns":7}],"seed_played":"-3103323471029454700","potions_obtained":[{"floor":1.0,"key":"LiquidBronze"},{"floor":7,"key":"Swift Potion"},{"floor":14,"key":"AttackPotion"}],"is_trial":false,"path_per_floor":["M","$","?","M","$","R","E","M","T","$","?","M","?","M","R","B"],"character_chosen":"DEFECT","items_purchased":["Hologram"],"campfire_rested":0,"item_purchase_floors":[2],"current_hp_per_floor":[64,64,64,64,64,64,64,60,60,60,39,38,38,32,32,0],"gold":83,"neow_bonus":"THREE_ENEMY_KILL","is_prod":false,"is_daily":false,"chose_seed":false,"campfire_upgraded":2,"win_rate":0,"timestamp":1547099322,"path_taken":["M","$","?","M","?","R","E","M","T","$","?","M","?","M","R","BOSS"],"build_version":"2019-01-03v4","purchased_purges":1,"victory":false,"max_hp_per_floor":[71,71,71,71,71,71,71,71,71,71,71,71,71,71,71,71],"card_choices":[{"not_picked":["Steam","Beam Cell"],"picked":"Gash","floor":1.0},{"not_picked":["Steam Power","Redo","Sweeping Beam"],"picked":"SKIP","floor":4},{"not_picked":["Capacitor","Sweeping Beam","Force Field"],"picked":"SKIP","floor":7},{"not_picked":["Storm","Leap"],"picked":"Gash","floor":8},{"not_picked":["Double Energy","Consume"],"picked":"Chill","floor":12},{"not_picked":["Rebound","Defragment","White Noise"],"picked":"SKIP","floor":14},{"not_picked":["Rebound","Defragment","White Noise"],"picked":"SKIP","floor":14}],"player_experience":1905075,"relics_obtained":[{"floor":7,"key":"Unceasing Top"},{"floor":9,"key":"Emotion Chip"}],"event_choices":[{"damage_healed":0,"gold_gain":0,"player_choice":"1 cards matched","damage_taken":0,"max_hp_gain":0,"max_hp_loss":0,"event_name":"Match and Keep!","floor":3,"gold_loss":0,"cards_obtained":["Core Surge"]},{"damage_healed":0,"gold_gain":0,"player_choice":"Entered Light","damage_taken":21,"max_hp_gain":0,"max_hp_loss":0,"event_name":"Shining Light","floor":11,"gold_loss":0,"cards_upgraded":["Gash","Strike_B"]},{"damage_healed":0,"gold_gain":0,"player_choice":"Ignored","damage_taken":0,"max_hp_gain":0,"max_hp_loss":0,"event_name":"Liars Game","floor":13,"gold_loss":0}],"is_beta":false,"boss_relics":[],"items_purged_floors":[2],"is_endless":false,"potions_floor_spawned":[1,7,12,14],"killed_by":"Hexaghost","ascension_level":20}