{"gold_per_floor":[112,122,138,70,80,80,95,95,119,119,131,146,146,178,178,274,274,288,288,288,301,312,312,328,328,379,379,478,491,519,339,339,437,437,447,447,447,464,488,488,508,522,522,522,52,70,82,82,82,82],"floor_reached":51,"playtime":1456,"items_purged":["Strike_G","Strike_G+1"],"score":771,"play_id":"075344c0-151f-42a5-bb77-c8c4003ca658","local_time":"20181016001013","is_ascension_mode":false,"campfire_choices":[{"data":"Catalyst","floor":6,"key":"SMITH"},{"data":"Bouncing Flask","floor":8,"key":"SMITH"},{"data":"Crippling Poison","floor":13,"key":"SMITH"},{"data":"Crippling Poison","floor":15,"key":"SMITH"},{"data":"Crippling Poison","floor":23,"key":"SMITH"},{"data":"Bouncing Flask","floor":25,"key":"SMITH"},{"data":"Well Laid Plans","floor":27,"key":"SMITH"},{"data":"Catalyst","floor":32,"key":"SMITH"},{"floor":40,"key":"REST"},{"floor":44,"key":"REST"},{"data":"Corpse Explosion","floor":49,"key":"SMITH"}],"neow_cost":"TEN_PERCENT_HP_LOSS","seed_source_timestamp":48920025055882,"circlet_count":0,"master_deck":["Defend_G+1","Defend_G+1","Defend_G+1","Defend_G+1","Defend_G+1","Strike_G+1","Survivor+1","Neutralize+1","Malaise+1","Crippling Poison+1","Bouncing Flask+1","Catalyst+1","Crippling Poison+1","Backflip+1","Crippling Poison+1","Leg Sweep+1","Glass Knife+1","Bouncing Flask+1","Adrenaline+1","Backflip+1","Crippling Poison+1","Well Laid Plans+1","Catalyst+1","Well Laid Plans+1","Bullet Time+1","Setup+1","Adrenaline","Corpse Explosion+1","Backflip+1"],"relics":["Ring of the Snake","Bag of Marbles","Vajra","Sozu","Potion Belt","Boot","Runic Pyramid","Mark of the Bloom","Happy Flower","Mercury Hourglass","Oddly Smooth Stone"],"potions_floor_usage":[11,50],"damage_taken":[{"damage":0,"enemies":"Jaw Worm","floor":1,"turns":7},{"damage":0,"enemies":"2 Louse","floor":2,"turns":3},{"damage":0,"enemies":"Cultist","floor":3,"turns":6},{"damage":5,"enemies":"Looter","floor":5,"turns":4},{"damage":7,"enemies":"Large Slime","floor":7,"turns":4},{"damage":8,"enemies":"Exordium Thugs","floor":11,"turns":5},{"damage":5,"enemies":"Red Slaver","floor":12,"turns":4},{"damage":13,"enemies":"Gremlin Nob","floor":14,"turns":3},{"damage":8,"enemies":"The Guardian","floor":16,"turns":7},{"damage":0,"enemies":"3 Byrds","floor":18,"turns":4},{"damage":4,"enemies":"Spheric Guardian","floor":21,"turns":4},{"damage":0,"enemies":"Centurion and Healer","floor":22,"turns":4},{"damage":1,"enemies":"Cultist and Chosen","floor":24,"turns":3},{"damage":0,"enemies":"Chosen and Byrds","floor":29,"turns":4},{"damage":12,"enemies":"Book of Stabbing","floor":30,"turns":7},{"damage":21,"enemies":"Champ","floor":33,"turns":4},{"damage":10,"enemies":"3 Shapes","floor":35,"turns":3},{"damage":1,"enemies":"3 Darklings","floor":38,"turns":4},{"damage":0,"enemies":"4 Shapes","floor":41,"turns":3},{"damage":0,"enemies":"Sphere and 2 Shapes","floor":42,"turns":2},{"damage":0,"enemies":"3 Darklings","floor":46,"turns":2},{"damage":0,"enemies":"Maw","floor":47,"turns":4},{"damage":0,"enemies":"Time Eater","floor":50,"turns":2}],"seed_played":"-940884743775133343","potions_obtained":[{"floor":1,"key":"Regen Potion"},{"floor":3,"key":"FearPotion"},{"floor":7,"key":"SkillPotion"},{"floor":11,"key":"Poison Potion"}],"is_trial":false,"path_per_floor":["M","M","M","$","M","R","M","R","T","?","M","M","R","E","R","B",null,"M","?","?","M","M","R","M","R","T","R","?","M","E","$","R","B",null,"M","?","?","M","T","R","M","M","T","R","$","M","M","?","R","B"],"character_chosen":"THE_SILENT","items_purchased":["Catalyst","Catalyst","Well Laid Plans","Adrenaline","Corpse Explosion","Oddly Smooth Stone"],"campfire_rested":2,"item_purchase_floors":[4,31,31,45,45,45],"current_hp_per_floor":[63,63,63,63,58,58,51,51,51,51,43,38,38,25,25,17,63,63,63,63,59,59,59,58,58,58,58,58,58,46,46,46,25,63,53,53,53,52,52,52,52,52,52,52,52,52,52,52,52,52],"gold":82,"neow_bonus":"THREE_RARE_CARDS","is_prod":false,"is_daily":false,"chose_seed":false,"campfire_upgraded":9,"win_rate":0,"timestamp":1539619813,"path_taken":["M","M","M","$","M","R","M","R","T","?","M","M","R","E","R","BOSS","M","?","?","M","?","R","M","R","T","R","?","?","E","$","R","BOSS","M","?","?","?","?","R","M","M","T","R","$","M","?","?","R","BOSS"],"build_version":"2018-10-11","purchased_purges":2,"victory":true,"max_hp_per_floor":[63,63,63,63,63,63,63,63,63,63,63,63,63,63,63,63,63,63,63,63,63,63,63,63,63,63,63,63,63,63,63,63,63,63,63,63,60,60,60,60,60,60,60,60,60,60,60,60,60,60],"card_choices":[{"not_picked":["Doppelganger","After Image"],"picked":"Malaise","floor":0},{"not_picked":["Dash","All Out Attack"],"picked":"Crippling Poison","floor":1},{"not_picked":["Slice","Flying Knee","Accuracy"],"picked":"SKIP","floor":2},{"not_picked":["Finisher","Footwork"],"picked":"Bouncing Flask","floor":3},{"not_picked":["Riddle With Holes","Concentrate"],"picked":"Crippling Poison","floor":5},{"not_picked":["Blade Dance","Dagger Throw","Slice"],"picked":"SKIP","floor":7},{"not_picked":["Outmaneuver","Quick Slash"],"picked":"Backflip","floor":11},{"not_picked":["Reflex","Slice"],"picked":"Crippling Poison","floor":12},{"not_picked":["Acrobatics","Blade Dance"],"picked":"Leg Sweep","floor":14},{"not_picked":["Unload","After Image"],"picked":"Glass Knife","floor":16},{"not_picked":["Cloak And Dagger+1","Dagger Spray"],"picked":"Bouncing Flask","floor":18},{"not_picked":["Underhanded Strike+1","Calculated Gamble"],"picked":"Backflip","floor":21},{"not_picked":["Deadly Poison+1","Flying Knee+1"],"picked":"Crippling Poison+1","floor":22},{"not_picked":["Masterful Stab+1","Blade Dance"],"picked":"Well Laid Plans","floor":24},{"not_picked":["Cloak And Dagger","Endless Agony+1","Bane"],"picked":"SKIP","floor":29},{"not_picked":["Outmaneuver+1","Slice","Heel Hook+1"],"picked":"SKIP","floor":30},{"not_picked":["Doppelganger","After Image"],"picked":"Bullet Time","floor":33},{"not_picked":["Flechettes+1","Quick Slash+1","Riddle With Holes+1"],"picked":"SKIP","floor":35},{"not_picked":["Blade Dance+1","Endless Agony+1","Sucker Punch+1"],"picked":"SKIP","floor":38},{"not_picked":["Slice+1","Dodge and Roll"],"picked":"Setup+1","floor":41},{"not_picked":["Calculated Gamble","Eviscerate+1","Underhanded Strike+1"],"picked":"SKIP","floor":42},{"not_picked":["Outmaneuver","Quick Slash+1","Dodge and Roll"],"picked":"SKIP","floor":46},{"not_picked":["Caltrops+1","Poisoned Stab+1"],"picked":"Backflip+1","floor":47}],"player_experience":235653,"relics_obtained":[{"floor":9,"key":"Bag of Marbles"},{"floor":14,"key":"Vajra"},{"floor":26,"key":"Potion Belt"},{"floor":30,"key":"Boot"},{"floor":39,"key":"Happy Flower"},{"floor":43,"key":"Mercury Hourglass"}],"event_choices":[{"event_name":"Liars Game","player_choice":"disagreed","floor":10,"damage_taken":0},{"event_name":"Drug Dealer","player_choice":"Became Test Subject","floor":19,"damage_taken":0},{"event_name":"The Woman in Blue","player_choice":"Bought 0 Potions","floor":20,"damage_taken":0},{"event_name":"Nest","player_choice":"Stole From Cult","floor":28,"damage_taken":0},{"event_name":"MindBloom","player_choice":"Upgrade","floor":36,"damage_taken":0},{"event_name":"Winding Halls","player_choice":"Max HP","floor":37,"damage_taken":0},{"event_name":"Falling","player_choice":"Removed Attack","floor":48,"damage_taken":0}],"is_beta":false,"boss_relics":[{"not_picked":["Black Star","Ectoplasm"],"picked":"Sozu"},{"not_picked":["Calling Bell","HoveringKite"],"picked":"Runic Pyramid"}],"items_purged_floors":[31,45],"is_endless":false,"potions_floor_spawned":[1,3,7,11,18,24,29,38,46,47],"ascension_level":0}