{"gold_per_floor":[118,5,5,25,25,25,54,54,134,165,165,179,191,205,205,281,281,299,299,310,310,310,340,340,356,356,368,402,414,424,29,29,108,108,124,124,141,153,14,14,45,45,45,76,87,113,113,141,141,141,141,141,141,43,76,76],"floor_reached":56,"playtime":3739,"items_purged":["Pain","Strike_B"],"score":2305,"play_id":"a4a2b746-3cc9-4fbc-8458-cc53cf52642a","local_time":"20190218005128","is_ascension_mode":true,"campfire_choices":[{"data":"Streamline","floor":6.0,"key":"SMITH"},{"data":"Zap","floor":8.0,"key":"SMITH"},{"data":"Dualcast","floor":11.0,"key":"SMITH"},{"data":"Skim","floor":15.0,"key":"SMITH"},{"data":"Coolheaded","floor":24.0,"key":"SMITH"},{"floor":32.0,"key":"REST"},{"data":"Blizzard","floor":40.0,"key":"SMITH"},{"data":"Turbo","floor":42.0,"key":"SMITH"},{"floor":49.0,"key":"RECALL"},{"data":"Recycle","floor":53.0,"key":"SMITH"}],"neow_cost":"NONE","seed_source_timestamp":12715444902046,"circlet_count":0,"master_deck":["AscendersBane","Strike_B","Defend_B","Defend_B","Defend_B","Defend_B","Zap+1","Dualcast+1","Consume+1","BootSequence","Compile Driver","Streamline+1","Cold Snap","Turbo+1","Reinforced Body","Skim+1","All For One","Coolheaded+1","Machine Learning","Beam Cell+1","Blizzard+1","Stack","Recycle+1","Hologram+1","Undo","Glacier","Double Energy","Conserve Battery+1","Buffer+1","Master of Strategy+1","Purity+1","Discovery+1","Fission+1","Capacitor+1","Doubt","Double Energy+1","Stack+1","Impatience+1","Seek+1"],"special_seed":0,"relics":["Cracked Core","NeowsBlessing","Art of War","Symbiotic Virus","Singing Bowl","Cursed Key","Bag of Marbles","Frozen Egg 2","Blue Candle","Toxic Egg 2","Nuclear Battery","Mercury Hourglass","DataDisk","Potion Belt","Bag of Preparation","Anchor"],"potions_floor_usage":[56,56],"damage_taken":[{"damage":0.0,"enemies":"Cultist","floor":1.0,"turns":1.0},{"damage":0.0,"enemies":"Jaw Worm","floor":4.0,"turns":1.0},{"damage":0.0,"enemies":"Lagavulin","floor":7.0,"turns":1.0},{"damage":11.0,"enemies":"Gremlin Nob","floor":10.0,"turns":3.0},{"damage":2.0,"enemies":"Small Slimes","floor":12.0,"turns":3.0},{"damage":0.0,"enemies":"Exordium Wildlife","floor":13.0,"turns":2.0},{"damage":16.0,"enemies":"Gremlin Gang","floor":14.0,"turns":4.0},{"damage":25.0,"enemies":"Hexaghost","floor":16.0,"turns":9.0},{"damage":0.0,"enemies":"Chosen","floor":18.0,"turns":3.0},{"damage":1.0,"enemies":"Spheric Guardian","floor":20.0,"turns":3.0},{"damage":15.0,"enemies":"Colosseum Slavers","floor":21.0,"turns":4.0},{"damage":31.0,"enemies":"Slavers","floor":23.0,"turns":6.0},{"damage":1.0,"enemies":"Snake Plant","floor":25.0,"turns":3.0},{"damage":11.0,"enemies":"Shelled Parasite and Fungi","floor":27.0,"turns":6.0},{"damage":20.0,"enemies":"Book of Stabbing","floor":28.0,"turns":4.0},{"damage":1.0,"enemies":"Chosen and Byrds","floor":29.0,"turns":6.0},{"damage":2.0,"enemies":"3 Cultists","floor":30.0,"turns":6.0},{"damage":24.0,"enemies":"Collector","floor":33.0,"turns":13.0},{"damage":13.0,"enemies":"3 Darklings","floor":35.0,"turns":11.0},{"damage":0.0,"enemies":"3 Shapes","floor":37.0,"turns":6.0},{"damage":0.0,"enemies":"Maw","floor":38.0,"turns":7.0},{"damage":0.0,"enemies":"Giant Head","floor":41.0,"turns":7.0},{"damage":36.0,"enemies":"Reptomancer","floor":44.0,"turns":8.0},{"damage":0.0,"enemies":"3 Darklings","floor":45.0,"turns":5.0},{"damage":0.0,"enemies":"Giant Head","floor":46.0,"turns":8.0},{"damage":20.0,"enemies":"Reptomancer","floor":48.0,"turns":8.0},{"damage":15.0,"enemies":"Awakened One","floor":50.0,"turns":17.0},{"damage":1.0,"enemies":"Donu and Deca","floor":51.0,"turns":17.0},{"damage":26.0,"enemies":"Shield and Spear","floor":55.0,"turns":11.0},{"damage":51,"enemies":"The Heart","floor":56,"turns":8}],"seed_played":"7129233059263006934","potions_obtained":[{"floor":4.0,"key":"Swift Potion"},{"floor":12.0,"key":"Regen Potion"},{"floor":16.0,"key":"GamblersBrew"},{"floor":23.0,"key":"Block Potion"},{"floor":25.0,"key":"EntropicBrew"},{"floor":33.0,"key":"Fire Potion"},{"floor":37.0,"key":"Ancient Potion"},{"floor":55.0,"key":"Fire Potion"}],"is_trial":false,"path_per_floor":["M","$","?","M","?","R","E","R","T","E","R","M","M","M","R","B",null,"M","?","M","?","?","E","R","M","T","M","E","M","M","$","R","B",null,"M","?","M","M","$","R","E","R","T","E","M","E","?","E","R","B","B",null,"R","$","E","B"],"character_chosen":"DEFECT","items_purchased":["BootSequence","Compile Driver","Toxic Egg 2","Conserve Battery+1","Capacitor+1","Impatience+1"],"campfire_rested":1,"item_purchase_floors":[2,2,31,31,39,54],"current_hp_per_floor":[64,64,64,64,69,69,69,69,69,58,58,56,56,51,51,26,65,65,65,64,49,49,25,25,31,31,27,7,6,11,11,34,17,63,59,49,58,65,65,65,74,74,74,47,54,63,63,43,43,28,27,73,73,73,47,0],"gold":76,"neow_bonus":"THREE_ENEMY_KILL","is_prod":false,"is_daily":false,"chose_seed":false,"campfire_upgraded":8,"win_rate":0,"timestamp":1550422288,"path_taken":["M","?","?","M","?","R","E","R","T","E","R","M","?","?","R","BOSS","M","?","?","?","?","E","R","M","T","M","E","M","M","$","R","BOSS","M","?","M","M","$","R","E","R","T","E","M","E","?","E","R","BOSS","BOSS","R","$","E","BOSS"],"build_version":"2019-01-23","purchased_purges":2,"victory":false,"max_hp_per_floor":[71,71,71,71,76,76,76,76,76,76,76,76,76,78,78,78,78,78,78,78,78,78,78,78,78,78,78,78,78,78,78,78,78,78,80,80,82,82,82,82,84,84,84,86,86,88,88,88,88,88,88,88,88,88,88,88],"card_choices":[{"not_picked":["Rebound","White Noise"],"picked":"Consume","floor":1.0},{"not_picked":["Gash","Steam"],"picked":"Streamline","floor":4.0},{"not_picked":["Genetic Algorithm","Compile Driver"],"picked":"Cold Snap","floor":7.0},{"not_picked":["Storm","Biased Cognition"],"picked":"Turbo","floor":10.0},{"not_picked":["Turbo","Hologram"],"picked":"Reinforced Body","floor":12.0},{"not_picked":["Gash","Static Discharge"],"picked":"Skim","floor":13.0},{"not_picked":["Storm","Static Discharge","Leap"],"picked":"Singing Bowl","floor":14.0},{"not_picked":["Buffer","Reboot"],"picked":"All For One","floor":16.0},{"not_picked":["Leap","Lockon"],"picked":"Coolheaded","floor":18.0},{"not_picked":["Turbo","Compile Driver+1"],"picked":"Beam Cell+1","floor":20.0},{"not_picked":["Go for the Eyes","Undo"],"picked":"Stack","floor":23.0},{"not_picked":["Genetic Algorithm","Coolheaded"],"picked":"Recycle","floor":25.0},{"not_picked":["Blizzard","Beam Cell"],"picked":"Hologram+1","floor":27.0},{"not_picked":["Aggregate","Capacitor+1"],"picked":"Undo","floor":28.0},{"not_picked":["Leap+1","Auto Shields"],"picked":"Glacier","floor":29.0},{"not_picked":["Barrage","Steam"],"picked":"Double Energy","floor":30.0},{"not_picked":["Machine Learning+1","Fission+1"],"picked":"Buffer+1","floor":33.0},{"not_picked":["Streamline","Auto Shields+1","BootSequence+1"],"picked":"Singing Bowl","floor":35.0},{"not_picked":["PanicButton+1","Secret Technique+1"],"picked":"Master of Strategy+1","floor":36.0},{"not_picked":["PanicButton+1","Forethought+1"],"picked":"Purity+1","floor":36.0},{"not_picked":["Purity+1","PanicButton+1"],"picked":"Discovery+1","floor":36.0},{"not_picked":["Streamline","Leap+1","Undo+1"],"picked":"Singing Bowl","floor":37.0},{"not_picked":["Scrape","Streamline+1"],"picked":"Fission+1","floor":38.0},{"not_picked":["Conserve Battery+1","Sweeping Beam","Cold Snap+1"],"picked":"Singing Bowl","floor":41.0},{"not_picked":["Darkness+1","Rip and Tear","Redo+1"],"picked":"Singing Bowl","floor":44.0},{"not_picked":["Leap+1","Go for the Eyes"],"picked":"Double Energy+1","floor":45.0},{"not_picked":["Beam Cell","Consume+1","Sweeping Beam"],"picked":"Singing Bowl","floor":46.0},{"not_picked":["Cold Snap","Heatsinks+1"],"picked":"Stack+1","floor":48.0},{"not_picked":["Gash","Coolheaded+1"],"picked":"Seek+1","floor":55.0}],"player_experience":806680,"relics_obtained":[{"floor":7.0,"key":"Art of War"},{"floor":9.0,"key":"Symbiotic Virus"},{"floor":10.0,"key":"Singing Bowl"},{"floor":23.0,"key":"Bag of Marbles"},{"floor":26.0,"key":"Frozen Egg 2"},{"floor":28.0,"key":"Blue Candle"},{"floor":41.0,"key":"Mercury Hourglass"},{"floor":44.0,"key":"DataDisk"},{"floor":46.0,"key":"Potion Belt"},{"floor":48.0,"key":"Bag of Preparation"},{"floor":55.0,"key":"Anchor"}],"event_choices":[{"damage_healed":0.0,"max_hp_gain":0.0,"max_hp_loss":0.0,"gold_gain":0.0,"event_name":"Living Wall","player_choice":"Grow","floor":3.0,"gold_loss":0.0,"damage_taken":0.0,"cards_upgraded":["Consume"]},{"damage_healed":0.0,"max_hp_gain":5.0,"max_hp_loss":0.0,"gold_gain":0.0,"event_name":"Big Fish","player_choice":"Donut","floor":5.0,"gold_loss":0.0,"damage_taken":0.0},{"damage_healed":0.0,"max_hp_gain":0.0,"max_hp_loss":0.0,"gold_gain":0.0,"event_name":"Match and Keep!","player_choice":"1 cards matched","floor":19.0,"gold_loss":0.0,"damage_taken":0.0,"cards_obtained":["Machine Learning"]},{"damage_healed":0.0,"max_hp_gain":0.0,"max_hp_loss":0.0,"gold_gain":0.0,"event_name":"Colosseum","player_choice":"Fight","floor":21.0,"gold_loss":0.0,"damage_taken":0.0},{"damage_healed":0.0,"max_hp_gain":0.0,"max_hp_loss":0.0,"gold_gain":0.0,"event_name":"Colosseum","player_choice":"Fled From Nobs","floor":21.0,"gold_loss":0.0,"damage_taken":0.0},{"damage_healed":0.0,"max_hp_gain":0.0,"max_hp_loss":0.0,"gold_gain":0.0,"cards_transformed":["Strike_B","Strike_B"],"event_name":"Drug Dealer","player_choice":"Became Test Subject","floor":22.0,"gold_loss":0.0,"damage_taken":0.0,"cards_obtained":["Self Repair","Blizzard"]},{"damage_healed":0.0,"max_hp_gain":0.0,"max_hp_loss":0.0,"gold_gain":0.0,"event_name":"SensoryStone","player_choice":"Memory 3","floor":36.0,"gold_loss":0.0,"damage_taken":10.0},{"cards_removed":["Self Repair"],"damage_healed":0.0,"max_hp_gain":0.0,"max_hp_loss":0.0,"gold_gain":0.0,"event_name":"Falling","player_choice":"Removed Power","floor":47.0,"gold_loss":0.0,"damage_taken":0.0}],"is_beta":false,"boss_relics":[{"not_picked":["Philosopher\u0027s Stone","Tiny House"],"picked":"Cursed Key"},{"not_picked":["Snecko Eye","Velvet Choker"],"picked":"Nuclear Battery"}],"items_purged_floors":[31,39],"is_endless":false,"potions_floor_spawned":[4,12,13,16,23,25,27,33,35,37,38,55],"killed_by":"The Heart","ascension_level":20}