{"gold_per_floor":[112,129,141,155,155,186,186,214,214,214,226,237,237,91,91,210,210,229,229,229,249,115,115,115],"floor_reached":24,"playtime":845,"items_purged":["Strike_R","Strike_R"],"score":258,"play_id":"998b2d64-632d-4ad8-80e7-c2272d30ef62","local_time":"20180920160253","is_ascension_mode":true,"campfire_choices":[{"data":"Flex","floor":7.0,"key":"SMITH"},{"floor":10.0,"key":"REST"},{"data":"Body Slam","floor":15,"key":"SMITH"},{"data":"Juggernaut","floor":23,"key":"SMITH"}],"neow_cost":"NONE","seed_source_timestamp":11480554148984,"circlet_count":0,"master_deck":["Strike_R","Strike_R+1","Strike_R","Defend_R","Defend_R","Defend_R","Defend_R","Bash","Flex+1","Feel No Pain","Power Through+1","Ghostly Armor","Evolve","Body Slam+1","Sever Soul","Juggernaut+1","True Grit","Shrug It Off","Writhe","Metallicize"],"special_seed":0,"relics":["Burning Blood","Boot","Pen Nib","Singing Bowl","Letter Opener","Golden Idol","Mark of Pain","Pear"],"potions_floor_usage":[],"damage_taken":[{"damage":8.0,"enemies":"2 Louse","floor":1.0,"turns":3.0},{"damage":12.0,"enemies":"Jaw Worm","floor":2.0,"turns":3.0},{"damage":5.0,"enemies":"Small Slimes","floor":3.0,"turns":4.0},{"damage":23.0,"enemies":"3 Louse","floor":4.0,"turns":3.0},{"damage":19.0,"enemies":"3 Sentries","floor":6.0,"turns":10.0},{"damage":24.0,"enemies":"Gremlin Nob","floor":8.0,"turns":5.0},{"damage":0,"enemies":"Blue Slaver","floor":11,"turns":3},{"damage":5,"enemies":"Large Slime","floor":12,"turns":7},{"damage":27,"enemies":"The Guardian","floor":16,"turns":12},{"damage":24,"enemies":"Shell Parasite","floor":18,"turns":6},{"damage":17,"enemies":"Chosen","floor":21,"turns":5},{"damage":58,"enemies":"Slavers","floor":24,"turns":4}],"seed_played":"6204798403756432845","potions_obtained":[{"floor":2.0,"key":"Poison Potion"},{"floor":4.0,"key":"Strength Potion"},{"floor":16,"key":"FairyPotion"}],"is_trial":false,"path_per_floor":["M","M","M","M","?","E","R","E","T","R","M","M","?","$","R","B",null,"M","?","?","M","$","R"],"character_chosen":"IRONCLAD","items_purchased":["Sever Soul","Metallicize"],"campfire_rested":1,"item_purchase_floors":[14,22],"current_hp_per_floor":[78,72,73,56,40,27,27,9,9,33,41,42,42,42,42,21,62,44,44,54,45,45,45,0],"gold":115,"neow_bonus":"RANDOM_COMMON_RELIC","is_prod":false,"is_daily":false,"chose_seed":false,"campfire_upgraded":3,"win_rate":0,"timestamp":1537430573,"path_taken":["M","M","M","M","?","E","R","E","T","R","M","M","?","$","R","BOSS","M","?","?","M","$","R","E"],"build_version":"2018-09-06","purchased_purges":2,"victory":false,"max_hp_per_floor":[80,80,80,80,80,80,80,80,80,80,82,82,76,76,76,76,76,76,76,86,88,88,88,88],"card_choices":[{"not_picked":["Cleave","Iron Wave","Flex"],"picked":"SKIP","floor":1.0},{"not_picked":["Cleave","Iron Wave"],"picked":"Flex","floor":1.0},{"not_picked":["Clash","Perfected Strike"],"picked":"Feel No Pain","floor":2.0},{"not_picked":["Cleave","Wild Strike","Combust"],"picked":"SKIP","floor":3.0},{"not_picked":["Bloodletting","Pommel Strike"],"picked":"Power Through","floor":4.0},{"not_picked":["Thunderclap","Dual Wield"],"picked":"Ghostly Armor","floor":6.0},{"not_picked":["Clothesline","Disarm"],"picked":"Evolve","floor":8.0},{"not_picked":["Double Tap","Rampage","Warcry"],"picked":"Singing Bowl","floor":11},{"not_picked":["Havoc","Infernal Blade"],"picked":"Body Slam","floor":12},{"not_picked":["Fiend Fire","Double Tap"],"picked":"Juggernaut","floor":16},{"not_picked":["Havoc","Combust"],"picked":"True Grit","floor":18},{"not_picked":["Uppercut","Infernal Blade","Twin Strike"],"picked":"Singing Bowl","floor":21}],"player_experience":43611,"relics_obtained":[{"floor":6.0,"key":"Pen Nib"},{"floor":8.0,"key":"Singing Bowl"},{"floor":9.0,"key":"Letter Opener"}],"event_choices":[{"event_name":"Shining Light","player_choice":"Entered Light","floor":5.0,"damage_taken":0.0},{"event_name":"Golden Idol","player_choice":"Lose Max HP","floor":13,"damage_taken":0},{"event_name":"The Library","player_choice":"Read","floor":19,"damage_taken":0},{"event_name":"The Mausoleum","player_choice":"Yes","floor":20,"damage_taken":0}],"is_beta":false,"boss_relics":[{"not_picked":["Ectoplasm","Black Star"],"picked":"Mark of Pain"}],"items_purged_floors":[14,22],"is_endless":false,"potions_floor_spawned":[2,4,16],"killed_by":"Slavers","ascension_level":5}