{"gold_per_floor":[118,6,6,24,39,70,70,90,90,90,90,90,90,101,101,174,174,152,152,163,163,163,163],"floor_reached":23,"playtime":526,"items_purged":["Strike_G"],"score":378,"play_id":"c3030df6-74c4-4aa7-a9fa-7a5d958500dd","local_time":"20190218220815","is_ascension_mode":true,"campfire_choices":[{"data":"Bouncing Flask","floor":7.0,"key":"SMITH"},{"data":"Neutralize","floor":10.0,"key":"SMITH"},{"data":"Footwork","floor":13.0,"key":"SMITH"},{"data":"Grand Finale","floor":15,"key":"SMITH"}],"neow_cost":"NONE","seed_source_timestamp":50363845249673,"circlet_count":0,"master_deck":["AscendersBane","Defend_G","Defend_G","Defend_G","Defend_G","Defend_G","Strike_G","Survivor","Neutralize+1","Blade Dance","Bouncing Flask+1","Footwork+1","Parasite","Grand Finale+1","Adrenaline","Catalyst+1","Backflip","Decay","Footwork","Storm of Steel"],"special_seed":0,"relics":["Philosopher\u0027s Stone","Potion Belt","Mummified Hand","Cursed Key","Turnip"],"potions_floor_usage":[16,20,20],"damage_taken":[{"damage":2.0,"enemies":"Cultist","floor":1.0,"turns":4.0},{"damage":7.0,"enemies":"2 Louse","floor":4.0,"turns":3.0},{"damage":3.0,"enemies":"Small Slimes","floor":5.0,"turns":4.0},{"damage":27.0,"enemies":"3 Sentries","floor":6.0,"turns":10.0},{"damage":9.0,"enemies":"Blue Slaver","floor":8.0,"turns":3.0},{"damage":0,"enemies":"Exordium Thugs","floor":14,"turns":5},{"damage":8,"enemies":"Hexaghost","floor":16,"turns":9},{"damage":13,"enemies":"2 Thieves","floor":18,"turns":4},{"damage":31,"enemies":"3 Byrds","floor":20,"turns":3},{"damage":16,"enemies":"Book of Stabbing","floor":23,"turns":2}],"seed_played":"-5019318889967696281","potions_obtained":[{"floor":1.0,"key":"Block Potion"},{"floor":5.0,"key":"Energy Potion"},{"floor":6.0,"key":"PowerPotion"},{"floor":8.0,"key":"GhostInAJar"},{"floor":18,"key":"GamblersBrew"}],"is_trial":false,"path_per_floor":["M","$","?","M","M","E","R","M","T","R","?","?","R","M","R","B",null,"M","?","M","?","?","E"],"character_chosen":"THE_SILENT","items_purchased":["Infinite Blades"],"campfire_rested":0,"item_purchase_floors":[2],"current_hp_per_floor":[57,57,57,50,47,20,20,11,11,11,4,20,20,20,20,12,53,40,40,9,9,9,0],"gold":163,"neow_bonus":"BOSS_RELIC","is_prod":false,"is_daily":false,"chose_seed":false,"campfire_upgraded":4,"win_rate":0,"timestamp":1550498895,"path_taken":["M","$","?","M","M","E","R","M","T","R","?","?","R","M","R","BOSS","M","?","?","?","?","E"],"build_version":"2019-01-23","purchased_purges":1,"victory":false,"max_hp_per_floor":[66,66,66,66,66,66,66,66,66,66,66,66,66,66,66,66,66,66,66,66,66,66,66],"card_choices":[{"not_picked":["Setup","Accuracy","Underhanded Strike"],"picked":"SKIP","floor":1.0},{"not_picked":["Distraction","Dodge and Roll"],"picked":"Blade Dance","floor":4.0},{"not_picked":["Dodge and Roll","Underhanded Strike"],"picked":"Bouncing Flask","floor":5.0},{"not_picked":["Bane","Deadly Poison"],"picked":"Footwork","floor":6.0},{"not_picked":["Deflect","Sucker Punch","Flechettes"],"picked":"SKIP","floor":8.0},{"not_picked":["Eviscerate","Cloak And Dagger"],"picked":"Grand Finale","floor":14},{"not_picked":["Envenom","Tools of the Trade"],"picked":"Adrenaline","floor":16},{"not_picked":["Dagger Spray","Flechettes"],"picked":"Catalyst+1","floor":18},{"not_picked":["Sucker Punch","Finisher"],"picked":"Backflip","floor":20}],"player_experience":2924611,"relics_obtained":[{"floor":6.0,"key":"Potion Belt"},{"floor":9.0,"key":"Mummified Hand"}],"event_choices":[{"damage_healed":0.0,"max_hp_gain":0.0,"max_hp_loss":0.0,"gold_gain":0.0,"event_name":"The Cleric","player_choice":"Leave","floor":3.0,"gold_loss":0.0,"damage_taken":0.0},{"cards_removed":["Strike_G"],"damage_healed":0.0,"max_hp_gain":0.0,"max_hp_loss":0.0,"gold_gain":0.0,"event_name":"Golden Wing","player_choice":"Card Removal","floor":11.0,"gold_loss":0.0,"damage_taken":7.0},{"damage_healed":16.0,"max_hp_gain":0.0,"max_hp_loss":0.0,"gold_gain":0.0,"event_name":"Mushrooms","player_choice":"Healed and dodged fight","floor":12.0,"gold_loss":0.0,"damage_taken":0.0,"cards_obtained":["Parasite"]},{"cards_removed":["Infinite Blades"],"damage_healed":0,"gold_gain":0,"player_choice":"Gave Card","damage_taken":0,"relics_obtained":["Turnip"],"max_hp_gain":0,"max_hp_loss":0,"event_name":"WeMeetAgain","floor":19,"gold_loss":0},{"damage_healed":0,"gold_gain":0,"player_choice":"Smashed Altar","damage_taken":0,"max_hp_gain":0,"max_hp_loss":0,"event_name":"Forgotten Altar","floor":21,"gold_loss":0,"cards_obtained":["Decay"]},{"damage_healed":0,"gold_gain":0,"cards_transformed":["Strike_G","Strike_G"],"player_choice":"Became Test Subject","damage_taken":0,"max_hp_gain":0,"max_hp_loss":0,"event_name":"Drug Dealer","floor":22,"gold_loss":0,"cards_obtained":["Footwork","Storm of Steel"]}],"is_beta":false,"boss_relics":[{"not_picked":["Busted Crown","WristBlade"],"picked":"Cursed Key"}],"items_purged_floors":[2],"is_endless":false,"potions_floor_spawned":[1,5,6,8,18],"killed_by":"Book of Stabbing","ascension_level":20}