{"gold_per_floor":[118,41,59,59,72,72,106,106,106,118,130,130,130,180,180,251,251,261,261,29,29,40,40,55,55],"floor_reached":25,"playtime":615,"items_purged":[],"score":464,"play_id":"227dbc49-c03c-42a5-87c4-a02ce88f3993","local_time":"20181012021044","is_ascension_mode":true,"campfire_choices":[{"data":"Zap","floor":6.0,"key":"SMITH"},{"data":"Storm","floor":8.0,"key":"SMITH"},{"data":"Darkness","floor":13,"key":"SMITH"},{"data":"Dualcast","floor":15,"key":"SMITH"},{"floor":23,"key":"REST"}],"neow_cost":"NONE","seed_source_timestamp":94820115327753,"circlet_count":0,"master_deck":["Strike_B","Strike_B","Defend_B","Defend_B","Defend_B+1","Defend_B+1","Zap+1","Dualcast+1","AscendersBane","Storm+1","Heatsinks","Ball Lightning","Pain","Self Repair","Darkness+1","Capacitor","Echo Form","Streamline+1","Rebound","Go for the Eyes"],"special_seed":0,"relics":["Cracked Core","NeowsBlessing","WarpedTongs","Symbiotic Virus","War Paint","Fusion Hammer","Lee\u0027s Waffle"],"potions_floor_usage":[18,19],"damage_taken":[{"damage":0.0,"enemies":"Small Slimes","floor":1.0,"turns":1.0},{"damage":0.0,"enemies":"Cultist","floor":3.0,"turns":1.0},{"damage":0.0,"enemies":"2 Louse","floor":5.0,"turns":1.0},{"damage":27.0,"enemies":"3 Sentries","floor":7.0,"turns":7.0},{"damage":4.0,"enemies":"Large Slime","floor":10.0,"turns":3.0},{"damage":24.0,"enemies":"Lots of Slimes","floor":11.0,"turns":3.0},{"damage":7,"enemies":"Slime Boss","floor":16,"turns":7},{"damage":36,"enemies":"3 Byrds","floor":18,"turns":4},{"damage":27,"enemies":"Colosseum Slavers","floor":19,"turns":3},{"damage":7,"enemies":"Spheric Guardian","floor":22,"turns":3},{"damage":25,"enemies":"Snake Plant","floor":24,"turns":3},{"damage":40,"enemies":"Shelled Parasite and Fungi","floor":25,"turns":3}],"seed_played":"1684121962507355504","potions_obtained":[{"floor":1.0,"key":"Block Potion"},{"floor":5.0,"key":"Weak Potion"},{"floor":7.0,"key":"LiquidBronze"},{"floor":11.0,"key":"Swift Potion"},{"floor":16,"key":"FocusPotion"}],"is_trial":false,"path_per_floor":["M","$","M","?","M","R","E","R","T","M","M","?","R","?","R","B",null,"M","?","$","?","M","R","M"],"character_chosen":"DEFECT","items_purchased":["Heatsinks","Lee\u0027s Waffle"],"campfire_rested":1,"item_purchase_floors":[2,20],"current_hp_per_floor":[64,64,64,64,64,64,47,47,47,50,33,33,33,33,33,36,62,33,16,78,78,71,78,53,13],"gold":55,"neow_bonus":"THREE_ENEMY_KILL","is_prod":false,"is_daily":false,"chose_seed":false,"campfire_upgraded":4,"win_rate":0,"timestamp":1539281444,"path_taken":["M","$","M","?","M","R","E","R","T","M","M","?","R","?","R","BOSS","M","?","$","?","M","R","M","M"],"build_version":"2018-10-04v2","purchased_purges":0,"victory":false,"max_hp_per_floor":[71,71,71,71,71,71,71,71,71,71,71,71,71,71,71,71,71,71,71,78,78,78,78,78,78],"card_choices":[{"not_picked":["Hello World","Steam"],"picked":"Storm","floor":1.0},{"not_picked":["FTL","Redo"],"picked":"Ball Lightning","floor":3.0},{"not_picked":["Gash","Consume"],"picked":"Self Repair","floor":5.0},{"not_picked":["Double Energy","Coolheaded","Genetic Algorithm"],"picked":"SKIP","floor":7.0},{"not_picked":["Compile Driver","Rebound","Hologram"],"picked":"SKIP","floor":10.0},{"not_picked":["Hologram","Conserve Battery"],"picked":"Darkness","floor":11.0},{"not_picked":["Hyperbeam","Amplify"],"picked":"Echo Form","floor":16},{"not_picked":["Stack","Steam"],"picked":"Streamline+1","floor":18},{"not_picked":["Rebound","Doom and Gloom","Undo"],"picked":"SKIP","floor":22},{"not_picked":["Hello World","Barrage","Double Energy"],"picked":"SKIP","floor":24}],"player_experience":292599,"relics_obtained":[{"floor":7.0,"key":"Symbiotic Virus"},{"floor":9.0,"key":"War Paint"}],"event_choices":[{"event_name":"Accursed Blacksmith","player_choice":"Rummage","floor":4.0,"damage_taken":0.0},{"event_name":"Match and Keep!","player_choice":"1 cards matched","floor":12,"damage_taken":0},{"event_name":"Golden Shrine","player_choice":"Pray","floor":14,"damage_taken":0},{"event_name":"Colosseum","player_choice":"Fight","floor":19,"damage_taken":0},{"event_name":"Colosseum","player_choice":"Fled From Nobs","floor":19,"damage_taken":0},{"event_name":"Drug Dealer","player_choice":"Became Test Subject","floor":21,"damage_taken":0}],"is_beta":false,"boss_relics":[{"not_picked":["Lizard Tail","Calling Bell"],"picked":"Fusion Hammer"}],"items_purged_floors":[],"is_endless":false,"potions_floor_spawned":[1,5,7,11,16,19],"killed_by":"Shelled Parasite and Fungi","ascension_level":17}