{"gold_per_floor":[115,126,51,126,26,26,59,59,83,94,106,106,106,126,126,126],"floor_reached":16,"playtime":235,"items_purged":["Strike_G","Defend_G"],"score":250,"play_id":"b68ec58d-9dba-4c1d-afc9-0c532a3a7e46","local_time":"20190106190609","is_ascension_mode":true,"campfire_choices":[{"data":"Acrobatics","floor":6,"key":"SMITH"},{"data":"Flechettes","floor":8,"key":"SMITH"},{"data":"Acrobatics","floor":13,"key":"SMITH"},{"data":"Neutralize","floor":15,"key":"SMITH"}],"neow_cost":"NONE","seed_source_timestamp":27857909027461,"circlet_count":0,"master_deck":["AscendersBane","Defend_G","Defend_G","Defend_G","Defend_G","Strike_G","Strike_G","Strike_G","Strike_G","Survivor","Neutralize+1","Acrobatics+1","Acrobatics+1","Flechettes+1"],"relics":["Ring of the Snake","NeowsBlessing","Mummified Hand","Vajra","Toxic Egg 2"],"potions_floor_usage":[],"damage_taken":[{"damage":0,"enemies":"2 Louse","floor":1,"turns":1},{"damage":0,"enemies":"Small Slimes","floor":2,"turns":1},{"damage":0,"enemies":"3 Sentries","floor":7,"turns":1},{"damage":0,"enemies":"Cultist","floor":10,"turns":2},{"damage":7,"enemies":"3 Louse","floor":11,"turns":3},{"damage":5,"enemies":"Exordium Wildlife","floor":14,"turns":4},{"damage":0,"enemies":"Slime Boss","floor":16,"turns":2}],"seed_played":"8292412301895387518","potions_obtained":[{"floor":7,"key":"SteroidPotion"},{"floor":10,"key":"GhostInAJar"}],"is_trial":false,"path_per_floor":["M","M","$","?","$","R","E","R","T","M","M","?","R","M","R","B"],"character_chosen":"THE_SILENT","items_purchased":[],"campfire_rested":0,"item_purchase_floors":[],"current_hp_per_floor":[59,59,59,48,48,48,48,48,48,48,41,36,36,31,31,31],"gold":126,"neow_bonus":"THREE_ENEMY_KILL","is_prod":false,"is_daily":false,"chose_seed":false,"campfire_upgraded":4,"win_rate":0,"timestamp":1546772769,"path_taken":["M","M","$","?","$","R","E","R","T","M","M","?","R","M","R","BOSS"],"build_version":"2019-01-03v4","purchased_purges":2,"victory":false,"max_hp_per_floor":[66,66,66,66,66,66,66,66,66,66,66,66,66,66,66,66],"card_choices":[{"not_picked":["Bane","Flying Knee"],"picked":"Acrobatics","floor":1},{"not_picked":["Sucker Punch","PiercingWail"],"picked":"Acrobatics","floor":2},{"not_picked":["Catalyst","Concentrate"],"picked":"Flechettes","floor":7},{"not_picked":["Eviscerate","Burst","Bane"],"picked":"SKIP","floor":10},{"not_picked":["Slice","Backflip","Expertise"],"picked":"SKIP","floor":11},{"not_picked":["Dodge and Roll+1","Expertise+1","Infinite Blades"],"picked":"SKIP","floor":14}],"player_experience":1789607,"relics_obtained":[{"floor":7,"key":"Mummified Hand"},{"floor":9,"key":"Vajra"}],"event_choices":[{"damage_healed":0,"gold_gain":75,"player_choice":"Gather Gold","damage_taken":11,"max_hp_gain":0,"max_hp_loss":0,"event_name":"World of Goop","floor":4,"gold_loss":0},{"damage_healed":0,"gold_gain":0,"player_choice":"Success","damage_taken":5,"relics_obtained":["Toxic Egg 2"],"max_hp_gain":0,"max_hp_loss":0,"event_name":"Scrap Ooze","floor":12,"gold_loss":0}],"is_beta":false,"boss_relics":[],"items_purged_floors":[3,5],"is_endless":false,"potions_floor_spawned":[7,10,11,14],"killed_by":"Slime Boss","ascension_level":20}