{"gold_per_floor":[11,31,31,31,31,31,62,76,103,166,185,213,213,243,243,321,321,333,383,397,408,89,89,115,115,142,142,160,190,190,200,200,274,274,289,289,305,321,52,52,79,79,79,109,120,150,169,14,14,14,14,14,14,14,47,47],"floor_reached":57,"playtime":2619,"items_purged":["Strike_G","Defend_G","Defend_G"],"score":3216,"play_id":"e2df1486-c794-4c7c-a10e-f6492e76472a","local_time":"20190628181102","is_ascension_mode":true,"campfire_choices":[{"data":"Predator","floor":6.0,"key":"SMITH"},{"data":"Glass Knife","floor":13.0,"key":"SMITH"},{"data":"Deadly Poison","floor":15.0,"key":"SMITH"},{"data":"Cloak And Dagger","floor":23.0,"key":"SMITH"},{"data":"Catalyst","floor":27,"key":"SMITH"},{"data":"Noxious Fumes","floor":32,"key":"SMITH"},{"data":"Neutralize","floor":40,"key":"SMITH"},{"data":"Tactician","floor":42,"key":"SMITH"},{"floor":49,"key":"RECALL"},{"data":"Acrobatics","floor":53,"key":"SMITH"}],"neow_cost":"NO_GOLD","seed_source_timestamp":24051785515478,"circlet_count":0,"master_deck":["AscendersBane","Defend_G","Defend_G","Survivor","Neutralize+1","Predator+1","Backflip","Deadly Poison+1","Glass Knife+1","After Image","After Image","Backflip","Cloak And Dagger+1","Well Laid Plans+1","Catalyst+1","Noxious Fumes+1","Grand Finale","Quick Slash+1","Noxious Fumes+1","Escape Plan+1","Tactician+1","Acrobatics+1","Tools of the Trade","Infinite Blades"],"special_seed":0,"relics":["Ring of the Snake","Lantern","Mercury Hourglass","Ancient Tea Set","Tiny Chest","Kunai","Strawberry","Coffee Dripper","Oddly Smooth Stone","Pantograph","Anchor","Art of War","Astrolabe","Smiling Mask","Membership Card","Snake Skull","Pen Nib","Bag of Marbles","TheAbacus","Orichalcum"],"potions_floor_usage":[24,29,46,56,56,56,56],"damage_taken":[{"damage":0.0,"enemies":"Cultist","floor":1.0,"turns":3.0},{"damage":1.0,"enemies":"2 Louse","floor":2.0,"turns":2.0},{"damage":19.0,"enemies":"Lagavulin","floor":7.0,"turns":5.0},{"damage":0.0,"enemies":"Small Slimes","floor":8.0,"turns":2.0},{"damage":0.0,"enemies":"Gremlin Nob","floor":10.0,"turns":2.0},{"damage":0.0,"enemies":"2 Fungi Beasts","floor":11.0,"turns":3.0},{"damage":8.0,"enemies":"Lagavulin","floor":12.0,"turns":6.0},{"damage":0.0,"enemies":"Gremlin Nob","floor":14.0,"turns":3.0},{"damage":14.0,"enemies":"Slime Boss","floor":16.0,"turns":8.0},{"damage":0.0,"enemies":"3 Byrds","floor":18.0,"turns":5.0},{"damage":7.0,"enemies":"Spheric Guardian","floor":20.0,"turns":3.0},{"damage":0.0,"enemies":"Snecko","floor":21.0,"turns":4.0},{"damage":0,"enemies":"Book of Stabbing","floor":24,"turns":5},{"damage":0,"enemies":"Centurion and Healer","floor":28,"turns":5},{"damage":7,"enemies":"Gremlin Leader","floor":29,"turns":7},{"damage":0,"enemies":"Snake Plant","floor":31,"turns":4},{"damage":0,"enemies":"Champ","floor":33,"turns":9},{"damage":0,"enemies":"3 Shapes","floor":35,"turns":4},{"damage":0,"enemies":"Orb Walker","floor":37,"turns":3},{"damage":0,"enemies":"Transient","floor":38,"turns":6},{"damage":0,"enemies":"Giant Head","floor":41,"turns":6},{"damage":0,"enemies":"Nemesis","floor":44,"turns":5},{"damage":0,"enemies":"Writhing Mass","floor":45,"turns":5},{"damage":0,"enemies":"Reptomancer","floor":46,"turns":3},{"damage":0,"enemies":"4 Shapes","floor":47,"turns":3},{"damage":12,"enemies":"Donu and Deca","floor":50,"turns":7},{"damage":16,"enemies":"Awakened One","floor":51,"turns":9},{"damage":9,"enemies":"Shield and Spear","floor":55,"turns":5},{"damage":76,"enemies":"The Heart","floor":56,"turns":9}],"seed_played":"-7055046722742688429","potions_obtained":[{"floor":1.0,"key":"Fruit Juice"},{"floor":2.0,"key":"SkillPotion"},{"floor":8.0,"key":"Fire Potion"},{"floor":11.0,"key":"Weak Potion"},{"floor":12.0,"key":"Poison Potion"},{"floor":20.0,"key":"PowerPotion"},{"floor":24,"key":"Explosive Potion"},{"floor":29,"key":"EntropicBrew"},{"floor":37,"key":"GamblersBrew"},{"floor":46,"key":"Explosive Potion"}],"is_trial":false,"path_per_floor":["M","M","?","?","?","R","E","M","T","E","M","E","R","E","R","B",null,"M","?","M","M","$","R","E","?","T","R","M","E","?","M","R","B",null,"M","T","M","M","$","R","E","R","T","E","M","E","M","$","R","B","B",null,"R","$","E","B",null],"character_chosen":"THE_SILENT","items_purchased":["Oddly Smooth Stone","Regen Potion","Membership Card","TheAbacus"],"campfire_rested":0,"item_purchase_floors":[22,22,39,48],"current_hp_per_floor":[64,63,63,58,58,58,39,39,39,39,39,31,31,38,38,24,65,65,65,58,58,58,58,73,73,73,73,73,66,62,62,62,78,78,78,78,78,78,78,78,78,78,78,78,78,78,78,78,78,66,62,74,74,74,65,2],"gold":47,"neow_bonus":"TRANSFORM_TWO_CARDS","is_prod":false,"is_daily":false,"chose_seed":false,"campfire_upgraded":9,"win_rate":0,"timestamp":1561716662,"path_taken":["M","M","?","?","?","R","E","M","T","E","M","E","R","E","R","BOSS","M","?","?","M","$","R","E","?","T","R","M","E","?","?","R","BOSS","M","?","M","M","$","R","E","R","T","E","?","E","M","$","R","BOSS","BOSS","R","$","E","BOSS"],"build_version":"2019-01-23","purchased_purges":3,"victory":true,"max_hp_per_floor":[71,71,71,71,71,71,71,71,71,71,71,71,71,78,78,78,78,78,78,78,78,78,78,78,78,78,78,78,78,78,78,78,78,78,78,78,78,78,78,78,78,78,78,78,78,78,78,78,78,78,78,78,78,78,78,78],"card_choices":[{"not_picked":["Predator","Blade Dance"],"picked":"Backflip","floor":1.0},{"not_picked":["Flechettes","Poisoned Stab"],"picked":"Deadly Poison","floor":2.0},{"not_picked":["Cloak And Dagger","Terror"],"picked":"Glass Knife","floor":7.0},{"not_picked":["Deflect","Outmaneuver","Masterful Stab"],"picked":"SKIP","floor":8.0},{"not_picked":["Distraction","Accuracy"],"picked":"After Image","floor":10.0},{"not_picked":["Flechettes","Flying Knee","Deadly Poison"],"picked":"SKIP","floor":11.0},{"not_picked":["Heel Hook","PiercingWail","Deadly Poison"],"picked":"SKIP","floor":12.0},{"not_picked":["Dagger Throw","Deadly Poison","Bane"],"picked":"SKIP","floor":14.0},{"not_picked":["Burst","Malaise"],"picked":"After Image","floor":16.0},{"not_picked":["Quick Slash","Prepared"],"picked":"Backflip","floor":18.0},{"not_picked":["Backflip+1","Dodge and Roll"],"picked":"Cloak And Dagger","floor":20.0},{"not_picked":["Dodge and Roll+1","Caltrops","Eviscerate"],"picked":"SKIP","floor":21.0},{"not_picked":["PiercingWail","Underhanded Strike"],"picked":"Well Laid Plans+1","floor":24},{"not_picked":["Slice","Escape Plan"],"picked":"Noxious Fumes","floor":28},{"not_picked":["Flying Knee+1","Terror","Slice"],"picked":"SKIP","floor":29},{"not_picked":["Terror","Sucker Punch","Backflip"],"picked":"SKIP","floor":31},{"not_picked":["Burst","Tools of the Trade"],"picked":"Grand Finale","floor":33},{"not_picked":["Flying Knee","Bane"],"picked":"Tactician","floor":35},{"not_picked":["Quick Slash","Dagger Throw","Reflex"],"picked":"SKIP","floor":37},{"not_picked":["Outmaneuver","Bane","Dagger Spray"],"picked":"SKIP","floor":38},{"not_picked":["A Thousand Cuts","Leg Sweep","PiercingWail"],"picked":"SKIP","floor":41},{"not_picked":["Crippling Poison+1","Slice"],"picked":"Acrobatics","floor":44},{"not_picked":["Underhanded Strike","Poisoned Stab","Distraction"],"picked":"SKIP","floor":45},{"not_picked":["Deflect+1","Sucker Punch"],"picked":"Tools of the Trade","floor":46},{"not_picked":["Slice","Outmaneuver","Underhanded Strike"],"picked":"SKIP","floor":47},{"not_picked":["Underhanded Strike","Masterful Stab"],"picked":"Infinite Blades","floor":55}],"player_experience":5550232,"relics_obtained":[{"floor":7.0,"key":"Mercury Hourglass"},{"floor":9.0,"key":"Ancient Tea Set"},{"floor":10.0,"key":"Tiny Chest"},{"floor":12.0,"key":"Kunai"},{"floor":14.0,"key":"Strawberry"},{"floor":24,"key":"Pantograph"},{"floor":26,"key":"Anchor"},{"floor":29,"key":"Art of War"},{"floor":36,"key":"Smiling Mask"},{"floor":41,"key":"Snake Skull"},{"floor":44,"key":"Pen Nib"},{"floor":46,"key":"Bag of Marbles"},{"floor":55,"key":"Orichalcum"}],"event_choices":[{"cards_removed":["Strike_G"],"damage_healed":0.0,"max_hp_gain":0.0,"max_hp_loss":0.0,"gold_gain":0.0,"event_name":"Living Wall","player_choice":"Forget","floor":3.0,"gold_loss":0.0,"damage_taken":0.0},{"damage_healed":0.0,"max_hp_gain":0.0,"max_hp_loss":0.0,"gold_gain":0.0,"event_name":"Scrap Ooze","player_choice":"Success","floor":4.0,"gold_loss":0.0,"damage_taken":5.0,"relics_obtained":["Lantern"]},{"damage_healed":0.0,"max_hp_gain":0.0,"max_hp_loss":0.0,"gold_gain":0.0,"event_name":"The Cleric","player_choice":"Leave","floor":5.0,"gold_loss":0.0,"damage_taken":0.0},{"damage_healed":0.0,"max_hp_gain":0.0,"max_hp_loss":0.0,"gold_gain":100.0,"event_name":"The Joust","player_choice":"Bet on Murderer","floor":19.0,"gold_loss":50.0,"damage_taken":0.0},{"damage_healed":0,"gold_gain":0,"player_choice":"Read","damage_taken":0,"max_hp_gain":0,"max_hp_loss":0,"event_name":"The Library","floor":25,"gold_loss":0,"cards_obtained":["Catalyst"]},{"damage_healed":0,"gold_gain":0,"player_choice":"Bought 0 Potions","damage_taken":0,"max_hp_gain":0,"max_hp_loss":0,"event_name":"The Woman in Blue","floor":30,"gold_loss":0}],"is_beta":false,"boss_relics":[{"not_picked":["Snecko Eye","Empty Cage"],"picked":"Coffee Dripper"},{"not_picked":["Ring of the Serpent","Philosopher\u0027s Stone"],"picked":"Astrolabe"}],"items_purged_floors":[22,39,48],"is_endless":false,"potions_floor_spawned":[1,2,8,11,12,20,24,29,35,37,41,45,46],"ascension_level":20}