{"gold_per_floor":[110,25,25,25,100,100,100,128,210,92,107,122,122,122],"floor_reached":14,"playtime":132,"items_purged":["Strike_B"],"score":222,"play_id":"01517eca-4385-4c56-9327-59e0cd0c36e6","local_time":"20181120160443","is_ascension_mode":true,"campfire_choices":[{"data":"Consume","floor":6,"key":"SMITH"},{"data":"Hologram","floor":13,"key":"SMITH"}],"neow_cost":"NONE","seed_source_timestamp":1746924073985700,"circlet_count":0,"master_deck":["AscendersBane","Strike_B","Strike_B","Strike_B","Defend_B","Defend_B","Defend_B","Defend_B","Zap","Dualcast","Consume+1","Loop+1","Self Repair+1","Hologram+1"],"relics":["Cracked Core","NeowsBlessing","PreservedInsect","Frozen Egg 2","Letter Opener"],"potions_floor_usage":[],"damage_taken":[{"damage":0,"enemies":"2 Louse","floor":1,"turns":1},{"damage":0,"enemies":"3 Sentries","floor":8,"turns":1},{"damage":0,"enemies":"Jaw Worm","floor":11,"turns":1},{"damage":9,"enemies":"Small Slimes","floor":12,"turns":4},{"damage":27,"enemies":"Gremlin Gang","floor":14,"turns":2}],"seed_played":"8488832343293694871","potions_obtained":[{"floor":12,"key":"EssenceOfSteel"}],"is_trial":false,"path_per_floor":["M","$","?","$","?","R","?","E","T","$","M","M","R","M"],"character_chosen":"DEFECT","items_purchased":["Consume","Loop+1"],"campfire_rested":0,"item_purchase_floors":[2,10],"current_hp_per_floor":[64,64,64,64,53,53,42,42,42,42,42,43,43,16],"gold":122,"neow_bonus":"THREE_ENEMY_KILL","is_prod":false,"is_daily":false,"chose_seed":false,"campfire_upgraded":2,"win_rate":0,"timestamp":1542701083,"path_taken":["M","$","?","$","?","R","?","E","T","$","M","?","R","M"],"build_version":"2018-11-15","purchased_purges":1,"victory":false,"max_hp_per_floor":[71,71,71,71,71,71,71,71,71,71,71,71,71,71],"card_choices":[{"not_picked":["Go for the Eyes","Leap","Cold Snap"],"picked":"SKIP","floor":1},{"not_picked":["Sweeping Beam","Static Discharge","Steam"],"picked":"SKIP","floor":8},{"not_picked":["Hologram","Doom and Gloom"],"picked":"Self Repair+1","floor":11},{"not_picked":["Turbo","Conserve Battery"],"picked":"Hologram","floor":12}],"player_experience":580085,"relics_obtained":[{"floor":8,"key":"Frozen Egg 2"},{"floor":9,"key":"Letter Opener"}],"event_choices":[{"damage_healed":0,"gold_gain":0,"player_choice":"Leave","damage_taken":0,"max_hp_gain":0,"max_hp_loss":0,"event_name":"The Cleric","floor":3,"gold_loss":0},{"damage_healed":0,"gold_gain":75,"player_choice":"Gather Gold","damage_taken":11,"max_hp_gain":0,"max_hp_loss":0,"event_name":"World of Goop","floor":5,"gold_loss":0},{"damage_healed":0,"gold_gain":0,"player_choice":"Success","damage_taken":11,"relics_obtained":["PreservedInsect"],"max_hp_gain":0,"max_hp_loss":0,"event_name":"Scrap Ooze","floor":7,"gold_loss":0}],"is_beta":true,"boss_relics":[],"items_purged_floors":[10],"is_endless":false,"potions_floor_spawned":[12],"killed_by":"Gremlin Gang","ascension_level":20}