{"gold_per_floor":[116,23,41,41,58,58,68,83,83,83,102,102,177,190,190,267,267,282,296,309,234,234,234,268,268,268,268,288,179,229,229,229,305,305,317,333,351,351,351],"floor_reached":39,"playtime":1618,"items_purged":["Slice"],"score":867,"play_id":"3fb748e0-5781-471e-ae15-b4a63061800e","local_time":"20181013140245","is_ascension_mode":true,"campfire_choices":[{"data":"Deadly Poison","floor":6,"key":"SMITH"},{"data":"Footwork","floor":10,"key":"SMITH"},{"data":"Catalyst","floor":12,"key":"SMITH"},{"data":"Catalyst","floor":15,"key":"SMITH"},{"data":"Footwork","floor":23,"key":"SMITH"},{"data":"Envenom","floor":25,"key":"SMITH"},{"data":"Glass Knife","floor":32,"key":"SMITH"}],"neow_cost":"NONE","seed_source_timestamp":17257675743738,"circlet_count":0,"master_deck":["Survivor","Neutralize","AscendersBane","Expertise","Masterful Stab","Backflip","Deflect","Deadly Poison+1","Cloak And Dagger","Dodge and Roll","Footwork+1","Envenom+1","Escape Plan","Footwork+1","Deflect","Catalyst+1","Catalyst+1","Deflect","Calculated Gamble","Dodge and Roll","Sucker Punch+1","Glass Knife+1","Backflip","After Image","Cloak And Dagger+1","Crippling Poison+1","Deflect"],"relics":["Pandora\u0027s Box","FossilizedHelix","Coffee Dripper","Pantograph","The Courier","Empty Cage"],"potions_floor_usage":[19,24,36,39],"damage_taken":[{"damage":0,"enemies":"Small Slimes","floor":1,"turns":2},{"damage":0,"enemies":"Cultist","floor":3,"turns":3},{"damage":0,"enemies":"2 Louse","floor":5,"turns":3},{"damage":0,"enemies":"Blue Slaver","floor":7,"turns":3},{"damage":0,"enemies":"3 Louse","floor":8,"turns":3},{"damage":0,"enemies":"Looter","floor":11,"turns":4},{"damage":4,"enemies":"Gremlin Gang","floor":14,"turns":4},{"damage":0,"enemies":"Hexaghost","floor":16,"turns":5},{"damage":12,"enemies":"3 Byrds","floor":18,"turns":4},{"damage":0,"enemies":"2 Thieves","floor":19,"turns":4},{"damage":7,"enemies":"Snecko","floor":20,"turns":6},{"damage":14,"enemies":"Slavers","floor":24,"turns":8},{"damage":0,"enemies":"Snake Plant","floor":28,"turns":4},{"damage":48,"enemies":"Collector","floor":33,"turns":7},{"damage":0,"enemies":"Orb Walker","floor":35,"turns":5},{"damage":0,"enemies":"3 Shapes","floor":36,"turns":4},{"damage":0,"enemies":"Transient","floor":37,"turns":6},{"damage":58,"enemies":"Reptomancer","floor":39,"turns":14}],"seed_played":"3567115562863593265","potions_obtained":[{"floor":5,"key":"GamblersBrew"},{"floor":7,"key":"Fire Potion"},{"floor":19,"key":"GamblersBrew"},{"floor":36,"key":"Swift Potion"}],"is_trial":false,"path_per_floor":["M","$","M","?","M","R","M","M","T","R","M","R","?","M","R","B",null,"M","M","M","?","?","R","E","R","T","?","M","$","?","?","R","B",null,"M","M","M","?"],"character_chosen":"THE_SILENT","items_purchased":["Footwork","Backflip"],"campfire_rested":0,"item_purchase_floors":[2,29],"current_hp_per_floor":[59,59,59,59,59,59,59,59,59,59,59,59,48,44,44,44,61,49,49,42,42,42,42,28,28,28,28,28,28,28,28,28,5,51,51,51,51,51,0],"gold":351,"neow_bonus":"BOSS_RELIC","is_prod":false,"is_daily":false,"chose_seed":false,"campfire_upgraded":7,"win_rate":0,"timestamp":1539410565,"path_taken":["M","$","M","?","?","R","M","M","T","R","M","R","?","M","R","BOSS","M","M","M","?","?","R","E","R","T","?","M","$","?","?","R","BOSS","M","?","M","?","?"],"build_version":"2018-10-11","purchased_purges":1,"victory":false,"max_hp_per_floor":[66,66,66,66,66,66,66,66,66,66,66,66,66,66,66,66,66,66,66,66,66,66,66,66,66,66,66,66,66,66,66,66,66,66,66,66,66,66,66],"card_choices":[{"not_picked":["Acrobatics","Cloak And Dagger"],"picked":"Dodge and Roll","floor":1},{"not_picked":["Sucker Punch","Flying Knee"],"picked":"Envenom","floor":3},{"not_picked":["Prepared","Dagger Throw"],"picked":"Escape Plan","floor":5},{"not_picked":["Poisoned Stab","Deflect"],"picked":"Footwork","floor":7},{"not_picked":["Quick Slash","Backflip"],"picked":"Deflect","floor":8},{"not_picked":["Prepared","Expertise"],"picked":"Catalyst","floor":11},{"not_picked":["Footwork","Dagger Throw"],"picked":"Catalyst","floor":14},{"not_picked":["Poisoned Stab","Blur"],"picked":"Deflect","floor":18},{"not_picked":["Blade Dance","Bane"],"picked":"Calculated Gamble","floor":19},{"not_picked":["PiercingWail","Backstab"],"picked":"Dodge and Roll","floor":20},{"not_picked":["All Out Attack","Flechettes"],"picked":"Sucker Punch+1","floor":24},{"not_picked":["Masterful Stab","Concentrate"],"picked":"Glass Knife","floor":28},{"not_picked":["Adrenaline","A Thousand Cuts"],"picked":"After Image","floor":33},{"not_picked":["Quick Slash","Underhanded Strike"],"picked":"Cloak And Dagger+1","floor":35},{"not_picked":["Expertise","Choke"],"picked":"Crippling Poison+1","floor":36},{"not_picked":["Tactician","Accuracy"],"picked":"Deflect","floor":37}],"player_experience":156476,"relics_obtained":[{"floor":9,"key":"FossilizedHelix"},{"floor":24,"key":"Pantograph"},{"floor":26,"key":"The Courier"}],"event_choices":[{"event_name":"Scrap Ooze","player_choice":"unsuccessful","floor":4,"damage_taken":0},{"event_name":"World of Goop","player_choice":"Gather Gold","floor":13,"damage_taken":0},{"event_name":"Beggar","player_choice":"Gave Gold","floor":21,"damage_taken":0},{"event_name":"Vampires","player_choice":"Ignored","floor":22,"damage_taken":0},{"event_name":"Purifier","player_choice":"One Purge","floor":27,"damage_taken":0},{"event_name":"Nest","player_choice":"Stole From Cult","floor":30,"damage_taken":0},{"event_name":"Forgotten Altar","player_choice":"Smashed Altar","floor":31,"damage_taken":0},{"event_name":"Tomb of Lord Red Mask","player_choice":"Ignored","floor":38,"damage_taken":0}],"is_beta":false,"boss_relics":[{"not_picked":["Calling Bell","Philosopher\u0027s Stone"],"picked":"Coffee Dripper"},{"not_picked":["Runic Dome","White Beast Statue"],"picked":"Empty Cage"}],"items_purged_floors":[29],"is_endless":false,"potions_floor_spawned":[5,7,11,14,19,20,36],"killed_by":"Reptomancer","ascension_level":18}