{"gold_per_floor":[110,124,124,124,124,155,155,155,236,275,275,124,124,143,143,238,238,263,263,1,19,34,34,100,100,100,100,114,114,155,170,170,170],"floor_reached":33,"playtime":965,"items_purged":["Strike_R","Strike_R"],"score":632,"play_id":"acff6e0f-4ccd-4168-9b82-af0492e22946","local_time":"20190320120943","is_ascension_mode":true,"campfire_choices":[{"data":"Bash","floor":7.0,"key":"SMITH"},{"data":"Spot Weakness","floor":11.0,"key":"SMITH"},{"data":"Shrug It Off","floor":13.0,"key":"SMITH"},{"data":"Evolve","floor":15.0,"key":"SMITH"},{"floor":23,"key":"RECALL"},{"data":"Defend_R","floor":25,"key":"SMITH"},{"data":"Defend_R","floor":27,"key":"SMITH"},{"data":"Defend_R","floor":32,"key":"SMITH"}],"neow_cost":"NONE","seed_source_timestamp":2687491144684,"circlet_count":0,"master_deck":["AscendersBane","Strike_R","Strike_R","Defend_R+1","Defend_R+1","Defend_R+1","Defend_R+1","Bash+1","Power Through+1","Shrug It Off+1","Spot Weakness+1","Evolve+1","Sword Boomerang+1","Reaper+1","Dropkick+1"],"special_seed":0,"relics":["Burning Blood","NeowsBlessing","Golden Idol","Meat on the Bone","Bronze Scales","Molten Egg 2","Boot","Runic Dome","Membership Card","Tiny Chest","Self Forming Clay","Ancient Tea Set"],"potions_floor_usage":[24],"damage_taken":[{"damage":0.0,"enemies":"Jaw Worm","floor":1.0,"turns":1.0},{"damage":0.0,"enemies":"2 Louse","floor":2.0,"turns":1.0},{"damage":0.0,"enemies":"Lagavulin","floor":6.0,"turns":1.0},{"damage":39.0,"enemies":"Gremlin Nob","floor":10.0,"turns":4.0},{"damage":0.0,"enemies":"Cultist","floor":14.0,"turns":4.0},{"damage":10,"enemies":"The Guardian","floor":16,"turns":10},{"damage":4,"enemies":"Chosen","floor":18,"turns":4},{"damage":8,"enemies":"Spheric Guardian","floor":21,"turns":5},{"damage":38,"enemies":"Snecko","floor":22,"turns":6},{"damage":33,"enemies":"Gremlin Leader","floor":24,"turns":7},{"damage":5,"enemies":"Cultist and Chosen","floor":28,"turns":7},{"damage":47,"enemies":"Slavers","floor":30,"turns":6},{"damage":15,"enemies":"3 Cultists","floor":31,"turns":5},{"damage":54,"enemies":"Automaton","floor":33,"turns":9}],"seed_played":"-2934194544587952996","potions_obtained":[{"floor":6.0,"key":"BloodPotion"},{"floor":10.0,"key":"SkillPotion"},{"floor":14.0,"key":"GamblersBrew"},{"floor":24,"key":"LiquidBronze"}],"is_trial":false,"path_per_floor":["M","M","?","?","?","E","R","?","T","E","R","$","R","M","R","B",null,"M","?","$","M","M","R","E","R","T","R","M","?","E","M","R","B"],"character_chosen":"IRONCLAD","items_purchased":["Evolve","Membership Card"],"campfire_rested":0,"item_purchase_floors":[12,20],"current_hp_per_floor":[74,75,52,52,34,52,52,52,52,37,37,37,37,43,43,51,64,68,68,68,66,48,48,58,58,58,58,59,59,44,50,50,14],"gold":170,"neow_bonus":"THREE_ENEMY_KILL","is_prod":false,"is_daily":false,"chose_seed":false,"campfire_upgraded":7,"win_rate":0,"timestamp":1553054983,"path_taken":["M","M","?","?","?","E","R","?","T","E","R","$","R","?","R","BOSS","M","?","?","M","M","R","E","R","T","R","M","?","E","?","R","BOSS"],"build_version":"2019-01-23","purchased_purges":2,"victory":false,"max_hp_per_floor":[75,75,75,68,68,68,68,68,68,68,68,68,68,68,68,68,68,68,68,68,68,68,68,68,68,68,68,68,68,68,68,68,68],"card_choices":[{"not_picked":["Cleave","Seeing Red"],"picked":"Power Through","floor":1.0},{"not_picked":["Sword Boomerang","Flex"],"picked":"Shrug It Off","floor":2.0},{"not_picked":["Flex","Brutality","Warcry"],"picked":"SKIP","floor":6.0},{"not_picked":["Flex","Feel No Pain","Havoc"],"picked":"SKIP","floor":10.0},{"not_picked":["Shrug It Off","Cleave+1"],"picked":"Sword Boomerang+1","floor":14.0},{"not_picked":["Impervious","Offering"],"picked":"Reaper+1","floor":16},{"not_picked":["Perfected Strike+1","Pummel+1","Burning Pact"],"picked":"SKIP","floor":18},{"not_picked":["Intimidate","Rampage+1","Anger+1"],"picked":"SKIP","floor":21},{"not_picked":["Iron Wave+1","Headbutt+1","Flex"],"picked":"SKIP","floor":22},{"not_picked":["Twin Strike+1","Dropkick+1","Seeing Red"],"picked":"SKIP","floor":24},{"not_picked":["Reckless Charge+1","Warcry","Heavy Blade+1"],"picked":"SKIP","floor":28},{"not_picked":["Warcry","Corruption","Clash+1"],"picked":"SKIP","floor":30},{"not_picked":["Disarm","Flame Barrier"],"picked":"Dropkick+1","floor":31}],"player_experience":3743926,"relics_obtained":[{"floor":6.0,"key":"Bronze Scales"},{"floor":9.0,"key":"Molten Egg 2"},{"floor":10.0,"key":"Boot"},{"floor":24,"key":"Tiny Chest"},{"floor":26,"key":"Self Forming Clay"},{"floor":30,"key":"Ancient Tea Set"}],"event_choices":[{"damage_healed":0.0,"max_hp_gain":0.0,"max_hp_loss":0.0,"gold_gain":0.0,"event_name":"Shining Light","player_choice":"Entered Light","floor":3.0,"gold_loss":0.0,"damage_taken":23.0,"cards_upgraded":["Defend_R","Power Through"]},{"damage_healed":0.0,"max_hp_gain":0.0,"max_hp_loss":7.0,"gold_gain":0.0,"event_name":"Golden Idol","player_choice":"Lose Max HP","floor":4.0,"gold_loss":0.0,"damage_taken":0.0,"relics_obtained":["Golden Idol"]},{"damage_healed":0.0,"max_hp_gain":0.0,"max_hp_loss":0.0,"gold_gain":0.0,"event_name":"Scrap Ooze","player_choice":"Success","floor":5.0,"gold_loss":0.0,"damage_taken":18.0,"relics_obtained":["Meat on the Bone"]},{"damage_healed":0.0,"max_hp_gain":0.0,"max_hp_loss":0.0,"gold_gain":0.0,"cards_transformed":["Strike_R"],"event_name":"Transmorgrifier","player_choice":"Transformed","floor":8.0,"gold_loss":0.0,"damage_taken":0.0,"cards_obtained":["Spot Weakness"]},{"damage_healed":0,"gold_gain":0,"player_choice":"Got Potions","damage_taken":0,"max_hp_gain":0,"max_hp_loss":0,"event_name":"Lab","floor":19,"gold_loss":0},{"damage_healed":0,"gold_gain":0,"player_choice":"Ignored","damage_taken":0,"max_hp_gain":0,"max_hp_loss":0,"event_name":"Ghosts","floor":29,"gold_loss":0}],"is_beta":false,"boss_relics":[{"not_picked":["Fusion Hammer","Empty Cage"],"picked":"Runic Dome"}],"items_purged_floors":[12,20],"is_endless":false,"potions_floor_spawned":[6,10,14,18,24],"killed_by":"Automaton","ascension_level":20}