{"gold_per_floor":[109,109,129,143,158,158,185,56,81,81,91,105,133,146,146,146],"floor_reached":16,"playtime":489,"items_purged":["Injury"],"score":228,"play_id":"addfe826-1b12-4ce8-b11f-9e158260cf41","local_time":"20190306092748","is_ascension_mode":true,"campfire_choices":[{"data":"Normality","floor":6.0,"key":"PURGE"},{"data":"Deadly Poison","floor":10.0,"key":"SMITH"},{"data":"Parasite","floor":15.0,"key":"PURGE"}],"neow_cost":"NONE","seed_source_timestamp":1278590454691,"circlet_count":0,"master_deck":["AscendersBane","Defend_G","Defend_G","Defend_G","Defend_G","Defend_G","Strike_G","Strike_G","Strike_G","Strike_G","Strike_G","Survivor","Neutralize","Predator","Infinite Blades","All Out Attack","Backflip","Deadly Poison+1","Infinite Blades"],"special_seed":0,"relics":["Calling Bell","Bag of Preparation","Mummified Hand","Peace Pipe","Art of War","Strawberry","Smiling Mask","Meat on the Bone"],"potions_floor_usage":[],"damage_taken":[{"damage":4.0,"enemies":"Small Slimes","floor":1.0,"turns":4.0},{"damage":0.0,"enemies":"Cultist","floor":3.0,"turns":4.0},{"damage":9.0,"enemies":"Jaw Worm","floor":4.0,"turns":7.0},{"damage":7.0,"enemies":"Blue Slaver","floor":5.0,"turns":5.0},{"damage":34.0,"enemies":"Lagavulin","floor":7.0,"turns":8.0},{"damage":0.0,"enemies":"Looter","floor":11.0,"turns":3.0},{"damage":0.0,"enemies":"Red Slaver","floor":12.0,"turns":3.0},{"damage":7.0,"enemies":"3 Sentries","floor":13.0,"turns":5.0},{"damage":3.0,"enemies":"Blue Slaver","floor":14.0,"turns":5.0},{"damage":22,"enemies":"Hexaghost","floor":16,"turns":8}],"seed_played":"-8719798109771279527","potions_obtained":[{"floor":1.0,"key":"GamblersBrew"},{"floor":5.0,"key":"FearPotion"},{"floor":11.0,"key":"Strength Potion"}],"is_trial":false,"path_per_floor":["M","?","M","M","M","R","E","$","T","R","M","M","E","M","R","B"],"character_chosen":"THE_SILENT","items_purchased":["Fire Potion"],"campfire_rested":0,"item_purchase_floors":[8],"current_hp_per_floor":[55,55,55,46,39,39,12,12,12,12,12,12,5,14,14,0],"gold":146,"neow_bonus":"BOSS_RELIC","is_prod":false,"is_daily":false,"chose_seed":false,"campfire_upgraded":1,"win_rate":0,"timestamp":1551835668,"path_taken":["M","?","?","M","?","R","E","$","T","R","M","M","E","M","R","BOSS"],"build_version":"2019-01-23","purchased_purges":1,"victory":false,"max_hp_per_floor":[66,66,66,66,66,66,73,73,73,73,73,73,73,73,70,70],"card_choices":[{"not_picked":["Terror","Crippling Poison"],"picked":"Predator","floor":1.0},{"not_picked":["Skewer","Slice"],"picked":"Infinite Blades","floor":3.0},{"not_picked":["Sucker Punch","Blade Dance"],"picked":"All Out Attack","floor":4.0},{"not_picked":["Slice","Skewer"],"picked":"Backflip","floor":5.0},{"not_picked":["Distraction","Skewer"],"picked":"Deadly Poison","floor":7.0},{"not_picked":["Backflip","Prepared","Crippling Poison"],"picked":"SKIP","floor":11.0},{"not_picked":["Infinite Blades","Outmaneuver","Dagger Spray"],"picked":"SKIP","floor":12.0},{"not_picked":["Outmaneuver","Dagger Spray"],"picked":"Infinite Blades","floor":12.0},{"not_picked":["Flechettes","Deflect","Blade Dance"],"picked":"SKIP","floor":13.0},{"not_picked":["Dagger Throw","Dodge and Roll","Blade Dance"],"picked":"SKIP","floor":14.0}],"player_experience":3345636,"relics_obtained":[{"floor":0.0,"key":"Bag of Preparation"},{"floor":0.0,"key":"Mummified Hand"},{"floor":0.0,"key":"Peace Pipe"},{"floor":7.0,"key":"Strawberry"},{"floor":9.0,"key":"Smiling Mask"},{"floor":13.0,"key":"Meat on the Bone"}],"event_choices":[{"damage_healed":0.0,"max_hp_gain":0.0,"max_hp_loss":0.0,"gold_gain":0.0,"event_name":"WeMeetAgain","player_choice":"Gave Potion","floor":2.0,"gold_loss":0.0,"damage_taken":0.0,"relics_obtained":["Art of War"]}],"is_beta":false,"boss_relics":[],"items_purged_floors":[8],"is_endless":false,"potions_floor_spawned":[1,5,11,12],"killed_by":"Hexaghost","ascension_level":20}