{"path_per_floor":["M","T","M","$","M","R","M","M","T","M","M","R","E","$","R","B",null,"M","?","M","?","?","M"],"character_chosen":"THE_SILENT","items_purchased":["Meat on the Bone"],"gold_per_floor":[110,110,121,121,133,133,146,161,207,218,234,234,267,28,28,124,124,138,138,150,150,150,160],"floor_reached":24,"campfire_rested":0,"playtime":1296,"current_hp_per_floor":[70,70,69,69,69,69,67,61,61,61,52,52,38,38,38,27,70,63,63,47,47,31,36],"items_purged":[],"gold":160,"score":200,"play_id":"e97f90d9-c8c4-49c8-ba00-7d7db2f91f2e","is_prod":false,"is_daily":false,"is_ascension_mode":false,"campfire_upgraded":3,"path_taken":["M","?","M","?","M","R","M","M","T","M","?","R","E","$","R","BOSS","M","?","M","?","?","?","E"],"build_version":"2018-02-15-PROD1","purchased_purges":0,"victory":false,"master_deck":["Defend_G","Defend_G","Defend_G","Defend_G","Defend_G","Strike_G","Strike_G","Strike_G","Strike_G","Strike_G","Survivor","Neutralize","Prepared+1","Deadly Poison","Noxious Fumes+1","Prepared+1","Eviscerate","Die Die Die","Neutralize","Night Terror","Normality","Necronomicurse","Backstab+1"],"max_hp_per_floor":[70,70,70,70,70,70,70,70,70,70,70,70,70,70,70,70,70,70,70,70,70,70,70],"relics":["Ring of the Snake","Blue Candle","Oddly Smooth Stone","Blood Vial","Meat on the Bone","Runic Pyramid","Ninja Scroll","Necronomicon"],"card_choices":[{"not_picked":["Dagger Spray","Slice"],"picked":"Prepared"},{"not_picked":["Dagger Spray","Outmaneuver"],"picked":"Deadly Poison"},{"not_picked":["Backflip","Deflect"],"picked":"Noxious Fumes"},{"not_picked":["Quick Slash","Dodge and Roll"],"picked":"Prepared"},{"not_picked":["Deflect","Poisoned Stab"],"picked":"Eviscerate"},{"not_picked":["Bullet Time","Corpse Explosion"],"picked":"Die Die Die"},{"not_picked":["Slice","Heel Hook"],"picked":"Backstab"}],"player_experience":80217,"potions_floor_usage":[8,18,20,24],"damage_taken":[{"damage":0,"enemies":"Cultist","floor":1,"turns":4},{"damage":1,"enemies":"Jaw Worm","floor":3,"turns":6},{"damage":0,"enemies":"Small Slimes","floor":5,"turns":3},{"damage":2,"enemies":"Exordium Thugs","floor":7,"turns":5},{"damage":6,"enemies":"Lots of Slimes","floor":8,"turns":2},{"damage":0,"enemies":"Blue Slaver","floor":10,"turns":4},{"damage":9,"enemies":"Exordium Wildlife","floor":11,"turns":4},{"damage":14,"enemies":"3 Sentries","floor":13,"turns":8},{"damage":25,"enemies":"Hexaghost","floor":16,"turns":10},{"damage":7,"enemies":"Chosen","floor":18,"turns":6},{"damage":18,"enemies":"Shell Parasite","floor":20,"turns":8},{"damage":9,"enemies":"Centurion and Healer","floor":23,"turns":8},{"damage":40,"enemies":"Slavers","floor":24,"turns":3}],"event_choices":[{"event_name":"Match and Keep!","player_choice":"2 cards matched","floor":19,"damage_taken":0},{"event_name":"Accursed Blacksmith","player_choice":"Rummage","floor":21,"damage_taken":0},{"event_name":"Cursed Tome","player_choice":"Obtained Book","floor":22,"damage_taken":0}],"boss_relics":[{"not_picked":["Tiny House","Orrery"],"picked":"Runic Pyramid"}],"potions_floor_spawned":[5,8,10,16],"seed_played":"-2728364184216271080","killed_by":"Slavers","ascension_level":0,"is_trial":false}