{"gold_per_floor":[13,13,27,27,44,44,76,8,8,24,35,65,81,5,5,80,80,92,7,7,19,35,35,35],"floor_reached":24,"playtime":779,"items_purged":[],"score":347,"play_id":"b74d51e0-f7b4-4a45-ad6a-87acfabf66a2","local_time":"20190405203433","is_ascension_mode":true,"campfire_choices":[{"data":"Zap","floor":6,"key":"SMITH"},{"floor":15,"key":"REST"},{"data":"Chaos","floor":23,"key":"SMITH"}],"neow_cost":"NO_GOLD","seed_source_timestamp":0,"circlet_count":0,"master_deck":["AscendersBane","Strike_B","Strike_B","Strike_B","Strike_B","Defend_B","Defend_B","Defend_B","Defend_B","Zap+1","Dualcast","Electrodynamics","Coolheaded","Conserve Battery","Storm","Consume","Rainbow","Tempest","Chaos+1","Capacitor","Seek","Compile Driver","Conserve Battery"],"relics":["Cracked Core","Regal Pillow","Sundial","Blood Vial","Ornamental Fan","Coffee Dripper","Calipers"],"potions_floor_usage":[7,11,16,22,22],"damage_taken":[{"damage":2,"enemies":"Jaw Worm","floor":1,"turns":3},{"damage":6,"enemies":"Cultist","floor":3,"turns":4},{"damage":0,"enemies":"Small Slimes","floor":5,"turns":3},{"damage":25,"enemies":"Lagavulin","floor":7,"turns":9},{"damage":9,"enemies":"Exordium Thugs","floor":10,"turns":4},{"damage":0,"enemies":"Exordium Wildlife","floor":11,"turns":3},{"damage":16,"enemies":"3 Louse","floor":13,"turns":3},{"damage":31,"enemies":"Slime Boss","floor":16,"turns":8},{"damage":10,"enemies":"Shell Parasite","floor":18,"turns":7},{"damage":22,"enemies":"2 Thieves","floor":21,"turns":3},{"damage":16,"enemies":"Chosen and Byrds","floor":22,"turns":6},{"damage":21,"enemies":"Centurion and Healer","floor":24,"turns":2}],"seed_played":"8032568212113965186","potions_obtained":[{"floor":1,"key":"Explosive Potion"},{"floor":5,"key":"SpeedPotion"},{"floor":10,"key":"GamblersBrew"},{"floor":11,"key":"AttackPotion"},{"floor":18,"key":"LiquidBronze"}],"is_trial":false,"path_per_floor":["M","?","M","T","M","R","E","$","T","M","M","?","M","$","R","B",null,"M","?","$","M","M","R","M"],"character_chosen":"DEFECT","items_purchased":["Consume","Capacitor"],"campfire_rested":1,"item_purchase_floors":[8,14],"current_hp_per_floor":[62,57,51,51,51,51,26,26,26,19,21,21,7,7,43,14,57,49,49,49,29,15,15,0],"gold":35,"neow_bonus":"THREE_RARE_CARDS","is_prod":false,"is_daily":false,"chose_seed":true,"campfire_upgraded":2,"win_rate":0,"timestamp":1554467673,"path_taken":["M","?","M","?","M","R","E","$","T","?","?","?","M","?","R","BOSS","M","?","$","M","M","R","M"],"build_version":"2019-01-23","purchased_purges":0,"victory":false,"max_hp_per_floor":[71,71,71,71,71,71,71,71,71,71,71,71,71,71,71,71,71,71,71,71,71,71,71,71],"card_choices":[{"not_picked":["Meteor Strike","Echo Form"],"picked":"Electrodynamics","floor":0},{"not_picked":["Doom and Gloom","Steam Power","Go for the Eyes"],"picked":"SKIP","floor":1},{"not_picked":["Beam Cell","Lockon"],"picked":"Coolheaded","floor":3},{"not_picked":["Steam","Hello World"],"picked":"Conserve Battery","floor":5},{"not_picked":["Barrage","Go for the Eyes"],"picked":"Storm","floor":7},{"not_picked":["Storm","Streamline"],"picked":"Rainbow","floor":10},{"not_picked":["Streamline","Steam"],"picked":"Tempest","floor":11},{"not_picked":["Melter","Redo"],"picked":"Chaos","floor":13},{"not_picked":["Reboot","Multi-Cast"],"picked":"Seek","floor":16},{"not_picked":["Redo","Capacitor"],"picked":"Compile Driver","floor":18},{"not_picked":["Tempest","Steam Power","Sweeping Beam"],"picked":"SKIP","floor":21},{"not_picked":["Beam Cell+1","Redo"],"picked":"Conserve Battery","floor":22}],"player_experience":1333727,"relics_obtained":[{"floor":4,"key":"Sundial"},{"floor":7,"key":"Blood Vial"},{"floor":9,"key":"Ornamental Fan"}],"event_choices":[{"damage_healed":0,"gold_gain":0,"player_choice":"Success","damage_taken":5,"relics_obtained":["Regal Pillow"],"max_hp_gain":0,"max_hp_loss":0,"event_name":"Scrap Ooze","floor":2,"gold_loss":0},{"damage_healed":0,"gold_gain":30,"player_choice":"Searched \u00271\u0027 times","damage_taken":0,"max_hp_gain":0,"max_hp_loss":0,"event_name":"Dead Adventurer","floor":12,"gold_loss":0},{"damage_healed":0,"gold_gain":0,"player_choice":"Obtained Relic","damage_taken":0,"relics_obtained":["Calipers"],"max_hp_gain":0,"max_hp_loss":0,"event_name":"Addict","floor":19,"gold_loss":85}],"is_beta":false,"boss_relics":[{"not_picked":["FrozenCore","Velvet Choker"],"picked":"Coffee Dripper"}],"items_purged_floors":[],"is_endless":false,"potions_floor_spawned":[1,5,10,11,18],"killed_by":"Centurion and Healer","ascension_level":15}