{"gold_per_floor":[119,29,43,59,59,59,86,86,157,157,117,117,144,160,160,239,239],"floor_reached":17,"playtime":607,"items_purged":[],"score":326,"play_id":"f8f6fc4a-ffce-4b1f-a6a5-6ec2145f97b8","local_time":"20190123210446","is_ascension_mode":true,"campfire_choices":[{"data":"Noxious Fumes","floor":6.0,"key":"SMITH"},{"data":"Neutralize","floor":10.0,"key":"SMITH"},{"data":"Venomology","floor":12.0,"key":"SMITH"},{"data":"Poisoned Stab","floor":15.0,"key":"SMITH"}],"neow_cost":"CURSE","seed_source_timestamp":27429846797768,"circlet_count":0,"master_deck":["AscendersBane","Defend_G","Defend_G","Defend_G","Defend_G","Defend_G","Strike_G","Strike_G","Strike_G","Strike_G","Strike_G","Survivor","Neutralize+1","Clumsy","Venomology+1","Noxious Fumes+1","Masterful Stab","Poisoned Stab+1","Malaise"],"special_seed":0,"relics":["Ring of the Snake","Potion Belt","Shuriken","Pen Nib","Orrery"],"potions_floor_usage":[16,16],"damage_taken":[{"damage":2.0,"enemies":"Jaw Worm","floor":1.0,"turns":7.0},{"damage":0.0,"enemies":"2 Louse","floor":3.0,"turns":4.0},{"damage":0.0,"enemies":"Small Slimes","floor":4.0,"turns":6.0},{"damage":15.0,"enemies":"3 Sentries","floor":7.0,"turns":7.0},{"damage":0.0,"enemies":"Looter","floor":11.0,"turns":4.0},{"damage":7.0,"enemies":"Lagavulin","floor":13.0,"turns":8.0},{"damage":10.0,"enemies":"Exordium Thugs","floor":14.0,"turns":6.0},{"damage":43,"enemies":"Slime Boss","floor":16,"turns":9}],"seed_played":"6350216116899276661","potions_obtained":[{"floor":7.0,"key":"Dexterity Potion"},{"floor":14.0,"key":"FairyPotion"},{"floor":16,"key":"Block Potion"}],"is_trial":false,"path_per_floor":["M","$","M","M","$","R","E","?","T","R","M","R","E","M","R","B",null],"character_chosen":"THE_SILENT","items_purchased":["Noxious Fumes"],"campfire_rested":0,"item_purchase_floors":[2],"current_hp_per_floor":[57,57,57,57,57,57,42,42,42,42,42,42,50,40,40,6,6],"gold":239,"neow_bonus":"THREE_RARE_CARDS","is_prod":false,"is_daily":false,"chose_seed":false,"campfire_upgraded":4,"win_rate":0,"timestamp":1548248686,"path_taken":["M","$","M","M","$","R","E","?","T","R","M","R","E","M","R","BOSS"],"build_version":"2019-01-17v2","purchased_purges":0,"victory":false,"max_hp_per_floor":[66,66,66,66,66,66,66,66,66,66,66,66,66,66,66,66,66],"card_choices":[{"not_picked":["Envenom","Die Die Die"],"picked":"Venomology","floor":0.0},{"not_picked":["Heel Hook","Crippling Poison","Choke"],"picked":"SKIP","floor":1.0},{"not_picked":["Prepared","Quick Slash","Sucker Punch"],"picked":"SKIP","floor":3.0},{"not_picked":["Infinite Blades","Endless Agony"],"picked":"Masterful Stab","floor":4.0},{"not_picked":["Concentrate","Acrobatics","Blade Dance"],"picked":"SKIP","floor":7.0},{"not_picked":["Flying Knee","Concentrate","Bane"],"picked":"SKIP","floor":11.0},{"not_picked":["Sucker Punch","Deflect","Underhanded Strike"],"picked":"SKIP","floor":13.0},{"not_picked":["Sucker Punch","Expertise"],"picked":"Poisoned Stab","floor":14.0},{"not_picked":["Envenom","Doppelganger"],"picked":"Malaise","floor":16}],"player_experience":2178467,"relics_obtained":[{"floor":7.0,"key":"Potion Belt"},{"floor":9.0,"key":"Shuriken"},{"floor":13.0,"key":"Pen Nib"}],"event_choices":[{"damage_healed":0.0,"max_hp_gain":0.0,"max_hp_loss":0.0,"gold_gain":0.0,"event_name":"Liars Game","player_choice":"Ignored","floor":8.0,"gold_loss":0.0,"damage_taken":0.0}],"is_beta":false,"boss_relics":[{"not_picked":["Black Star","Ectoplasm"],"picked":"Orrery"}],"items_purged_floors":[],"is_endless":false,"potions_floor_spawned":[7,14,16],"ascension_level":20}