{"gold_per_floor":[118,132,282,207,225,225,225,225,249,249,249,249,307,317,317,317],"floor_reached":16,"playtime":267,"items_purged":["Doubt"],"score":180,"play_id":"79477c02-8a2a-4a61-b3fd-8f5ae455aadc","local_time":"20190602191227","is_ascension_mode":true,"campfire_choices":[{"data":"Spot Weakness","floor":6,"key":"SMITH"},{"data":"Second Wind","floor":8,"key":"SMITH"},{"data":"Bash","floor":12,"key":"SMITH"},{"data":"Inflame","floor":15,"key":"SMITH"}],"neow_cost":"PERCENT_DAMAGE","seed_source_timestamp":95455282076713,"circlet_count":0,"master_deck":["AscendersBane","Strike_R","Strike_R","Strike_R","Strike_R","Strike_R","Defend_R","Defend_R","Defend_R","Defend_R","Bash+1","Panache","Spot Weakness+1","Second Wind+1","Berserk","Inflame+1"],"relics":["Burning Blood","PreservedInsect","Vajra"],"potions_floor_usage":[10,14],"damage_taken":[{"damage":7,"enemies":"Cultist","floor":1,"turns":4},{"damage":9,"enemies":"Small Slimes","floor":2,"turns":4},{"damage":14,"enemies":"Jaw Worm","floor":5,"turns":4},{"damage":0,"enemies":"Exordium Thugs","floor":10,"turns":1},{"damage":39,"enemies":"Gremlin Nob","floor":13,"turns":4},{"damage":1,"enemies":"3 Louse","floor":14,"turns":3},{"damage":57,"enemies":"Slime Boss","floor":16,"turns":3}],"seed_played":"2087808061253560945","potions_obtained":[{"floor":1,"key":"SmokeBomb"},{"floor":13,"key":"Fire Potion"},{"floor":14,"key":"Ancient Potion"}],"is_trial":false,"path_per_floor":["M","M","?","$","M","R","?","R","T","M","?","R","?","M","R","B"],"character_chosen":"IRONCLAD","items_purchased":[],"campfire_rested":0,"item_purchase_floors":[],"current_hp_per_floor":[49,46,46,46,38,38,31,31,31,37,42,42,9,14,14,0],"gold":317,"neow_bonus":"RANDOM_COLORLESS_2","is_prod":false,"is_daily":false,"chose_seed":false,"campfire_upgraded":4,"win_rate":0,"timestamp":1559473947,"path_taken":["M","M","?","$","M","R","?","R","T","M","?","R","?","?","R","BOSS"],"build_version":"2019-01-23","purchased_purges":1,"victory":false,"max_hp_per_floor":[75,75,75,75,75,75,75,75,75,75,80,80,80,80,80,80],"card_choices":[{"not_picked":["Cleave","Iron Wave"],"picked":"Spot Weakness","floor":1},{"not_picked":["Hemokinesis","Headbutt","Warcry"],"picked":"SKIP","floor":2},{"not_picked":["Body Slam","Havoc"],"picked":"Second Wind","floor":5},{"not_picked":["Whirlwind","Heavy Blade"],"picked":"Berserk","floor":13},{"not_picked":["Body Slam","Havoc"],"picked":"Inflame","floor":14}],"player_experience":5013127,"relics_obtained":[{"floor":9,"key":"PreservedInsect"},{"floor":13,"key":"Vajra"}],"event_choices":[{"damage_healed":0,"gold_gain":150,"player_choice":"AGREE","damage_taken":0,"max_hp_gain":0,"max_hp_loss":0,"event_name":"Liars Game","floor":3,"gold_loss":0,"cards_obtained":["Doubt"]},{"cards_removed":["Mind Blast"],"damage_healed":0,"gold_gain":0,"player_choice":"Card Removal","damage_taken":7,"max_hp_gain":0,"max_hp_loss":0,"event_name":"Golden Wing","floor":7,"gold_loss":0},{"damage_healed":0,"gold_gain":0,"player_choice":"Donut","damage_taken":0,"max_hp_gain":5,"max_hp_loss":0,"event_name":"Big Fish","floor":11,"gold_loss":0},{"damage_healed":0,"gold_gain":0,"player_choice":"Searched \u00271\u0027 times","damage_taken":0,"max_hp_gain":0,"max_hp_loss":0,"event_name":"Dead Adventurer","floor":13,"gold_loss":0}],"is_beta":false,"boss_relics":[],"items_purged_floors":[4],"is_endless":false,"potions_floor_spawned":[1,10,13,14],"killed_by":"Slime Boss","ascension_level":20}