{"gold_per_floor":[111,36,211,87,87,87,122,142,142,162,198,231,275,291,291,411,411,435,435,455,468,42,42,76,76,76,76,76,95,130,145,145,145],"floor_reached":33,"playtime":1210,"items_purged":["Strike_B","Doubt","Defend_B"],"score":605,"play_id":"4ace72d5-1136-4234-928b-03955338e644","local_time":"20181026134440","is_ascension_mode":true,"campfire_choices":[{"data":"Zap","floor":6,"key":"SMITH"},{"data":"Blizzard","floor":15,"key":"SMITH"},{"data":"Buffer","floor":23,"key":"SMITH"},{"data":"Coolheaded","floor":25,"key":"SMITH"},{"data":"Streamline","floor":27,"key":"SMITH"},{"data":"Dualcast","floor":32,"key":"SMITH"}],"neow_cost":"NONE","seed_source_timestamp":79754109451810,"circlet_count":0,"master_deck":["Strike_B","Strike_B","Strike_B","Defend_B","Defend_B","Defend_B","Zap+1","Dualcast+1","AscendersBane","Cold Snap","Coolheaded+1","Streamline+1","Blizzard+1","Chill","Leap","Buffer+1"],"relics":["Cracked Core","NeowsBlessing","Golden Idol","Potion Belt","Cables","FossilizedHelix","Odd Mushroom","Bag of Preparation","Busted Crown","Thread and Needle","Bronze Scales","Mercury Hourglass","Nunchaku","PreservedInsect"],"potions_floor_usage":[11,13,16,16,30,33],"damage_taken":[{"damage":0,"enemies":"Cultist","floor":1,"turns":1},{"damage":0,"enemies":"Lagavulin","floor":7,"turns":1},{"damage":0,"enemies":"Jaw Worm","floor":8,"turns":1},{"damage":3,"enemies":"Small Slimes","floor":10,"turns":3},{"damage":6,"enemies":"Gremlin Nob","floor":11,"turns":3},{"damage":11,"enemies":"The Mushroom Lair","floor":12,"turns":4},{"damage":0,"enemies":"Lagavulin","floor":13,"turns":6},{"damage":7,"enemies":"3 Louse","floor":14,"turns":3},{"damage":17,"enemies":"Hexaghost","floor":16,"turns":10},{"damage":0,"enemies":"Chosen","floor":18,"turns":6},{"damage":9,"enemies":"Colosseum Slavers","floor":19,"turns":6},{"damage":0,"enemies":"Shell Parasite","floor":20,"turns":9},{"damage":0,"enemies":"Centurion and Healer","floor":21,"turns":8},{"damage":16,"enemies":"Slavers","floor":24,"turns":6},{"damage":0,"enemies":"Shelled Parasite and Fungi","floor":29,"turns":5},{"damage":0,"enemies":"Book of Stabbing","floor":30,"turns":5},{"damage":0,"enemies":"Snecko","floor":31,"turns":3},{"damage":50,"enemies":"Champ","floor":33,"turns":14}],"seed_played":"3162529947550158893","potions_obtained":[{"floor":10,"key":"SteroidPotion"},{"floor":11,"key":"Fire Potion"},{"floor":13,"key":"LiquidBronze"},{"floor":14,"key":"Weak Potion"},{"floor":18,"key":"Strength Potion"},{"floor":24,"key":"Weak Potion"},{"floor":29,"key":"Explosive Potion"}],"is_trial":false,"path_per_floor":["M","$","?","$","?","R","E","M","T","M","E","?","E","M","R","B",null,"M","?","M","M","$","R","E","R","T","R","?","M","E","M","R"],"character_chosen":"DEFECT","items_purchased":["Coolheaded","Thread and Needle"],"campfire_rested":0,"item_purchase_floors":[4,22],"current_hp_per_floor":[68,68,68,68,68,68,68,68,68,65,59,48,48,41,41,24,58,58,49,49,49,49,49,33,33,33,33,33,33,33,33,33,0],"gold":145,"neow_bonus":"THREE_ENEMY_KILL","is_prod":false,"is_daily":false,"chose_seed":false,"campfire_upgraded":6,"win_rate":0,"timestamp":1540532680,"path_taken":["M","$","?","$","?","R","E","M","T","?","E","?","E","M","R","BOSS","M","?","M","M","$","R","E","R","T","R","?","M","E","M","R","BOSS"],"build_version":"2018-10-25","purchased_purges":3,"victory":false,"max_hp_per_floor":[75,75,75,75,69,69,69,69,69,69,69,69,69,69,69,69,69,69,69,69,69,69,69,69,69,69,69,69,69,69,69,69,69],"card_choices":[{"not_picked":["Streamline","Go for the Eyes"],"picked":"Cold Snap","floor":1},{"not_picked":["Fusion","Genetic Algorithm"],"picked":"Streamline","floor":7},{"not_picked":["Steam","Gash"],"picked":"Blizzard","floor":8},{"not_picked":["Undo","Skim","Barrage"],"picked":"SKIP","floor":10},{"not_picked":["Amplify","Steam","Static Discharge"],"picked":"SKIP","floor":11},{"not_picked":["Gash","Electrodynamics"],"picked":"Chill","floor":13},{"not_picked":["Reinforced Body","Skim"],"picked":"Leap","floor":14},{"not_picked":["Fission","Rainbow"],"picked":"Buffer","floor":16},{"not_picked":["Fusion"],"picked":"SKIP","floor":18},{"not_picked":["Conserve Battery"],"picked":"SKIP","floor":20},{"not_picked":["Reprogram"],"picked":"SKIP","floor":21},{"not_picked":["Steam+1"],"picked":"SKIP","floor":24},{"not_picked":["Fusion"],"picked":"SKIP","floor":29},{"not_picked":["Sweeping Beam"],"picked":"SKIP","floor":30},{"not_picked":["Sunder"],"picked":"SKIP","floor":31}],"player_experience":397741,"relics_obtained":[{"floor":7,"key":"Potion Belt"},{"floor":9,"key":"Cables"},{"floor":11,"key":"FossilizedHelix"},{"floor":12,"key":"Odd Mushroom"},{"floor":13,"key":"Bag of Preparation"},{"floor":24,"key":"Bronze Scales"},{"floor":26,"key":"Mercury Hourglass"},{"floor":30,"key":"PreservedInsect"}],"event_choices":[{"damage_healed":0,"gold_gain":175,"player_choice":"AGREE","damage_taken":0,"max_hp_gain":0,"max_hp_loss":0,"event_name":"Liars Game","floor":3,"gold_loss":0,"cards_obtained":["Doubt"]},{"damage_healed":0,"gold_gain":0,"player_choice":"Lose Max HP","damage_taken":0,"relics_obtained":["Golden Idol"],"max_hp_gain":0,"max_hp_loss":6,"event_name":"Golden Idol","floor":5,"gold_loss":0},{"damage_healed":0,"gold_gain":0,"player_choice":"Fought Mushrooms","damage_taken":0,"max_hp_gain":0,"max_hp_loss":0,"event_name":"Mushrooms","floor":12,"gold_loss":0},{"damage_healed":0,"gold_gain":0,"player_choice":"Fight","damage_taken":0,"max_hp_gain":0,"max_hp_loss":0,"event_name":"Colosseum","floor":19,"gold_loss":0},{"damage_healed":0,"gold_gain":0,"player_choice":"Fled From Nobs","damage_taken":0,"max_hp_gain":0,"max_hp_loss":0,"event_name":"Colosseum","floor":19,"gold_loss":0},{"damage_healed":0,"gold_gain":0,"player_choice":"Opened","damage_taken":0,"relics_obtained":["Nunchaku"],"max_hp_gain":0,"max_hp_loss":0,"event_name":"The Mausoleum","floor":28,"gold_loss":0}],"is_beta":false,"boss_relics":[{"not_picked":["Eternal Feather","Velvet Choker"],"picked":"Busted Crown"}],"items_purged_floors":[2,4,22],"is_endless":false,"potions_floor_spawned":[10,11,13,14,18,19,24,29],"killed_by":"Champ","ascension_level":12}