{"gold_per_floor":[110,185,9,9,34,34,72,97,175,208,229,229,229,242,242,335,335,359,384,33,67,67,67,67,117,117,117,130,155,155,155],"floor_reached":31,"playtime":1054,"items_purged":["Strike_B","Strike_B"],"score":540,"play_id":"48fb004b-4aa1-4858-889d-3c7dea0554e0","local_time":"20190312174825","is_ascension_mode":true,"campfire_choices":[{"data":"Discovery","floor":6.0,"key":"SMITH"},{"data":"Dualcast","floor":12.0,"key":"SMITH"},{"data":"White Noise","floor":15.0,"key":"SMITH"},{"data":"Turbo","floor":23.0,"key":"SMITH"},{"data":"Hologram","floor":27.0,"key":"SMITH"},{"floor":30.0,"key":"REST"}],"neow_cost":"NONE","seed_source_timestamp":17834419278920,"circlet_count":0,"master_deck":["AscendersBane","Defend_B","Defend_B","Defend_B","Defend_B","Zap","Dualcast+1","Cold Snap","Discovery+1","Capacitor","White Noise+1","Undo","Reboot","Turbo+1","Hologram+1","Conserve Battery"],"special_seed":0,"relics":["Cracked Core","NeowsBlessing","Golden Idol","Omamori","Pear","Bronze Scales","Busted Crown","Membership Card","Bag of Preparation","Red Mask","The Courier"],"potions_floor_usage":[],"damage_taken":[{"damage":0.0,"enemies":"2 Louse","floor":1.0,"turns":1.0},{"damage":0.0,"enemies":"Jaw Worm","floor":5.0,"turns":1.0},{"damage":0.0,"enemies":"Lagavulin","floor":7.0,"turns":1.0},{"damage":0.0,"enemies":"Small Slimes","floor":8.0,"turns":4.0},{"damage":41.0,"enemies":"3 Sentries","floor":10.0,"turns":7.0},{"damage":2.0,"enemies":"Looter","floor":11.0,"turns":3.0},{"damage":0.0,"enemies":"Large Slime","floor":14.0,"turns":5.0},{"damage":21.0,"enemies":"The Guardian","floor":16.0,"turns":10.0},{"damage":34.0,"enemies":"2 Thieves","floor":18.0,"turns":3.0},{"damage":11.0,"enemies":"Spheric Guardian","floor":19.0,"turns":5.0},{"damage":13.0,"enemies":"Masked Bandits","floor":21.0,"turns":4.0},{"damage":0.0,"enemies":"Cultist and Chosen","floor":22.0,"turns":1.0},{"damage":4.0,"enemies":"Snake Plant","floor":28.0,"turns":5.0},{"damage":0.0,"enemies":"Centurion and Healer","floor":29.0,"turns":7.0},{"damage":9,"enemies":"Cultist and Chosen","floor":31,"turns":3}],"seed_played":"-4859886460911328766","potions_obtained":[{"floor":7.0,"key":"SpeedPotion"},{"floor":10.0,"key":"Regen Potion"},{"floor":16.0,"key":"Poison Potion"},{"floor":18.0,"key":"Regen Potion"},{"floor":21.0,"key":"SmokeBomb"},{"floor":28.0,"key":"Explosive Potion"},{"floor":29.0,"key":"LiquidBronze"}],"is_trial":false,"path_per_floor":["M","?","$","?","M","R","E","M","T","E","M","R","?","M","R","B",null,"M","M","$","?","M","R","?","?","T","R","M","M","R","M"],"character_chosen":"DEFECT","items_purchased":["Discovery","Membership Card","Bag of Preparation"],"campfire_rested":1,"item_purchase_floors":[3,20,20],"current_hp_per_floor":[64,53,53,53,53,53,53,53,63,22,20,20,20,20,20,14,59,25,28,28,15,15,15,15,15,15,15,11,11,33,24],"gold":155,"neow_bonus":"THREE_ENEMY_KILL","is_prod":false,"is_daily":false,"chose_seed":false,"campfire_upgraded":5,"win_rate":0,"timestamp":1552384105,"path_taken":["M","?","$","?","M","R","E","M","T","E","M","R","?","?","R","BOSS","M","M","$","?","M","R","?","?","T","R","M","M","R","M"],"build_version":"2019-01-23","purchased_purges":2,"victory":false,"max_hp_per_floor":[71,71,71,64,64,64,64,64,74,74,74,74,74,74,74,74,74,74,74,74,74,74,74,74,74,74,74,74,74,74,74],"card_choices":[{"not_picked":["Steam","Gash"],"picked":"Cold Snap","floor":1.0},{"not_picked":["Hello World","Coolheaded"],"picked":"Capacitor","floor":5.0},{"not_picked":["Conserve Battery","Cold Snap","Redo"],"picked":"SKIP","floor":7.0},{"not_picked":["Double Energy","Storm"],"picked":"White Noise","floor":8.0},{"not_picked":["Stack","Steam","Go for the Eyes"],"picked":"SKIP","floor":10.0},{"not_picked":["Compile Driver","Chill"],"picked":"Undo","floor":11.0},{"not_picked":["Barrage","Reprogram","Storm"],"picked":"SKIP","floor":14.0},{"not_picked":["Multi-Cast","Hyperbeam"],"picked":"Reboot","floor":16.0},{"not_picked":["Scrape"],"picked":"SKIP","floor":18.0},{"not_picked":["Auto Shields"],"picked":"SKIP","floor":19.0},{"not_picked":[],"picked":"Turbo","floor":21.0},{"not_picked":["FTL"],"picked":"SKIP","floor":28.0},{"not_picked":["Reprogram"],"picked":"SKIP","floor":29.0}],"player_experience":3520947,"relics_obtained":[{"floor":7.0,"key":"Omamori"},{"floor":9.0,"key":"Pear"},{"floor":10.0,"key":"Bronze Scales"},{"floor":21.0,"key":"Red Mask"},{"floor":26.0,"key":"The Courier"}],"event_choices":[{"damage_healed":0.0,"max_hp_gain":0.0,"max_hp_loss":0.0,"gold_gain":75.0,"event_name":"World of Goop","player_choice":"Gather Gold","floor":2.0,"gold_loss":0.0,"damage_taken":11.0},{"damage_healed":0.0,"max_hp_gain":0.0,"max_hp_loss":7.0,"gold_gain":0.0,"event_name":"Golden Idol","player_choice":"Lose Max HP","floor":4.0,"gold_loss":0.0,"damage_taken":0.0,"relics_obtained":["Golden Idol"]},{"damage_healed":0.0,"max_hp_gain":0.0,"max_hp_loss":0.0,"gold_gain":0.0,"event_name":"Lab","player_choice":"Got Potions","floor":13.0,"gold_loss":0.0,"damage_taken":0.0},{"damage_healed":0.0,"max_hp_gain":0.0,"max_hp_loss":0.0,"gold_gain":0.0,"event_name":"Masked Bandits","player_choice":"Fought Bandits","floor":21.0,"gold_loss":0.0,"damage_taken":0.0},{"damage_healed":0.0,"max_hp_gain":0.0,"max_hp_loss":0.0,"gold_gain":0.0,"cards_transformed":["Strike_B","Strike_B"],"event_name":"Drug Dealer","player_choice":"Became Test Subject","floor":24.0,"gold_loss":0.0,"damage_taken":0.0,"cards_obtained":["Hologram","Conserve Battery"]},{"damage_healed":0.0,"max_hp_gain":0.0,"max_hp_loss":0.0,"gold_gain":100.0,"event_name":"The Joust","player_choice":"Bet on Murderer","floor":25.0,"gold_loss":50.0,"damage_taken":0.0}],"is_beta":false,"boss_relics":[{"not_picked":["Philosopher\u0027s Stone","Pandora\u0027s Box"],"picked":"Busted Crown"}],"items_purged_floors":[3,20],"is_endless":false,"potions_floor_spawned":[7,10,14,16,18,21,28,29],"killed_by":"Cultist and Chosen","ascension_level":20}