{"gold_per_floor":[113,113,125,125,50,50,68,68,143,162,162,37,60,80,80,178,178,193,193,14,14,37,37,87,87,166,75,111,111,131,154,154,250,250,271,271,296,314,19,19,50,109,109,109,132,132,157,195,195,195,195,195,195,39,73,73],"floor_reached":57,"playtime":5602,"items_purged":["Defend_B","Strike_B"],"score":2715,"play_id":"9751e978-50d1-4b62-a9ba-c81f3154afe5","local_time":"20190503235636","is_ascension_mode":true,"campfire_choices":[{"data":"Dualcast","floor":6.0,"key":"SMITH"},{"data":"Coolheaded","floor":8.0,"key":"SMITH"},{"data":"Zap","floor":15.0,"key":"SMITH"},{"data":"Biased Cognition","floor":23.0,"key":"SMITH"},{"data":"Coolheaded","floor":25.0,"key":"SMITH"},{"data":"Skim","floor":29.0,"key":"SMITH"},{"data":"Loop","floor":32.0,"key":"SMITH"},{"data":"Buffer","floor":40.0,"key":"SMITH"},{"floor":46.0,"key":"RECALL"},{"data":"Calculated Gamble","floor":49.0,"key":"SMITH"},{"data":"Impatience","floor":53.0,"key":"SMITH"}],"neow_cost":"PERCENT_DAMAGE","seed_source_timestamp":50219590255950,"circlet_count":0,"master_deck":["AscendersBane","Defend_B","Defend_B","Zap+1","Dualcast+1","Tempest","Coolheaded+1","Coolheaded+1","Ball Lightning","Compile Driver","Genetic Algorithm","Biased Cognition+1","Skim+1","Glacier","Purity","Electrodynamics","Loop+1","Buffer+1","Self Repair+1","Buffer","Malaise","Calculated Gamble+1","Master of Strategy","PanicButton","PanicButton","Disarm+1","Envenom+1","Impatience+1","Purity","Outmaneuver"],"special_seed":0,"relics":["Cracked Core","Torii","Golden Idol","Runic Pyramid","Nloth\u0027s Gift","Thread and Needle","Coffee Dripper","PrismaticShard","Bag of Preparation","Turnip","Frozen Egg 2","Bottled Tornado","Happy Flower"],"potions_floor_usage":[56,56],"damage_taken":[{"damage":7.0,"enemies":"Small Slimes","floor":1.0,"turns":3.0},{"damage":1.0,"enemies":"Cultist","floor":3.0,"turns":3.0},{"damage":1.0,"enemies":"Jaw Worm","floor":7.0,"turns":3.0},{"damage":1.0,"enemies":"2 Fungi Beasts","floor":10.0,"turns":3.0},{"damage":0.0,"enemies":"Large Slime","floor":13.0,"turns":4.0},{"damage":8.0,"enemies":"Looter","floor":14.0,"turns":3.0},{"damage":2.0,"enemies":"Slime Boss","floor":16.0,"turns":8.0},{"damage":7.0,"enemies":"3 Byrds","floor":18.0,"turns":4.0},{"damage":2.0,"enemies":"2 Thieves","floor":22.0,"turns":4.0},{"damage":35.0,"enemies":"Gremlin Leader","floor":28.0,"turns":6.0},{"damage":0.0,"enemies":"Centurion and Healer","floor":30.0,"turns":3.0},{"damage":12.0,"enemies":"Shelled Parasite and Fungi","floor":31.0,"turns":5.0},{"damage":0.0,"enemies":"Automaton","floor":33.0,"turns":9.0},{"damage":0.0,"enemies":"Orb Walker","floor":35.0,"turns":4.0},{"damage":0.0,"enemies":"3 Darklings","floor":37.0,"turns":3.0},{"damage":0.0,"enemies":"Spire Growth","floor":38.0,"turns":5.0},{"damage":1.0,"enemies":"Nemesis","floor":41.0,"turns":11.0},{"damage":10.0,"enemies":"2 Orb Walkers","floor":42.0,"turns":6.0},{"damage":0.0,"enemies":"Sphere and 2 Shapes","floor":45.0,"turns":5.0},{"damage":0.0,"enemies":"3 Darklings","floor":47.0,"turns":3.0},{"damage":0.0,"enemies":"Giant Head","floor":48.0,"turns":10.0},{"damage":2.0,"enemies":"Awakened One","floor":50.0,"turns":27.0},{"damage":73.0,"enemies":"Donu and Deca","floor":51.0,"turns":12.0},{"damage":15.0,"enemies":"Shield and Spear","floor":55.0,"turns":9.0},{"damage":57,"enemies":"The Heart","floor":56,"turns":14}],"seed_played":"4461371926669234892","potions_obtained":[{"floor":1.0,"key":"Energy Potion"},{"floor":7.0,"key":"SmokeBomb"},{"floor":13.0,"key":"PowerPotion"},{"floor":22.0,"key":"FocusPotion"},{"floor":30.0,"key":"Fruit Juice"},{"floor":31.0,"key":"Explosive Potion"},{"floor":37.0,"key":"Weak Potion"},{"floor":41.0,"key":"Explosive Potion"}],"is_trial":false,"path_per_floor":["M","?","M","?","?","R","M","R","T","M","?","$","M","M","R","B",null,"M","?","$","?","M","R","?","R","T","$","E","R","M","M","R","B",null,"M","?","M","M","$","R","E","?","T","?","M","R","M","E","R","B","B",null,"R","$","E","B",null],"character_chosen":"DEFECT","items_purchased":["Ball Lightning","Glacier","Purity","PrismaticShard","Ancient Potion","Purity","Swift Potion"],"campfire_rested":0,"item_purchase_floors":[12,20,27,39,39,54,54],"current_hp_per_floor":[39,39,38,38,38,38,37,37,47,46,39,39,39,31,31,29,63,56,56,56,56,54,54,54,54,54,54,19,19,24,12,12,12,62,62,62,62,72,72,72,79,79,79,69,79,79,79,79,79,79,16,63,63,63,58,1],"gold":73,"neow_bonus":"ONE_RARE_RELIC","is_prod":false,"is_daily":false,"chose_seed":false,"campfire_upgraded":10,"win_rate":0,"timestamp":1556898996,"path_taken":["M","?","?","?","?","R","M","R","T","M","?","$","M","M","R","BOSS","M","?","?","?","M","R","?","R","T","$","E","R","M","?","R","BOSS","M","?","M","M","?","R","E","?","T","?","M","R","?","E","R","BOSS","BOSS","R","$","E","BOSS"],"build_version":"2019-01-23","purchased_purges":2,"victory":true,"max_hp_per_floor":[71,71,71,64,64,64,64,64,74,74,74,74,74,74,74,74,74,74,74,74,74,74,74,74,74,74,74,74,74,79,79,79,79,79,79,79,79,79,79,79,79,79,79,79,79,79,79,79,79,79,79,79,79,79,79,79],"card_choices":[{"not_picked":["Sweeping Beam","Blizzard"],"picked":"Tempest","floor":1.0},{"not_picked":["Leap","Cold Snap"],"picked":"Coolheaded","floor":3.0},{"not_picked":["Blizzard","Beam Cell","Gash"],"picked":"SKIP","floor":7.0},{"not_picked":["Blizzard","Beam Cell","Gash"],"picked":"SKIP","floor":7.0},{"not_picked":["Steam Power","Barrage"],"picked":"Coolheaded","floor":10.0},{"not_picked":["Heatsinks","Melter"],"picked":"Compile Driver","floor":13.0},{"not_picked":["Conserve Battery","Aggregate"],"picked":"Genetic Algorithm","floor":14.0},{"not_picked":["Electrodynamics","Amplify"],"picked":"Biased Cognition","floor":16.0},{"not_picked":["Turbo","White Noise+1"],"picked":"Skim","floor":18.0},{"not_picked":["Redo","Cold Snap","Aggregate"],"picked":"SKIP","floor":22.0},{"not_picked":["Conserve Battery","Gash"],"picked":"Electrodynamics","floor":28.0},{"not_picked":["Redo+1","Hello World+1"],"picked":"Loop","floor":30.0},{"not_picked":["Ball Lightning","Aggregate","Coolheaded"],"picked":"SKIP","floor":31.0},{"not_picked":["Reboot","Meteor Strike"],"picked":"Buffer","floor":33.0},{"not_picked":["BootSequence","Tempest","Conserve Battery"],"picked":"SKIP","floor":35.0},{"not_picked":["Cold Snap+1","Hologram"],"picked":"Self Repair+1","floor":37.0},{"not_picked":["Chill","Sweeping Beam+1"],"picked":"Buffer","floor":38.0},{"not_picked":["Adrenaline","Go for the Eyes"],"picked":"Malaise","floor":41.0},{"not_picked":["Poisoned Stab","Double Energy"],"picked":"Calculated Gamble","floor":42.0},{"not_picked":["Purity","HandOfGreed"],"picked":"Master of Strategy","floor":44.0},{"not_picked":["Blind","Dramatic Entrance"],"picked":"PanicButton","floor":44.0},{"not_picked":["Madness","Panache+1"],"picked":"PanicButton","floor":44.0},{"not_picked":["Dagger Spray","Well Laid Plans+1"],"picked":"Disarm+1","floor":45.0},{"not_picked":["Sword Boomerang","Dagger Throw"],"picked":"Envenom+1","floor":47.0},{"not_picked":["Deflect","Beam Cell"],"picked":"Impatience","floor":48.0},{"not_picked":["Quick Slash","Panache+1"],"picked":"Outmaneuver","floor":55.0}],"player_experience":4575337,"relics_obtained":[{"floor":9.0,"key":"Pear"},{"floor":28.0,"key":"Thread and Needle"},{"floor":41.0,"key":"Bag of Preparation"},{"floor":42.0,"key":"Turnip"},{"floor":43.0,"key":"Frozen Egg 2"},{"floor":48.0,"key":"Bottled Tornado"},{"floor":55.0,"key":"Happy Flower"}],"event_choices":[{"cards_removed":["Strike_B"],"damage_healed":0.0,"max_hp_gain":0.0,"max_hp_loss":0.0,"gold_gain":0.0,"event_name":"Purifier","player_choice":"Purged","floor":2.0,"gold_loss":0.0,"damage_taken":0.0},{"damage_healed":0.0,"max_hp_gain":0.0,"max_hp_loss":7.0,"gold_gain":0.0,"event_name":"Golden Idol","player_choice":"Lose Max HP","floor":4.0,"gold_loss":0.0,"damage_taken":0.0,"relics_obtained":["Golden Idol"]},{"cards_removed":["Strike_B"],"damage_healed":0.0,"max_hp_gain":0.0,"max_hp_loss":0.0,"gold_gain":0.0,"event_name":"The Cleric","player_choice":"Card Removal","floor":5.0,"gold_loss":75.0,"damage_taken":0.0},{"cards_removed":["Defend_B"],"damage_healed":0.0,"max_hp_gain":0.0,"max_hp_loss":0.0,"gold_gain":0.0,"event_name":"Golden Wing","player_choice":"Card Removal","floor":11.0,"gold_loss":0.0,"damage_taken":7.0},{"damage_healed":0.0,"max_hp_gain":0.0,"max_hp_loss":0.0,"gold_gain":0.0,"event_name":"N\u0027loth","player_choice":"Traded Relic","floor":19.0,"relics_lost":["Pear"],"gold_loss":0.0,"damage_taken":0.0,"relics_obtained":["Nloth\u0027s Gift"]},{"damage_healed":0.0,"max_hp_gain":0.0,"max_hp_loss":0.0,"gold_gain":0.0,"event_name":"The Mausoleum","player_choice":"Ignored","floor":21.0,"gold_loss":0.0,"damage_taken":0.0},{"damage_healed":0.0,"max_hp_gain":0.0,"max_hp_loss":0.0,"gold_gain":50.0,"event_name":"Nest","player_choice":"Stole From Cult","floor":24.0,"gold_loss":0.0,"damage_taken":0.0},{"cards_removed":["Strike_B"],"damage_healed":0.0,"max_hp_gain":0.0,"max_hp_loss":0.0,"gold_gain":0.0,"event_name":"Purifier","player_choice":"Purged","floor":36.0,"gold_loss":0.0,"damage_taken":0.0},{"damage_healed":0.0,"max_hp_gain":0.0,"max_hp_loss":0.0,"gold_gain":0.0,"event_name":"Mysterious Sphere","player_choice":"Fight","floor":42.0,"gold_loss":0.0,"damage_taken":0.0},{"damage_healed":0.0,"max_hp_gain":0.0,"max_hp_loss":0.0,"gold_gain":0.0,"event_name":"SensoryStone","player_choice":"Memory 3","floor":44.0,"gold_loss":0.0,"damage_taken":10.0}],"is_beta":false,"boss_relics":[{"not_picked":["Inserter","Empty Cage"],"picked":"Runic Pyramid"},{"not_picked":["Nuclear Battery","Lizard Tail"],"picked":"Coffee Dripper"}],"items_purged_floors":[12,20],"is_endless":false,"potions_floor_spawned":[1,7,13,22,30,31,37,38,41,47,55],"ascension_level":20}