{"gold_per_floor":[118,118,38,88,138,138,155,155,180,180,215,229,241,12,12,88,88,106,123,136,186,201,201,230,230,230,265,278,278,62,62,62,134,134,145,163,38,188,201,201,251,301,371,382,382,432,432,462,462,462,462,462,13,46,46],"floor_reached":56,"playtime":2347,"items_purged":["Strike_B","Defend_B","Defend_B","Strike_B"],"score":2109,"play_id":"86df9674-cea6-4ab8-895f-18bf3f373888","local_time":"20181217204013","is_ascension_mode":true,"campfire_choices":[{"data":"Defragment","floor":6.0,"key":"SMITH"},{"data":"Zap","floor":8.0,"key":"SMITH"},{"data":"Dualcast","floor":10.0,"key":"SMITH"},{"data":"Fission","floor":15.0,"key":"SMITH"},{"data":"Capacitor","floor":23.0,"key":"SMITH"},{"data":"Coolheaded","floor":25.0,"key":"SMITH"},{"data":"Coolheaded","floor":29.0,"key":"SMITH"},{"floor":32.0,"key":"RECALL"},{"floor":40.0,"key":"DIG"},{"floor":45.0,"key":"DIG"},{"floor":47.0,"key":"DIG"},{"floor":49.0,"key":"REST"},{"floor":52.0,"key":"DIG"}],"neow_cost":"NONE","seed_source_timestamp":28425104669523,"circlet_count":0,"master_deck":["AscendersBane","Defend_B","Zap+1","Dualcast+1","Coolheaded+1","Defragment+1","Ball Lightning","Coolheaded+1","Fission+1","Glacier","Core Surge","All For One+1","Echo Form+1","Capacitor+1","Core Surge","Chill+1","Electrodynamics","Coolheaded+1","Master of Strategy","BootSequence+1","Echo Form+1","White Noise","Glacier"],"special_seed":0,"relics":["Cracked Core","NeowsBlessing","SsserpentHead","Darkstone Periapt","Dream Catcher","Ginger","Bronze Scales","Astrolabe","Orichalcum","Mercury Hourglass","Anchor","Bag of Preparation","Fusion Hammer","Shovel","Meat on the Bone","Torii","Question Card","DataDisk","Gremlin Horn","Juzu Bracelet","Letter Opener","DollysMirror","Boot"],"potions_floor_usage":[55],"damage_taken":[{"damage":0.0,"enemies":"Cultist","floor":1.0,"turns":1.0},{"damage":0.0,"enemies":"Jaw Worm","floor":7.0,"turns":1.0},{"damage":0.0,"enemies":"3 Sentries","floor":11.0,"turns":1.0},{"damage":0.0,"enemies":"2 Louse","floor":12.0,"turns":2.0},{"damage":3.0,"enemies":"Blue Slaver","floor":13.0,"turns":3.0},{"damage":21.0,"enemies":"Hexaghost","floor":16.0,"turns":9.0},{"damage":14.0,"enemies":"Shell Parasite","floor":18.0,"turns":5.0},{"damage":10.0,"enemies":"2 Thieves","floor":19.0,"turns":5.0},{"damage":31.0,"enemies":"Shelled Parasite and Fungi","floor":20.0,"turns":8.0},{"damage":19.0,"enemies":"Colosseum Slavers","floor":21.0,"turns":10.0},{"damage":18.0,"enemies":"Cultist and Chosen","floor":22.0,"turns":8.0},{"damage":21.0,"enemies":"Book of Stabbing","floor":24.0,"turns":8.0},{"damage":54.0,"enemies":"Slavers","floor":27.0,"turns":7.0},{"damage":0.0,"enemies":"Snake Plant","floor":28.0,"turns":4.0},{"damage":17.0,"enemies":"Champ","floor":33.0,"turns":10.0},{"damage":0.0,"enemies":"Orb Walker","floor":35.0,"turns":3.0},{"damage":0.0,"enemies":"3 Shapes","floor":36.0,"turns":3.0},{"damage":0.0,"enemies":"Mind Bloom Boss Battle","floor":38.0,"turns":5.0},{"damage":0.0,"enemies":"Sphere and 2 Shapes","floor":39.0,"turns":3.0},{"damage":0.0,"enemies":"Jaw Worm Horde","floor":44.0,"turns":2.0},{"damage":35.0,"enemies":"Nemesis","floor":48.0,"turns":7.0},{"damage":0.0,"enemies":"Donu and Deca","floor":50.0,"turns":8.0},{"damage":20.0,"enemies":"Shield and Spear","floor":54.0,"turns":6.0},{"damage":26,"enemies":"The Heart","floor":55,"turns":13}],"seed_played":"4162266803052945442","potions_obtained":[{"floor":1.0,"key":"Regen Potion"},{"floor":20.0,"key":"Explosive Potion"},{"floor":27.0,"key":"SkillPotion"},{"floor":33.0,"key":"SpeedPotion"},{"floor":38.0,"key":"SkillPotion"},{"floor":39.0,"key":"SmokeBomb"}],"is_trial":false,"path_per_floor":["M","?","$","T","T","R","M","R","T","R","E","M","M","$","R","B",null,"M","M","M","?","M","R","E","R","T","E","M","R","$","$","R","B",null,"M","M","$","?","M","R","T","?","T","M","R","?","R","E","R","B",null,"R","$","E","B",null],"character_chosen":"DEFECT","items_purchased":["Defragment","Glacier","Bronze Scales","Bag of Preparation","DollysMirror","White Noise"],"campfire_rested":1,"item_purchase_floors":[3,14,14,30,53,53],"current_hp_per_floor":[64,64,64,64,64,64,64,64,64,64,64,64,61,61,61,40,63,69,71,60,61,63,63,62,62,62,33,53,53,53,53,53,56,67,71,71,71,71,71,71,71,71,71,71,71,71,71,36,57,57,68,68,68,48,34],"gold":46,"neow_bonus":"THREE_ENEMY_KILL","is_prod":false,"is_daily":false,"chose_seed":false,"campfire_upgraded":7,"win_rate":0,"timestamp":1545050413,"path_taken":["M","?","$","?","?","R","M","R","T","R","E","M","M","?","R","BOSS","M","M","M","?","M","R","E","R","T","E","M","R","?","$","R","BOSS","M","M","$","?","M","R","?","?","T","M","R","?","R","E","R","BOSS","R","$","E","BOSS"],"build_version":"2018-12-13","purchased_purges":4,"victory":true,"max_hp_per_floor":[71,71,71,71,71,71,71,71,71,71,71,71,71,71,71,71,71,71,71,71,71,71,71,71,71,71,71,71,71,71,71,71,71,71,71,71,71,71,71,71,71,71,71,71,71,71,71,71,71,71,71,71,71,71,71],"card_choices":[{"not_picked":["Aggregate","Hologram"],"picked":"Coolheaded","floor":1.0},{"not_picked":["Cold Snap","Stack","Beam Cell"],"picked":"SKIP","floor":7.0},{"not_picked":["Turbo","Cold Snap"],"picked":"Ball Lightning","floor":11.0},{"not_picked":["Gash","Beam Cell"],"picked":"Coolheaded","floor":12.0},{"not_picked":["Compile Driver","Steam"],"picked":"Fission","floor":13.0},{"not_picked":["Hyperbeam","Amplify"],"picked":"Core Surge","floor":16.0},{"not_picked":["Cold Snap","Streamline","Redo"],"picked":"SKIP","floor":18.0},{"not_picked":["Compile Driver","Steam","Melter"],"picked":"SKIP","floor":19.0},{"not_picked":["Hello World","Streamline"],"picked":"Capacitor","floor":20.0},{"not_picked":["Tempest","Turbo","Static Discharge"],"picked":"SKIP","floor":22.0},{"not_picked":["Turbo","Steam+1","Melter"],"picked":"SKIP","floor":24.0},{"not_picked":["Darkness","Skim"],"picked":"Core Surge","floor":27.0},{"not_picked":["Force Field","Hologram"],"picked":"Chill+1","floor":28.0},{"not_picked":["Rainbow","Meteor Strike"],"picked":"Electrodynamics","floor":33.0},{"not_picked":["Conserve Battery","Sweeping Beam","Cold Snap"],"picked":"SKIP","floor":35.0},{"not_picked":["Streamline","Sunder"],"picked":"Coolheaded+1","floor":36.0},{"not_picked":["Hello World+1","Conserve Battery","Hyperbeam"],"picked":"SKIP","floor":39.0},{"not_picked":["Compile Driver","Conserve Battery","Beam Cell","Cold Snap+1"],"picked":"SKIP","floor":44.0},{"not_picked":["Panache","PanicButton","Dark Shackles"],"picked":"Master of Strategy","floor":46.0},{"not_picked":["Force Field","Compile Driver","Barrage","Ball Lightning"],"picked":"SKIP","floor":48.0},{"not_picked":["Turbo","Steam Power","Go for the Eyes"],"picked":"BootSequence+1","floor":49.0},{"not_picked":["Coolheaded","Cold Snap","Turbo"],"picked":"Glacier","floor":54.0}],"player_experience":1324132,"relics_obtained":[{"floor":5.0,"key":"Darkstone Periapt"},{"floor":9.0,"key":"Dream Catcher"},{"floor":11.0,"key":"Ginger"},{"floor":24.0,"key":"Orichalcum"},{"floor":26.0,"key":"Mercury Hourglass"},{"floor":27.0,"key":"Anchor"},{"floor":38.0,"key":"Shovel"},{"floor":40.0,"key":"Meat on the Bone"},{"floor":41.0,"key":"Torii"},{"floor":43.0,"key":"Question Card"},{"floor":45.0,"key":"DataDisk"},{"floor":47.0,"key":"Gremlin Horn"},{"floor":48.0,"key":"Juzu Bracelet"},{"floor":52.0,"key":"Letter Opener"},{"floor":54.0,"key":"Boot"}],"event_choices":[{"damage_healed":0.0,"max_hp_gain":0.0,"max_hp_loss":0.0,"gold_gain":0.0,"event_name":"FaceTrader","player_choice":"Trade","floor":2.0,"gold_loss":0.0,"damage_taken":0.0,"relics_obtained":["SsserpentHead"]},{"damage_healed":0.0,"max_hp_gain":0.0,"max_hp_loss":0.0,"gold_gain":0.0,"event_name":"Colosseum","player_choice":"Fight","floor":21.0,"gold_loss":0.0,"damage_taken":0.0},{"damage_healed":0.0,"max_hp_gain":0.0,"max_hp_loss":0.0,"gold_gain":0.0,"event_name":"Colosseum","player_choice":"Fled From Nobs","floor":21.0,"gold_loss":0.0,"damage_taken":0.0},{"damage_healed":0.0,"max_hp_gain":0.0,"max_hp_loss":0.0,"gold_gain":0.0,"event_name":"MindBloom","player_choice":"Fight","floor":38.0,"gold_loss":0.0,"damage_taken":0.0},{"cards_removed":["Self Repair"],"damage_healed":0.0,"max_hp_gain":0.0,"max_hp_loss":0.0,"gold_gain":0.0,"event_name":"Falling","player_choice":"Removed Power","floor":42.0,"gold_loss":0.0,"damage_taken":0.0},{"damage_healed":0.0,"max_hp_gain":0.0,"max_hp_loss":0.0,"gold_gain":0.0,"event_name":"SensoryStone","player_choice":"Memory 1","floor":46.0,"gold_loss":0.0,"damage_taken":0.0}],"is_beta":false,"boss_relics":[{"not_picked":["Tiny House","Snecko Eye"],"picked":"Astrolabe"},{"not_picked":["Calling Bell","Empty Cage"],"picked":"Fusion Hammer"}],"items_purged_floors":[14,30,37,53],"is_endless":false,"potions_floor_spawned":[1,20,22,27,33,38,39],"ascension_level":16}