{"gold_per_floor":[117,49,67,67,86,86,116,134,134,165,182,197,122,142,142,240,240,250,95,109,120,120,120,148,148,194,206,206,225,236,267,267,369,369,380,1379,603,613,629,629],"floor_reached":40,"playtime":2940,"items_purged":["Defend_B","Normality"],"score":542,"play_id":"80c14798-a704-4da5-a8a1-b0612bfdf060","local_time":"20180628185201","is_ascension_mode":false,"campfire_choices":[{"data":"Fusion","floor":6,"key":"SMITH"},{"data":"Double Energy","floor":15,"key":"SMITH"},{"floor":23,"key":"REST"},{"data":"Self Repair","floor":25,"key":"SMITH"},{"floor":32,"key":"REST"}],"neow_cost":"NONE","seed_source_timestamp":20911137424910,"circlet_count":0,"master_deck":["Strike_B+1","Strike_B","Strike_B","Defend_B","Defend_B","Defend_B","Zap+1","Dualcast","Compile Driver","Self Repair","Fusion+1","Capacitor","Hologram","Double Energy+1","Creative AI","Self Repair+1","Cold Snap","Reboot","Tempest","Barrage+1","Static Discharge","Electrodynamics","Ghostly","Ghostly","Ghostly","Ghostly","Ghostly","Turbo","Turbo","Defragment","Fission","Turbo+1","Normality","Thunder Strike"],"special_seed":17710,"relics":["Runic Pyramid","Blood Vial","Mercury Hourglass","Torii","Nuclear Battery","DataDisk","Dodecahedron","Ancient Tea Set","Singing Bowl","Coffee Dripper","Tiny Chest","Ornamental Fan","Orichalcum"],"potions_floor_usage":[10,16,24],"damage_taken":[{"damage":6,"enemies":"Jaw Worm","floor":1,"turns":4},{"damage":7,"enemies":"2 Louse","floor":3,"turns":3},{"damage":0,"enemies":"Cultist","floor":5,"turns":4},{"damage":30,"enemies":"Gremlin Nob","floor":7,"turns":4},{"damage":9,"enemies":"Gremlin Gang","floor":8,"turns":6},{"damage":13,"enemies":"Lagavulin","floor":10,"turns":6},{"damage":14,"enemies":"2 Fungi Beasts","floor":11,"turns":3},{"damage":2,"enemies":"Exordium Thugs","floor":12,"turns":4},{"damage":15,"enemies":"Red Slaver","floor":14,"turns":5},{"damage":11,"enemies":"Hexaghost","floor":16,"turns":10},{"damage":1,"enemies":"Spheric Guardian","floor":18,"turns":3},{"damage":22,"enemies":"Shell Parasite","floor":20,"turns":5},{"damage":37,"enemies":"Cultist and Chosen","floor":21,"turns":3},{"damage":33,"enemies":"Slavers","floor":24,"turns":4},{"damage":15,"enemies":"Snake Plant","floor":27,"turns":3},{"damage":12,"enemies":"Centurion and Healer","floor":29,"turns":4},{"damage":3,"enemies":"Sentry and Sphere","floor":30,"turns":5},{"damage":26,"enemies":"Book of Stabbing","floor":31,"turns":3},{"damage":0,"enemies":"Collector","floor":33,"turns":7},{"damage":6,"enemies":"3 Darklings","floor":35,"turns":4},{"damage":0,"enemies":"3 Shapes","floor":38,"turns":7},{"damage":9,"enemies":"3 Darklings","floor":39,"turns":5},{"damage":48,"enemies":"Giant Head","floor":40,"turns":7}],"seed_played":"3642718972790508003","potions_obtained":[{"floor":5,"key":"SteroidPotion"},{"floor":8,"key":"Energy Potion"},{"floor":11,"key":"Block Potion"},{"floor":16,"key":"SteroidPotion"},{"floor":18,"key":"Strength Potion"},{"floor":27,"key":"FocusPotion"},{"floor":33,"key":"Ancient Potion"}],"is_trial":false,"path_per_floor":["M","$","M","?","M","R","E","M","T","E","M","M","$","M","R","B",null,"M","$","M","M","?","R","E","R","T","M","?","M","M","E","R","B",null,"M","?","$","M","M"],"character_chosen":"DEFECT","items_purchased":["Self Repair","DataDisk","Tiny Chest","Ornamental Fan","Orichalcum","Thunder Strike"],"campfire_rested":2,"item_purchase_floors":[2,19,37,37,37,37],"current_hp_per_floor":[69,69,69,54,61,61,38,38,38,34,29,43,43,44,44,49,75,75,75,67,39,39,61,44,44,44,48,37,35,37,11,22,37,37,37,37,37,39,41,0],"gold":629,"neow_bonus":"BOSS_RELIC","is_prod":false,"is_daily":false,"chose_seed":false,"campfire_upgraded":3,"win_rate":0,"timestamp":1530204721,"path_taken":["M","$","M","?","?","R","E","M","T","E","M","?","$","M","R","BOSS","M","$","M","M","?","R","E","R","T","M","?","?","M","E","R","BOSS","M","?","$","M","M","E"],"build_version":"2018-06-21v2","purchased_purges":2,"victory":false,"max_hp_per_floor":[75,75,75,75,75,75,75,75,75,75,75,75,75,75,75,75,75,75,75,75,75,75,75,75,75,75,75,37,37,37,37,37,37,37,37,37,37,39,41,41],"card_choices":[{"not_picked":["Gash","Loop"],"picked":"Compile Driver","floor":1},{"not_picked":["Hologram","Storm"],"picked":"Fusion","floor":3},{"not_picked":["Streamline","BootSequence"],"picked":"Capacitor","floor":5},{"not_picked":["Barrage","Go for the Eyes"],"picked":"Hologram","floor":7},{"not_picked":["Steam","Cold Snap"],"picked":"Double Energy","floor":8},{"not_picked":["Redo","Scrape"],"picked":"Creative AI","floor":10},{"not_picked":["Cold Snap","Stack"],"picked":"Self Repair","floor":11},{"not_picked":["Hologram","Steam","Gash"],"picked":"SKIP","floor":12},{"not_picked":["Gash","Ball Lightning"],"picked":"Cold Snap","floor":14},{"not_picked":["Amplify","Buffer"],"picked":"Reboot","floor":16},{"not_picked":["Go for the Eyes","Redo","Recycle+1"],"picked":"SKIP","floor":18},{"not_picked":["BootSequence+1","Storm"],"picked":"Tempest","floor":20},{"not_picked":["FTL+1","Steam"],"picked":"Barrage+1","floor":21},{"not_picked":["Steam","Gash"],"picked":"Static Discharge","floor":24},{"not_picked":["Scrape+1","Rip and Tear"],"picked":"Electrodynamics","floor":27},{"not_picked":["Redo","Leap"],"picked":"Turbo","floor":29},{"not_picked":["Sweeping Beam","Steam+1"],"picked":"Turbo","floor":30},{"not_picked":["Recycle","Self Repair"],"picked":"Defragment","floor":31},{"not_picked":["Core Surge","Hyperbeam"],"picked":"Fission","floor":33},{"not_picked":["Coolheaded+1","Hello World+1"],"picked":"Turbo+1","floor":35},{"not_picked":["Blizzard","Rebound","Lockon+1"],"picked":"Singing Bowl","floor":38},{"not_picked":["Sweeping Beam","Conserve Battery+1","Sunder+1"],"picked":"Singing Bowl","floor":39}],"player_experience":293880,"relics_obtained":[{"floor":7,"key":"Blood Vial"},{"floor":9,"key":"Mercury Hourglass"},{"floor":10,"key":"Torii"},{"floor":24,"key":"Dodecahedron"},{"floor":26,"key":"Ancient Tea Set"},{"floor":31,"key":"Singing Bowl"}],"event_choices":[{"event_name":"Shining Light","player_choice":"Entered Light","floor":4,"damage_taken":0},{"event_name":"Bonfire Elementals","player_choice":"BASIC","floor":22,"damage_taken":0},{"event_name":"Ghosts","player_choice":"Became a Ghost","floor":28,"damage_taken":0},{"event_name":"MindBloom","player_choice":"Gold","floor":36,"damage_taken":0}],"boss_relics":[{"not_picked":["Eternal Feather","Sozu"],"picked":"Nuclear Battery"},{"not_picked":["Orrery","Fusion Hammer"],"picked":"Coffee Dripper"}],"items_purged_floors":[13,37],"is_endless":false,"potions_floor_spawned":[5,8,11,16,18,27,29,31,33,35],"killed_by":"Giant Head","ascension_level":0}