{"gold_per_floor":[115,115,265,265,265,265,300,324,324,347,347,347],"floor_reached":12,"playtime":115,"items_purged":[],"score":202,"play_id":"bb3e0e69-474a-47cd-baa8-90baafdef527","local_time":"20181118171733","is_ascension_mode":true,"campfire_choices":[{"data":"Concentrate","floor":6,"key":"SMITH"},{"data":"Neutralize","floor":11,"key":"SMITH"}],"neow_cost":"NONE","seed_source_timestamp":1578508998503283,"circlet_count":0,"master_deck":["AscendersBane","Defend_G","Defend_G","Defend_G","Defend_G","Defend_G","Strike_G","Strike_G","Strike_G","Strike_G","Strike_G","Survivor","Neutralize+1","Concentrate+1","Doubt","Deadly Poison"],"relics":["Ring of the Snake","NeowsBlessing","Golden Idol","Sundial","Frozen Egg 2","Art of War"],"potions_floor_usage":[],"damage_taken":[{"damage":0,"enemies":"Small Slimes","floor":1,"turns":1},{"damage":0,"enemies":"Gremlin Nob","floor":7,"turns":1},{"damage":0,"enemies":"2 Louse","floor":8,"turns":1},{"damage":12,"enemies":"Cultist","floor":10,"turns":5},{"damage":0,"enemies":"3 Sentries","floor":12,"turns":1}],"seed_played":"-7144048762413727651","potions_obtained":[{"floor":1,"key":"Dexterity Potion"}],"is_trial":false,"path_per_floor":["M","?","?","?","?","R","E","M","T","M","R","E"],"character_chosen":"THE_SILENT","items_purchased":[],"campfire_rested":0,"item_purchase_floors":[],"current_hp_per_floor":[59,64,64,64,19,19,19,19,19,7,7,7],"gold":347,"neow_bonus":"THREE_ENEMY_KILL","is_prod":false,"is_daily":false,"chose_seed":false,"campfire_upgraded":2,"win_rate":0,"timestamp":1542532653,"path_taken":["M","?","?","?","?","R","E","M","T","M","R","E"],"build_version":"2018-11-15","purchased_purges":0,"victory":false,"max_hp_per_floor":[66,71,71,64,64,64,64,64,64,64,64,64],"card_choices":[{"not_picked":["Underhanded Strike","Deadly Poison"],"picked":"Concentrate","floor":1},{"not_picked":["Dodge and Roll","Quick Slash","Distraction"],"picked":"SKIP","floor":7},{"not_picked":["Concentrate","Venomology"],"picked":"Deadly Poison","floor":8},{"not_picked":["Accuracy+1","All Out Attack","Outmaneuver"],"picked":"SKIP","floor":10}],"player_experience":536945,"relics_obtained":[{"floor":7,"key":"Frozen Egg 2"},{"floor":9,"key":"Art of War"}],"event_choices":[{"damage_healed":0,"gold_gain":0,"player_choice":"Donut","damage_taken":0,"max_hp_gain":5,"max_hp_loss":0,"event_name":"Big Fish","floor":2,"gold_loss":0},{"damage_healed":0,"gold_gain":150,"player_choice":"AGREE","damage_taken":0,"max_hp_gain":0,"max_hp_loss":0,"event_name":"Liars Game","floor":3,"gold_loss":0,"cards_obtained":["Doubt"]},{"damage_healed":0,"gold_gain":0,"player_choice":"Lose Max HP","damage_taken":0,"relics_obtained":["Golden Idol"],"max_hp_gain":0,"max_hp_loss":7,"event_name":"Golden Idol","floor":4,"gold_loss":0},{"damage_healed":0,"gold_gain":0,"player_choice":"Success","damage_taken":45,"relics_obtained":["Sundial"],"max_hp_gain":0,"max_hp_loss":0,"event_name":"Scrap Ooze","floor":5,"gold_loss":0}],"is_beta":true,"boss_relics":[],"items_purged_floors":[],"is_endless":false,"potions_floor_spawned":[1],"killed_by":"3 Sentries","ascension_level":20}