{"gold_per_floor":[111,61,61,72,91,121,136,136,163,210,235,266,278,305,317,432,444,476,499,436,77,94,125,225,225,225,244,256,279,298,149,149,252,252,264,283,84,184,184,184,213,213,213,225,105,105,105,122,122,122],"floor_reached":50,"playtime":1474,"items_purged":["Defend_R","Defend_R","Defend_R","Defend_R"],"score":529,"play_id":"a2843729-590d-4ba4-ae96-f1e61cdbcfd7","local_time":"20181104201608","is_ascension_mode":false,"campfire_choices":[{"floor":13.0,"key":"REST"},{"data":"Uppercut","floor":15.0,"key":"SMITH"},{"floor":25.0,"key":"REST"},{"floor":32.0,"key":"REST"},{"data":"Pommel Strike","floor":40,"key":"SMITH"},{"data":"Immolate","floor":47,"key":"SMITH"},{"floor":49,"key":"REST"}],"neow_cost":"NONE","seed_source_timestamp":378224855802965,"circlet_count":0,"master_deck":["Strike_R","Strike_R","Strike_R","Strike_R","Strike_R","Perfected Strike+1","Thunderclap","Berserk","Shrug It Off","Uppercut+1","Immolate+1","Dual Wield+1","Twin Strike","Headbutt","Twin Strike+1","Evolve","Pommel Strike+1","Warcry+1","Master of Strategy"],"special_seed":0,"relics":["Burning Blood","NeowsBlessing","Orichalcum","MawBank","Regal Pillow","Runic Dome","Singing Bowl","Darkstone Periapt","Bird Faced Urn","Bottled Tornado","Vajra","Bronze Scales","Mark of Pain","Turnip","Pantograph","Du-Vu Doll","The Courier"],"potions_floor_usage":[50,50,50,50],"damage_taken":[{"damage":0.0,"enemies":"2 Louse","floor":1.0,"turns":1.0},{"damage":0.0,"enemies":"Cultist","floor":4.0,"turns":1.0},{"damage":0.0,"enemies":"Jaw Worm","floor":5.0,"turns":1.0},{"damage":43.0,"enemies":"3 Sentries","floor":6.0,"turns":9.0},{"damage":9.0,"enemies":"Exordium Thugs","floor":7.0,"turns":4.0},{"damage":16.0,"enemies":"Gremlin Nob","floor":10.0,"turns":3.0},{"damage":11.0,"enemies":"Large Slime","floor":11.0,"turns":5.0},{"damage":20.0,"enemies":"Blue Slaver","floor":12.0,"turns":3.0},{"damage":8.0,"enemies":"2 Fungi Beasts","floor":14.0,"turns":3.0},{"damage":6.0,"enemies":"Slime Boss","floor":16.0,"turns":7.0},{"damage":4.0,"enemies":"Spheric Guardian","floor":18.0,"turns":3.0},{"damage":0.0,"enemies":"3 Byrds","floor":19.0,"turns":5.0},{"damage":8.0,"enemies":"3 Cultists","floor":22.0,"turns":4.0},{"damage":42.0,"enemies":"Book of Stabbing","floor":23.0,"turns":5.0},{"damage":19.0,"enemies":"Colosseum Slavers","floor":24.0,"turns":4.0},{"damage":30.0,"enemies":"Colosseum Nobs","floor":24.0,"turns":4.0},{"damage":33.0,"enemies":"Shelled Parasite and Fungi","floor":27.0,"turns":4.0},{"damage":9.0,"enemies":"Cultist and Chosen","floor":28.0,"turns":3.0},{"damage":7.0,"enemies":"Sentry and Sphere","floor":30.0,"turns":3.0},{"damage":50.0,"enemies":"Collector","floor":33.0,"turns":6.0},{"damage":17,"enemies":"3 Shapes","floor":35,"turns":2},{"damage":18,"enemies":"3 Darklings","floor":36,"turns":4},{"damage":36,"enemies":"Mind Bloom Boss Battle","floor":38,"turns":4},{"damage":27,"enemies":"Giant Head","floor":41,"turns":6},{"damage":7,"enemies":"Maw","floor":44,"turns":5},{"damage":24,"enemies":"Jaw Worm Horde","floor":48,"turns":3},{"damage":94,"enemies":"Awakened One","floor":50,"turns":6}],"seed_played":"6291019308241409347","potions_obtained":[{"floor":5.0,"key":"EssenceOfSteel"},{"floor":6.0,"key":"EssenceOfSteel"},{"floor":11.0,"key":"Strength Potion"},{"floor":33.0,"key":"Poison Potion"},{"floor":44,"key":"EntropicBrew"}],"is_trial":false,"path_per_floor":["M","$","?","M","M","E","M","?","T","E","M","M","R","M","R","B",null,"M","M","?","$","M","E","?","R","T","M","M","T","M","$","R","B",null,"M","M","$","?","?","R","E","?","T","M","$","?","R","M","R","B"],"character_chosen":"IRONCLAD","items_purchased":["Thunderclap","Twin Strike","Singing Bowl","Headbutt","Evolve"],"campfire_rested":4,"item_purchase_floors":[2,21,21,31,37],"current_hp_per_floor":[80,80,80,80,80,43,40,40,40,30,25,11,50,48,48,48,80,80,80,80,80,80,46,11,51,51,28,29,29,32,32,74,34,94,85,75,75,47,47,47,32,32,32,35,35,35,35,21,64,0],"gold":122,"neow_bonus":"THREE_ENEMY_KILL","is_prod":false,"is_daily":false,"chose_seed":false,"campfire_upgraded":3,"win_rate":0,"timestamp":1541333768,"path_taken":["M","$","?","M","?","E","?","?","T","E","M","M","R","M","R","BOSS","M","M","?","$","M","E","?","R","T","M","M","?","M","$","R","BOSS","M","M","$","?","?","R","E","?","T","?","?","?","R","M","R","BOSS"],"build_version":"2018-11-02","purchased_purges":4,"victory":false,"max_hp_per_floor":[80,80,80,80,80,80,80,80,80,80,80,80,80,80,80,80,80,80,80,80,80,82,84,86,86,86,88,90,90,92,92,92,94,94,96,96,96,96,91,91,93,93,93,93,93,93,93,95,95,95],"card_choices":[{"not_picked":["Armaments","Headbutt"],"picked":"Perfected Strike","floor":1.0},{"not_picked":["Wild Strike","Clothesline"],"picked":"Shrug It Off","floor":4.0},{"not_picked":["Armaments","Shockwave","Brutality"],"picked":"SKIP","floor":5.0},{"not_picked":["Second Wind","Burning Pact","Carnage"],"picked":"SKIP","floor":6.0},{"not_picked":["Clash","Heavy Blade","True Grit"],"picked":"SKIP","floor":7.0},{"not_picked":["Armaments","Barricade","Flex"],"picked":"SKIP","floor":10.0},{"not_picked":["Metallicize","Searing Blow","Clothesline"],"picked":"SKIP","floor":11.0},{"not_picked":["Havoc","Pummel","Anger"],"picked":"SKIP","floor":12.0},{"not_picked":["Ghostly Armor","Sever Soul"],"picked":"Uppercut","floor":14.0},{"not_picked":["Brutality","Bludgeon"],"picked":"Immolate","floor":16.0},{"not_picked":["Burning Pact","Headbutt","Sword Boomerang"],"picked":"SKIP","floor":18.0},{"not_picked":["Burning Pact","Rage"],"picked":"Dual Wield+1","floor":19.0},{"not_picked":["Spot Weakness","Combust","Ghostly Armor"],"picked":"Singing Bowl","floor":22.0},{"not_picked":["Corruption","Power Through","Heavy Blade+1"],"picked":"Singing Bowl","floor":23.0},{"not_picked":["Dual Wield","Flex","Heavy Blade+1"],"picked":"Singing Bowl","floor":24.0},{"not_picked":["Evolve","Clash","Wild Strike+1"],"picked":"Singing Bowl","floor":27.0},{"not_picked":["Sword Boomerang","Exhume","Armaments"],"picked":"Singing Bowl","floor":28.0},{"not_picked":["Twin Strike","Bloodletting+1","Infernal Blade"],"picked":"Singing Bowl","floor":30.0},{"not_picked":["Barricade","Dark Embrace","Immolate"],"picked":"Singing Bowl","floor":33.0},{"not_picked":["Havoc+1","Flex+1","Ghostly Armor+1"],"picked":"Singing Bowl","floor":35},{"not_picked":["Bludgeon","Uppercut"],"picked":"Twin Strike+1","floor":36},{"not_picked":["Clash+1","Wild Strike"],"picked":"Pommel Strike","floor":38},{"not_picked":["Sword Boomerang+1","Twin Strike","Intimidate"],"picked":"Singing Bowl","floor":41},{"not_picked":["Sword Boomerang","Clash+1"],"picked":"Warcry+1","floor":44},{"not_picked":["Sadistic Nature","Jack Of All Trades"],"picked":"Master of Strategy","floor":46},{"not_picked":["Armaments","Ghostly Armor+1","Wild Strike+1"],"picked":"Singing Bowl","floor":48}],"player_experience":439382,"relics_obtained":[{"floor":6.0,"key":"Orichalcum"},{"floor":9.0,"key":"MawBank"},{"floor":10.0,"key":"Regal Pillow"},{"floor":23.0,"key":"Darkstone Periapt"},{"floor":24.0,"key":"Bird Faced Urn"},{"floor":24.0,"key":"Bottled Tornado"},{"floor":26.0,"key":"Vajra"},{"floor":29.0,"key":"Bronze Scales"},{"floor":38,"key":"Turnip"},{"floor":41,"key":"Pantograph"},{"floor":43,"key":"The Courier"}],"event_choices":[{"damage_healed":0.0,"max_hp_gain":0.0,"max_hp_loss":0.0,"gold_gain":0.0,"event_name":"Match and Keep!","player_choice":"1 cards matched","floor":3.0,"gold_loss":0.0,"damage_taken":0.0,"cards_obtained":["Berserk"]},{"damage_healed":0.0,"max_hp_gain":0.0,"max_hp_loss":0.0,"gold_gain":0.0,"event_name":"Upgrade Shrine","player_choice":"Upgraded","floor":8.0,"gold_loss":0.0,"damage_taken":0.0,"cards_upgraded":["Perfected Strike"]},{"cards_removed":["Bash"],"damage_healed":0.0,"max_hp_gain":0.0,"max_hp_loss":0.0,"gold_gain":0.0,"event_name":"Beggar","player_choice":"Gave Gold","floor":20.0,"gold_loss":75.0,"damage_taken":0.0},{"damage_healed":0.0,"max_hp_gain":0.0,"max_hp_loss":0.0,"gold_gain":0.0,"event_name":"Colosseum","player_choice":"Fight","floor":24.0,"gold_loss":0.0,"damage_taken":0.0},{"damage_healed":0.0,"max_hp_gain":0.0,"max_hp_loss":0.0,"gold_gain":0.0,"event_name":"Colosseum","player_choice":"Fought Nobs","floor":24.0,"gold_loss":0.0,"damage_taken":0.0},{"damage_healed":0,"gold_gain":0,"player_choice":"Fight","damage_taken":0,"max_hp_gain":0,"max_hp_loss":0,"event_name":"MindBloom","floor":38,"gold_loss":0},{"damage_healed":0,"gold_gain":0,"player_choice":"Max HP","damage_taken":0,"max_hp_gain":0,"max_hp_loss":5,"event_name":"Winding Halls","floor":39,"gold_loss":0},{"damage_healed":0,"gold_gain":0,"player_choice":"Gave Potion","damage_taken":0,"relics_obtained":["Du-Vu Doll"],"max_hp_gain":0,"max_hp_loss":0,"event_name":"WeMeetAgain","floor":42,"gold_loss":0},{"damage_healed":0,"gold_gain":0,"player_choice":"Memory 1","damage_taken":0,"max_hp_gain":0,"max_hp_loss":0,"event_name":"SensoryStone","floor":46,"gold_loss":0}],"is_beta":true,"boss_relics":[{"not_picked":["Empty Cage","Calling Bell"],"picked":"Runic Dome"},{"not_picked":["Pandora\u0027s Box","Black Star"],"picked":"Mark of Pain"}],"items_purged_floors":[21,31,37,45],"is_endless":false,"potions_floor_spawned":[5,6,11,14,16,19,22,23,33,35,36,44],"killed_by":"Awakened One","ascension_level":0}