{"gold_per_floor":[109,128,141,141,158,158,158,169,169,51,70,70,70,70,70,146,146,165,215,215,189,23,23,23],"floor_reached":24,"playtime":710,"items_purged":["Strike_B"],"score":372,"play_id":"eb490dab-b6d1-40a8-b531-dd7a916de650","local_time":"20190118215137","is_ascension_mode":true,"campfire_choices":[{"data":"Darkness","floor":6.0,"key":"SMITH"},{"data":"Hologram","floor":12.0,"key":"SMITH"},{"data":"Dualcast","floor":15.0,"key":"SMITH"},{"data":"Recycle","floor":23,"key":"SMITH"}],"neow_cost":"NONE","seed_source_timestamp":35411591374402,"circlet_count":0,"master_deck":["AscendersBane","Strike_B","Strike_B","Defend_B","Defend_B","Defend_B","Defend_B","Zap","Dualcast+1","Amplify","Darkness+1","Hologram+1","Echo Form","Self Repair+1","Core Surge","Rainbow","Recycle+1"],"special_seed":0,"relics":["Cracked Core","Frozen Egg 2","Coffee Dripper","DataDisk"],"potions_floor_usage":[24],"damage_taken":[{"damage":0.0,"enemies":"2 Louse","floor":1.0,"turns":2.0},{"damage":0.0,"enemies":"Small Slimes","floor":2.0,"turns":2.0},{"damage":2.0,"enemies":"Cultist","floor":3.0,"turns":4.0},{"damage":6.0,"enemies":"Blue Slaver","floor":5.0,"turns":4.0},{"damage":14.0,"enemies":"3 Louse","floor":8.0,"turns":5.0},{"damage":37.0,"enemies":"Large Slime","floor":11.0,"turns":9.0},{"damage":17.0,"enemies":"The Guardian","floor":16.0,"turns":6.0},{"damage":29,"enemies":"Chosen","floor":18,"turns":5},{"damage":29,"enemies":"2 Thieves","floor":21,"turns":4},{"damage":31,"enemies":"Sentry and Sphere","floor":24,"turns":5}],"seed_played":"-7825599047211467564","potions_obtained":[{"floor":1.0,"key":"Regen Potion"},{"floor":5.0,"key":"Weak Potion"},{"floor":8.0,"key":"FearPotion"},{"floor":16.0,"key":"Energy Potion"}],"is_trial":false,"path_per_floor":["M","M","M","?","M","R","?","M","T","$","M","R","$","?","R","B",null,"M","?","?","M","$","R","M"],"character_chosen":"DEFECT","items_purchased":["Self Repair+1","DataDisk"],"campfire_rested":0,"item_purchase_floors":[10,22],"current_hp_per_floor":[64,64,62,55,49,49,45,45,45,45,28,28,28,28,28,21,59,40,40,40,21,21,21,0],"gold":23,"neow_bonus":"ONE_RANDOM_RARE_CARD","is_prod":false,"is_daily":false,"chose_seed":false,"campfire_upgraded":4,"win_rate":0,"timestamp":1547819497,"path_taken":["M","M","M","?","M","R","?","M","T","$","?","R","$","?","R","BOSS","M","?","?","M","$","R","M"],"build_version":"2019-01-17","purchased_purges":1,"victory":false,"max_hp_per_floor":[71,71,71,71,71,71,71,71,71,71,71,71,71,71,71,71,71,71,71,71,71,71,71,71],"card_choices":[{"not_picked":["Tempest","Barrage","BootSequence"],"picked":"SKIP","floor":1.0},{"not_picked":["Leap","Double Energy","Redo"],"picked":"SKIP","floor":2.0},{"not_picked":["Ball Lightning","Skim"],"picked":"Darkness","floor":3.0},{"not_picked":["Barrage","Storm"],"picked":"Hologram","floor":5.0},{"not_picked":["Sweeping Beam","Ball Lightning"],"picked":"Echo Form","floor":8.0},{"not_picked":["Turbo","Cold Snap","Beam Cell"],"picked":"SKIP","floor":11.0},{"not_picked":["Biased Cognition+1","Machine Learning+1"],"picked":"Core Surge","floor":16.0},{"not_picked":["Streamline+1","Barrage","Rebound"],"picked":"SKIP","floor":18},{"not_picked":["Steam","Heatsinks+1"],"picked":"Recycle","floor":21}],"player_experience":2015538,"relics_obtained":[{"floor":9.0,"key":"Frozen Egg 2"}],"event_choices":[{"cards_removed":["Strike_B"],"damage_healed":0.0,"max_hp_gain":0.0,"max_hp_loss":0.0,"gold_gain":0.0,"event_name":"Golden Wing","player_choice":"Card Removal","floor":4.0,"gold_loss":0.0,"damage_taken":7.0},{"damage_healed":0.0,"max_hp_gain":0.0,"max_hp_loss":0.0,"gold_gain":0.0,"event_name":"The Woman in Blue","player_choice":"Bought 0 Potions","floor":7.0,"gold_loss":0.0,"damage_taken":0.0},{"damage_healed":0.0,"max_hp_gain":0.0,"max_hp_loss":0.0,"gold_gain":0.0,"event_name":"Liars Game","player_choice":"Ignored","floor":14.0,"gold_loss":0.0,"damage_taken":0.0},{"damage_healed":0,"gold_gain":50,"player_choice":"Stole From Cult","damage_taken":0,"max_hp_gain":0,"max_hp_loss":0,"event_name":"Nest","floor":19,"gold_loss":0},{"damage_healed":0,"gold_gain":0,"player_choice":"1 cards matched","damage_taken":0,"max_hp_gain":0,"max_hp_loss":0,"event_name":"Match and Keep!","floor":20,"gold_loss":0,"cards_obtained":["Rainbow"]}],"is_beta":false,"boss_relics":[{"not_picked":["Calling Bell","Pandora\u0027s Box"],"picked":"Coffee Dripper"}],"items_purged_floors":[10],"is_endless":false,"potions_floor_spawned":[1,5,8,16,18],"killed_by":"Sentry and Sphere","ascension_level":20}