{"gold_per_floor":[118,118,193,10,10,10,66,108,131,167,167,147,200,243,243,366,366,435,385,385,335,335,335,370,408,483,526,596,659,659,703,703,804,804,868,284,327,341,353,353,152,152,207,243,243,243,262,262,262,262],"floor_reached":51,"playtime":1513,"items_purged":["Strike_R","Strike_R","Strike_R","Strike_R"],"score":759,"play_id":"7846b159-48aa-4e11-8db0-c7e7fa543ecb","local_time":"20190621014706","is_ascension_mode":false,"campfire_choices":[{"data":"Bash","floor":6.0,"key":"SMITH"},{"data":"Searing Blow","floor":11.0,"key":"SMITH"},{"data":"Searing Blow+1","floor":15.0,"key":"SMITH"},{"data":"Searing Blow+2","floor":23.0,"key":"SMITH"},{"data":"Searing Blow+3","floor":30.0,"key":"SMITH"},{"data":"Searing Blow+4","floor":32.0,"key":"SMITH"},{"data":"Searing Blow+5","floor":40,"key":"SMITH"},{"data":"Searing Blow+6","floor":46,"key":"SMITH"},{"data":"Searing Blow+7","floor":49,"key":"SMITH"}],"neow_cost":"TEN_PERCENT_HP_LOSS","seed_source_timestamp":51137084542743,"circlet_count":0,"master_deck":["Defend_R","Defend_R","Defend_R","Defend_R","Armaments+1","HandOfGreed+1","Shrug It Off","Searing Blow+8","Burning Pact","Offering","Trip","Master of Strategy","Burning Pact+1","Apotheosis","Dark Shackles","Dark Shackles","Pain"],"special_seed":0,"relics":["Burning Blood","Du-Vu Doll","Smiling Mask","Bag of Preparation","Busted Crown","Juzu Bracelet","Molten Egg 2","Letter Opener","Lizard Tail","Paper Frog","Lantern","Strawberry","WarpedTongs"],"potions_floor_usage":[],"damage_taken":[{"damage":2.0,"enemies":"2 Louse","floor":1.0,"turns":4.0},{"damage":11.0,"enemies":"Gremlin Nob","floor":7.0,"turns":3.0},{"damage":0.0,"enemies":"Small Slimes","floor":8.0,"turns":2.0},{"damage":0.0,"enemies":"Jaw Worm","floor":10.0,"turns":5.0},{"damage":21.0,"enemies":"Lagavulin","floor":13.0,"turns":8.0},{"damage":4.0,"enemies":"Blue Slaver","floor":14.0,"turns":5.0},{"damage":23.0,"enemies":"The Guardian","floor":16.0,"turns":17.0},{"damage":6.0,"enemies":"3 Byrds","floor":18.0,"turns":6.0},{"damage":6.0,"enemies":"Spheric Guardian","floor":24.0,"turns":2.0},{"damage":6.0,"enemies":"Snake Plant","floor":25.0,"turns":2.0},{"damage":6.0,"enemies":"Centurion and Healer","floor":27.0,"turns":4.0},{"damage":8.0,"enemies":"3 Cultists","floor":28.0,"turns":4.0},{"damage":6.0,"enemies":"Cultist and Chosen","floor":29.0,"turns":4.0},{"damage":11.0,"enemies":"Sentry and Sphere","floor":31.0,"turns":4.0},{"damage":63.0,"enemies":"Automaton","floor":33.0,"turns":11.0},{"damage":6,"enemies":"3 Shapes","floor":35,"turns":3},{"damage":6,"enemies":"3 Darklings","floor":37,"turns":5},{"damage":6,"enemies":"Writhing Mass","floor":38,"turns":1},{"damage":6,"enemies":"Maw","floor":39,"turns":4},{"damage":6,"enemies":"Sphere and 2 Shapes","floor":44,"turns":3},{"damage":1,"enemies":"Transient","floor":47,"turns":5},{"damage":8,"enemies":"Time Eater","floor":50,"turns":3}],"seed_played":"4137497845465675363","potions_obtained":[{"floor":1.0,"key":"FearPotion"},{"floor":7.0,"key":"EssenceOfSteel"},{"floor":10.0,"key":"Block Potion"},{"floor":12.0,"key":"FearPotion"},{"floor":16.0,"key":"Energy Potion"},{"floor":28.0,"key":"Ancient Potion"},{"floor":29.0,"key":"Weak Potion"},{"floor":33.0,"key":"SpeedPotion"},{"floor":38,"key":"Energy Potion"}],"is_trial":false,"path_per_floor":["M","?","?","$","?","R","E","M","T","M","R","?","E","M","R","B",null,"M","$","?","$","?","R","M","M","T","M","M","M","R","M","R","B",null,"M","$","M","M","M","R","$","?","T","M","?","R","M","?","R","B",null],"character_chosen":"IRONCLAD","items_purchased":["HandOfGreed","Trip","Master of Strategy","Paper Frog","Lantern"],"campfire_rested":0,"item_purchase_floors":[4,36,36,36,41],"current_hp_per_floor":[72,72,61,61,47,47,42,48,48,54,54,54,39,41,41,24,72,72,72,72,72,72,72,72,72,72,72,70,70,70,65,65,8,72,72,72,72,72,72,72,72,62,69,69,69,69,74,74,74,72],"gold":262,"neow_bonus":"THREE_RARE_CARDS","is_prod":false,"is_daily":false,"chose_seed":false,"campfire_upgraded":9,"win_rate":0,"timestamp":1561052826,"path_taken":["M","?","?","$","?","R","E","M","T","?","R","?","E","?","R","BOSS","M","$","?","$","?","R","M","M","T","M","M","M","R","M","R","BOSS","M","?","M","M","M","R","$","?","T","M","?","R","M","?","R","BOSS"],"build_version":"2019-01-23","purchased_purges":4,"victory":true,"max_hp_per_floor":[72,72,72,72,72,72,72,72,72,72,72,72,72,72,72,72,72,72,72,72,72,72,72,72,72,72,72,72,72,72,72,72,72,72,72,72,72,72,72,72,72,72,79,79,79,79,79,79,79,79],"card_choices":[{"not_picked":["Bludgeon","Fiend Fire"],"picked":"Limit Break","floor":0.0},{"not_picked":["Dropkick","Blood for Blood","Rage"],"picked":"SKIP","floor":1.0},{"not_picked":["Heavy Blade","Armaments"],"picked":"Shrug It Off","floor":7.0},{"not_picked":["Combust","Flame Barrier","Anger"],"picked":"SKIP","floor":8.0},{"not_picked":["Metallicize","Iron Wave"],"picked":"Searing Blow","floor":10.0},{"not_picked":["Evolve","Cleave"],"picked":"Burning Pact","floor":13.0},{"not_picked":["Havoc","Armaments","Anger"],"picked":"SKIP","floor":14.0},{"not_picked":["Impervious","Bludgeon"],"picked":"Offering","floor":16.0},{"not_picked":["Clash"],"picked":"SKIP","floor":18.0},{"not_picked":["Heavy Blade+1"],"picked":"SKIP","floor":24.0},{"not_picked":["Hemokinesis+1"],"picked":"SKIP","floor":25.0},{"not_picked":["Sword Boomerang+1"],"picked":"SKIP","floor":27.0},{"not_picked":["True Grit"],"picked":"SKIP","floor":28.0},{"not_picked":["Dual Wield+1"],"picked":"SKIP","floor":29.0},{"not_picked":["Thunderclap+1"],"picked":"SKIP","floor":31.0},{"not_picked":["Heavy Blade+1"],"picked":"SKIP","floor":35},{"not_picked":["Body Slam+1"],"picked":"SKIP","floor":37},{"not_picked":["Armaments"],"picked":"SKIP","floor":38},{"not_picked":[],"picked":"Burning Pact+1","floor":39},{"not_picked":[],"picked":"Apotheosis","floor":42},{"not_picked":[],"picked":"Dark Shackles","floor":42},{"not_picked":[],"picked":"Dark Shackles","floor":42},{"not_picked":["Shockwave"],"picked":"SKIP","floor":44},{"not_picked":["Inflame+1"],"picked":"SKIP","floor":47}],"player_experience":5498772,"relics_obtained":[{"floor":7.0,"key":"Du-Vu Doll"},{"floor":9.0,"key":"Smiling Mask"},{"floor":13.0,"key":"Bag of Preparation"},{"floor":26.0,"key":"Letter Opener"},{"floor":43,"key":"Strawberry"}],"event_choices":[{"damage_healed":0.0,"max_hp_gain":0.0,"max_hp_loss":0.0,"gold_gain":0.0,"cards_transformed":["Strike_R"],"event_name":"Living Wall","player_choice":"Change","floor":2.0,"gold_loss":0.0,"damage_taken":0.0,"cards_obtained":["Armaments"]},{"damage_healed":0.0,"max_hp_gain":0.0,"max_hp_loss":0.0,"gold_gain":75.0,"event_name":"World of Goop","player_choice":"Gather Gold","floor":3.0,"gold_loss":0.0,"damage_taken":11.0},{"damage_healed":0.0,"max_hp_gain":0.0,"max_hp_loss":0.0,"gold_gain":0.0,"event_name":"Shining Light","player_choice":"Entered Light","floor":5.0,"gold_loss":0.0,"damage_taken":14.0,"cards_upgraded":["Armaments","HandOfGreed"]},{"damage_healed":0.0,"max_hp_gain":0.0,"max_hp_loss":0.0,"gold_gain":0.0,"event_name":"The Woman in Blue","player_choice":"Bought 1 Potion","floor":12.0,"gold_loss":0.0,"damage_taken":0.0},{"damage_healed":0.0,"max_hp_gain":0.0,"max_hp_loss":0.0,"gold_gain":0.0,"event_name":"The Mausoleum","player_choice":"Opened","floor":20.0,"gold_loss":0.0,"damage_taken":0.0,"relics_obtained":["Juzu Bracelet"]},{"cards_removed":["Limit Break"],"damage_healed":0.0,"max_hp_gain":0.0,"max_hp_loss":0.0,"gold_gain":0.0,"event_name":"WeMeetAgain","player_choice":"Gave Card","floor":22.0,"gold_loss":0.0,"damage_taken":0.0,"relics_obtained":["Molten Egg 2"]},{"damage_healed":0,"gold_gain":0,"player_choice":"Memory 3","damage_taken":10,"max_hp_gain":0,"max_hp_loss":0,"event_name":"SensoryStone","floor":42,"gold_loss":0},{"cards_removed":["Bash"],"damage_healed":0,"gold_gain":0,"player_choice":"Removed Attack","damage_taken":0,"max_hp_gain":0,"max_hp_loss":0,"event_name":"Falling","floor":45,"gold_loss":0},{"damage_healed":0,"gold_gain":0,"player_choice":"Rummage","damage_taken":0,"relics_obtained":["WarpedTongs"],"max_hp_gain":0,"max_hp_loss":0,"event_name":"Accursed Blacksmith","floor":48,"gold_loss":0,"cards_obtained":["Pain"]}],"is_beta":false,"boss_relics":[{"not_picked":["Eternal Feather","Snecko Eye"],"picked":"Busted Crown"},{"not_picked":["Tiny House","Runic Cube"],"picked":"Lizard Tail"}],"items_purged_floors":[19,21,36,41],"is_endless":false,"potions_floor_spawned":[1,7,10,13,16,24,28,29,33,37,38],"ascension_level":0}