{"gold_per_floor":[111,36,53,66,85,85,100,129,152,77,77,104,118,129,129,208,208,221,121,121,121,131,131,150,161,161,177,188,188,188,188,188,262,312,332,432,432,449,449],"floor_reached":39,"playtime":2210,"items_purged":["Strike_G","Strike_G"],"score":790,"play_id":"0ac38bd4-f3f4-4881-9335-e3c7f66d4101","local_time":"20190630171333","is_ascension_mode":true,"campfire_choices":[{"data":"All Out Attack","floor":6.0,"key":"SMITH"},{"data":"Neutralize","floor":11.0,"key":"SMITH"},{"data":"Noxious Fumes","floor":15.0,"key":"SMITH"},{"data":"Footwork","floor":23.0,"key":"SMITH"},{"data":"Night Terror","floor":29.0,"key":"SMITH"},{"data":"Tools of the Trade","floor":32,"key":"SMITH"}],"neow_cost":"NONE","seed_source_timestamp":6897856946131,"circlet_count":0,"master_deck":["AscendersBane","Defend_G","Defend_G","Defend_G+1","Defend_G","Strike_G+1","Strike_G+1","Survivor","Neutralize+1","All Out Attack+1","Footwork+1","Blur","Noxious Fumes+1","Backflip","Night Terror+1","Backflip+1","Endless Agony","Tools of the Trade+1","Wraith Form v2"],"special_seed":0,"relics":["Ring of the Snake","NeowsBlessing","Darkstone Periapt","Ancient Tea Set","Whetstone","Runic Pyramid","Ice Cream","Tiny House","Du-Vu Doll"],"potions_floor_usage":[39],"damage_taken":[{"damage":0.0,"enemies":"2 Louse","floor":1.0,"turns":1.0},{"damage":0.0,"enemies":"Jaw Worm","floor":3.0,"turns":1.0},{"damage":0.0,"enemies":"Cultist","floor":4.0,"turns":1.0},{"damage":4.0,"enemies":"Red Slaver","floor":5.0,"turns":5.0},{"damage":31.0,"enemies":"Exordium Thugs","floor":7.0,"turns":8.0},{"damage":13.0,"enemies":"Lagavulin","floor":8.0,"turns":10.0},{"damage":3.0,"enemies":"3 Sentries","floor":12.0,"turns":5.0},{"damage":0.0,"enemies":"Blue Slaver","floor":13.0,"turns":6.0},{"damage":0.0,"enemies":"Exordium Wildlife","floor":14.0,"turns":8.0},{"damage":7.0,"enemies":"Hexaghost","floor":16.0,"turns":11.0},{"damage":1.0,"enemies":"Chosen","floor":18.0,"turns":7.0},{"damage":5.0,"enemies":"3 Byrds","floor":22.0,"turns":5.0},{"damage":1.0,"enemies":"Snake Plant","floor":24.0,"turns":8.0},{"damage":5.0,"enemies":"Centurion and Healer","floor":25.0,"turns":9.0},{"damage":15.0,"enemies":"Shelled Parasite and Fungi","floor":27.0,"turns":11.0},{"damage":6.0,"enemies":"Snake Plant","floor":28.0,"turns":7.0},{"damage":8,"enemies":"Collector","floor":33,"turns":15},{"damage":4,"enemies":"Orb Walker","floor":35,"turns":7},{"damage":1,"enemies":"Mind Bloom Boss Battle","floor":36,"turns":11},{"damage":6,"enemies":"3 Shapes","floor":38,"turns":4},{"damage":59,"enemies":"Transient","floor":39,"turns":6}],"seed_played":"-5935339777802620457","potions_obtained":[{"floor":1.0,"key":"GamblersBrew"},{"floor":3.0,"key":"EssenceOfSteel"},{"floor":5.0,"key":"FearPotion"},{"floor":12.0,"key":"Weak Potion"},{"floor":16.0,"key":"Fire Potion"}],"is_trial":false,"path_per_floor":["M","?","M","M","M","R","M","E","T","$","R","E","M","M","R","B",null,"M","$","?","?","M","R","M","M","T","M","M","R","?","?","R","B",null,"M","?","?","M","M"],"character_chosen":"THE_SILENT","items_purchased":[],"campfire_rested":0,"item_purchase_floors":[],"current_hp_per_floor":[59,59,59,59,55,55,24,11,11,11,11,8,8,8,8,1,50,49,49,49,49,44,44,43,38,38,23,17,17,17,17,17,9,57,53,52,52,46,0],"gold":449,"neow_bonus":"THREE_ENEMY_KILL","is_prod":false,"is_daily":false,"chose_seed":false,"campfire_upgraded":6,"win_rate":0,"timestamp":1561886013,"path_taken":["M","?","M","M","M","R","M","E","T","$","R","E","M","M","R","BOSS","M","$","?","?","M","R","M","M","T","M","M","R","?","?","R","BOSS","M","?","?","?","M"],"build_version":"2019-01-23","purchased_purges":2,"victory":false,"max_hp_per_floor":[66,66,66,66,66,66,66,66,66,66,66,66,66,66,66,66,66,66,66,66,66,66,66,66,66,66,66,66,66,66,66,66,66,71,71,71,71,71,71],"card_choices":[{"not_picked":["Blur","Reflex","Flying Knee"],"picked":"SKIP","floor":1.0},{"not_picked":["Sucker Punch","Tactician","All Out Attack"],"picked":"SKIP","floor":3.0},{"not_picked":["Sucker Punch","Tactician"],"picked":"All Out Attack","floor":3.0},{"not_picked":["Calculated Gamble","Underhanded Strike"],"picked":"Footwork","floor":4.0},{"not_picked":["Cloak And Dagger","Tools of the Trade"],"picked":"Blur","floor":5.0},{"not_picked":["Sucker Punch","Bane"],"picked":"Noxious Fumes","floor":7.0},{"not_picked":["Dagger Throw","Acrobatics"],"picked":"Backflip","floor":8.0},{"not_picked":["Crippling Poison","Flying Knee","Skewer"],"picked":"SKIP","floor":12.0},{"not_picked":["Blade Dance","Backflip","Flechettes"],"picked":"SKIP","floor":13.0},{"not_picked":["Backstab","Sucker Punch"],"picked":"Backflip","floor":14.0},{"not_picked":["Die Die Die","Phantasmal Killer"],"picked":"Night Terror","floor":16.0},{"not_picked":["Sucker Punch","PiercingWail","Dagger Spray"],"picked":"SKIP","floor":18.0},{"not_picked":["Acrobatics","Blade Dance","Quick Slash"],"picked":"SKIP","floor":22.0},{"not_picked":["Well Laid Plans","A Thousand Cuts","All Out Attack"],"picked":"SKIP","floor":24.0},{"not_picked":["Bouncing Flask+1","Eviscerate","Finisher"],"picked":"SKIP","floor":25.0},{"not_picked":["Endless Agony","Deflect"],"picked":"Backflip+1","floor":27.0},{"not_picked":["Flechettes","Dagger Spray","Blade Dance"],"picked":"SKIP","floor":28.0},{"not_picked":["Phantasmal Killer","Glass Knife"],"picked":"Wraith Form v2","floor":33},{"not_picked":["Predator+1","Dash","Acrobatics"],"picked":"SKIP","floor":35},{"not_picked":["Leg Sweep","Footwork+1","Slice"],"picked":"SKIP","floor":38}],"player_experience":1500725,"relics_obtained":[{"floor":8.0,"key":"Darkstone Periapt"},{"floor":9.0,"key":"Ancient Tea Set"},{"floor":12.0,"key":"Whetstone"},{"floor":26.0,"key":"Ice Cream"},{"floor":36,"key":"Du-Vu Doll"}],"event_choices":[{"cards_removed":["Strike_G"],"damage_healed":0.0,"max_hp_gain":0.0,"max_hp_loss":0.0,"gold_gain":0.0,"event_name":"The Cleric","player_choice":"Card Removal","floor":2.0,"gold_loss":75.0,"damage_taken":0.0},{"damage_healed":0.0,"max_hp_gain":0.0,"max_hp_loss":0.0,"gold_gain":0.0,"event_name":"The Mausoleum","player_choice":"Ignored","floor":20.0,"gold_loss":0.0,"damage_taken":0.0},{"damage_healed":0.0,"max_hp_gain":0.0,"max_hp_loss":0.0,"gold_gain":0.0,"event_name":"Vampires","player_choice":"Ignored","floor":21.0,"gold_loss":0.0,"damage_taken":0.0},{"damage_healed":0.0,"max_hp_gain":0.0,"max_hp_loss":0.0,"gold_gain":0.0,"event_name":"Cursed Tome","player_choice":"Ignored","floor":30.0,"gold_loss":0.0,"damage_taken":0.0},{"damage_healed":0,"gold_gain":0,"cards_transformed":["Defend_G","Backflip"],"player_choice":"Became Test Subject","damage_taken":0,"max_hp_gain":0,"max_hp_loss":0,"event_name":"Drug Dealer","floor":31,"gold_loss":0,"cards_obtained":["Endless Agony","Tools of the Trade"]},{"damage_healed":0,"gold_gain":0,"player_choice":"Fight","damage_taken":0,"max_hp_gain":0,"max_hp_loss":0,"event_name":"MindBloom","floor":36,"gold_loss":0},{"damage_healed":0,"gold_gain":0,"player_choice":"Got Potions","damage_taken":0,"max_hp_gain":0,"max_hp_loss":0,"event_name":"Lab","floor":37,"gold_loss":0}],"is_beta":false,"boss_relics":[{"not_picked":["Velvet Choker","Ring of the Serpent"],"picked":"Runic Pyramid"},{"not_picked":["Black Star","Eternal Feather"],"picked":"Tiny House"}],"items_purged_floors":[10,19],"is_endless":false,"potions_floor_spawned":[1,3,5,12,13,16,25,33,36],"killed_by":"Transient","ascension_level":20}