{"gold_per_floor":[110,185,202,252,262,262,282,317,340,92,151,151,180,195,195,195],"floor_reached":16,"playtime":451,"items_purged":["Strike_G"],"score":240,"play_id":"7ae20f57-3aa8-4c73-a482-dc6d7f48c15a","local_time":"20190808142615","is_ascension_mode":true,"campfire_choices":[{"data":"Neutralize","floor":6.0,"key":"SMITH"},{"floor":12,"key":"REST"},{"data":"Blade Dance","floor":15,"key":"SMITH"}],"neow_cost":"TEN_PERCENT_HP_LOSS","seed_source_timestamp":1027620219722900,"circlet_count":0,"master_deck":["AscendersBane","Strike_G","Strike_G","Strike_G","Strike_G","Defend_G","Defend_G","Defend_G","Defend_G","Defend_G","Survivor","Neutralize+1","Dagger Spray","Footwork","Choke","Infinite Blades","Blade Dance+1"],"special_seed":0,"relics":["Ring of the Snake","Thread and Needle","Regal Pillow","Omamori","Tiny Chest","Bag of Preparation"],"potions_floor_usage":[11,16],"damage_taken":[{"damage":0.0,"enemies":"2 Louse","floor":1.0,"turns":3.0},{"damage":0.0,"enemies":"Small Slimes","floor":3.0,"turns":4.0},{"damage":0.0,"enemies":"Cultist","floor":5.0,"turns":4.0},{"damage":0.0,"enemies":"3 Louse","floor":7.0,"turns":5.0},{"damage":28.0,"enemies":"Lagavulin","floor":8.0,"turns":8.0},{"damage":6,"enemies":"3 Sentries","floor":11,"turns":7},{"damage":35,"enemies":"Gremlin Nob","floor":13,"turns":5},{"damage":2,"enemies":"Lots of Slimes","floor":14,"turns":4},{"damage":11,"enemies":"Hexaghost","floor":16,"turns":9}],"seed_played":"4004956747807798579","potions_obtained":[{"floor":1.0,"key":"Strength Potion"},{"floor":7.0,"key":"Swift Potion"},{"floor":11,"key":"Dexterity Potion"}],"is_trial":false,"path_per_floor":["M","?","M","?","M","R","M","E","T","$","E","R","E","M","R","B"],"character_chosen":"THE_SILENT","items_purchased":["Choke","Infinite Blades","Fire Potion"],"campfire_rested":1,"item_purchase_floors":[10,10,10],"current_hp_per_floor":[59,48,48,48,48,48,48,20,20,20,14,47,12,10,10,0],"gold":195,"neow_bonus":"ONE_RARE_RELIC","is_prod":false,"is_daily":false,"chose_seed":false,"campfire_upgraded":2,"win_rate":0,"timestamp":1565245575,"path_taken":["M","?","M","?","?","R","M","E","T","$","E","R","E","M","R","BOSS"],"build_version":"2019-07-17","purchased_purges":1,"victory":false,"max_hp_per_floor":[60,60,60,60,60,60,60,60,60,60,60,60,60,60,60,60],"card_choices":[{"not_picked":["Blur","Riddle With Holes","Outmaneuver"],"picked":"SKIP","floor":1.0},{"not_picked":["Quick Slash","Expertise","Deflect"],"picked":"SKIP","floor":3.0},{"not_picked":["Accuracy","Acrobatics","Blur"],"picked":"SKIP","floor":5.0},{"not_picked":["Eviscerate","Tactician"],"picked":"Dagger Spray","floor":7.0},{"not_picked":["Infinite Blades","Acrobatics"],"picked":"Footwork","floor":8.0},{"not_picked":["Backstab","Dodge and Roll","Distraction"],"picked":"SKIP","floor":11},{"not_picked":["Underhanded Strike","Concentrate","Dodge and Roll"],"picked":"SKIP","floor":13},{"not_picked":["Underhanded Strike","Concentrate","Dodge and Roll"],"picked":"SKIP","floor":13},{"not_picked":["Dodge and Roll","Prepared"],"picked":"Blade Dance","floor":14}],"player_experience":753234,"relics_obtained":[{"floor":8.0,"key":"Regal Pillow"},{"floor":9.0,"key":"Omamori"},{"floor":11,"key":"Tiny Chest"},{"floor":13,"key":"Bag of Preparation"}],"event_choices":[{"damage_healed":0.0,"max_hp_gain":0.0,"max_hp_loss":0.0,"gold_gain":75.0,"event_name":"World of Goop","player_choice":"Gather Gold","floor":2.0,"gold_loss":0.0,"damage_taken":11.0},{"damage_healed":0.0,"max_hp_gain":0.0,"max_hp_loss":0.0,"gold_gain":50.0,"event_name":"Golden Shrine","player_choice":"Pray","floor":4.0,"gold_loss":0.0,"damage_taken":0.0}],"is_beta":false,"boss_relics":[],"items_purged_floors":[10],"is_endless":false,"potions_floor_spawned":[1,7,11],"killed_by":"Hexaghost","ascension_level":20}