{"gold_per_floor":[110,128,142,162,162,162,196,196,219,234,234,261,271,300,300,375,375,391,407,182,202,202],"floor_reached":22,"playtime":971,"items_purged":["Strike_G"],"score":364,"play_id":"15b6a742-dbe9-4524-8aa6-bf3bfcf48061","local_time":"20180722230433","is_ascension_mode":true,"campfire_choices":[{"data":"Noxious Fumes","floor":6,"key":"SMITH"},{"data":"Neutralize","floor":11,"key":"SMITH"},{"floor":15,"key":"REST"}],"neow_cost":"NONE","seed_source_timestamp":21289260285569,"circlet_count":0,"master_deck":["Defend_G","Defend_G","Defend_G","Defend_G","Defend_G","Strike_G","Strike_G","Strike_G","Strike_G","Survivor","Neutralize+1","AscendersBane","All Out Attack","Noxious Fumes+1","Deflect","Tactician","Dash","Noxious Fumes","Bane","Blur","Dodge and Roll","Leg Sweep","Backflip","Prepared","Prepared","Well Laid Plans"],"relics":["Ring of the Snake","Vajra","Strawberry","Dream Catcher","Juzu Bracelet","Runic Pyramid","Lantern"],"potions_floor_usage":[13,14],"damage_taken":[{"damage":3,"enemies":"Jaw Worm","floor":1,"turns":4},{"damage":0,"enemies":"2 Louse","floor":2,"turns":5},{"damage":6,"enemies":"Cultist","floor":3,"turns":4},{"damage":9,"enemies":"Looter","floor":4,"turns":4},{"damage":5,"enemies":"3 Sentries","floor":7,"turns":6},{"damage":3,"enemies":"Blue Slaver","floor":10,"turns":4},{"damage":10,"enemies":"Lagavulin","floor":12,"turns":7},{"damage":10,"enemies":"Lots of Slimes","floor":13,"turns":3},{"damage":27,"enemies":"Gremlin Nob","floor":14,"turns":5},{"damage":21,"enemies":"Hexaghost","floor":16,"turns":12},{"damage":24,"enemies":"Spheric Guardian","floor":18,"turns":7},{"damage":6,"enemies":"Shell Parasite","floor":19,"turns":7},{"damage":13,"enemies":"Snake Plant","floor":21,"turns":6},{"damage":20,"enemies":"3 Cultists","floor":22,"turns":4}],"seed_played":"5856997349233293576","potions_obtained":[{"floor":1,"key":"AttackPotion"},{"floor":3,"key":"Energy Potion"},{"floor":10,"key":"Regen Potion"},{"floor":14,"key":"FearPotion"},{"floor":21,"key":"FearPotion"}],"is_trial":false,"path_per_floor":["M","M","M","M","?","R","E","$","T","M","R","E","M","E","R","B",null,"M","M","$","M"],"character_chosen":"THE_SILENT","items_purchased":["Lantern"],"campfire_rested":1,"item_purchase_floors":[20],"current_hp_per_floor":[56,56,50,41,41,41,36,36,43,40,40,30,20,8,29,8,57,33,27,27,14,0],"gold":202,"neow_bonus":"THREE_CARDS","is_prod":false,"is_daily":false,"chose_seed":false,"campfire_upgraded":2,"win_rate":0,"timestamp":1532271873,"path_taken":["M","M","M","M","?","R","E","$","T","M","R","E","?","E","R","BOSS","M","M","$","M","M"],"build_version":"2018-07-19","purchased_purges":1,"victory":false,"max_hp_per_floor":[66,66,66,66,66,66,66,66,73,73,73,73,73,73,73,73,73,73,73,73,73,73],"card_choices":[{"not_picked":["Outmaneuver","PiercingWail"],"picked":"All Out Attack","floor":0},{"not_picked":["Choke","Deadly Poison"],"picked":"Noxious Fumes","floor":1},{"not_picked":["Catalyst","Setup"],"picked":"Deflect","floor":2},{"not_picked":["Deflect","Blade Dance"],"picked":"Tactician","floor":3},{"not_picked":["Cloak And Dagger","Sucker Punch"],"picked":"Dash","floor":4},{"not_picked":["Poisoned Stab","Prepared"],"picked":"Noxious Fumes","floor":7},{"not_picked":["Eviscerate","PiercingWail"],"picked":"Bane","floor":10},{"not_picked":["Eviscerate","Crippling Poison"],"picked":"Blur","floor":12},{"not_picked":["Predator","Quick Slash"],"picked":"Dodge and Roll","floor":13},{"not_picked":["Dagger Throw","A Thousand Cuts"],"picked":"Leg Sweep","floor":14},{"not_picked":["Blade Dance","PiercingWail"],"picked":"Backflip","floor":15},{"not_picked":["Crippling Poison+1","Flechettes"],"picked":"Prepared","floor":18},{"not_picked":["Flying Knee","Dodge and Roll"],"picked":"Prepared","floor":19},{"not_picked":["Poisoned Stab","Quick Slash"],"picked":"Well Laid Plans","floor":21}],"player_experience":770513,"relics_obtained":[{"floor":7,"key":"Vajra"},{"floor":9,"key":"Strawberry"},{"floor":12,"key":"Dream Catcher"},{"floor":14,"key":"Juzu Bracelet"}],"event_choices":[{"event_name":"Liars Game","player_choice":"disagreed","floor":5,"damage_taken":0}],"is_beta":true,"boss_relics":[{"not_picked":["Orrery","HoveringKite"],"picked":"Runic Pyramid"}],"items_purged_floors":[20],"is_endless":false,"potions_floor_spawned":[1,3,7,10,12,14,21],"killed_by":"3 Cultists","ascension_level":15}