{"gold_per_floor":[115,65,78,93,112,137,137,157,157,157,157,157,182,196,196,291,291,311,86,286,300,316,349,349,359,405,81,100,100,116,128,128,128],"floor_reached":33,"playtime":2599,"items_purged":[],"score":331,"play_id":"5f6ab1cf-0a50-42bc-9f7f-1a9b1da70858","local_time":"20190723063135","is_ascension_mode":false,"campfire_choices":[{"data":"Corruption","floor":10,"key":"SMITH"},{"data":"Bash","floor":15,"key":"SMITH"},{"data":"Feed","floor":24,"key":"SMITH"},{"floor":29,"key":"REST"},{"floor":32,"key":"REST"}],"neow_cost":"NONE","seed_source_timestamp":1136090041537225,"circlet_count":0,"master_deck":["Strike_R","Strike_R","Strike_R","Defend_R","Defend_R","Defend_R","Defend_R","Bash+1","Inflame+1","Dual Wield+1","Combust","Rupture+1","Corruption+1","Seeing Red","Metallicize","Shrug It Off","Feed+1","Flame Barrier+1","Rupture","Iron Wave","Double Tap","Flame Barrier","Seeing Red","Secret Technique","Metallicize","Cleave","Shrug It Off+1","Armaments"],"relics":["Burning Blood","Kunai","Dodecahedron","Ancient Tea Set","Black Star","Strawberry","Gremlin Horn","Bag of Preparation","PreservedInsect"],"potions_floor_usage":[6,6,13,16,23,23],"damage_taken":[{"damage":4,"enemies":"2 Louse","floor":1,"turns":3},{"damage":2,"enemies":"Small Slimes","floor":3,"turns":4},{"damage":7,"enemies":"Cultist","floor":4,"turns":3},{"damage":12,"enemies":"Red Slaver","floor":5,"turns":4},{"damage":14,"enemies":"Gremlin Nob","floor":6,"turns":4},{"damage":4,"enemies":"Large Slime","floor":8,"turns":5},{"damage":13,"enemies":"Lagavulin","floor":13,"turns":6},{"damage":5,"enemies":"Looter","floor":14,"turns":4},{"damage":24,"enemies":"Slime Boss","floor":16,"turns":9},{"damage":18,"enemies":"Chosen","floor":18,"turns":6},{"damage":6,"enemies":"Spheric Guardian","floor":21,"turns":4},{"damage":4,"enemies":"Centurion and Healer","floor":22,"turns":6},{"damage":37,"enemies":"Gremlin Leader","floor":23,"turns":7},{"damage":19,"enemies":"Cultist and Chosen","floor":25,"turns":6},{"damage":31,"enemies":"3 Cultists","floor":28,"turns":6},{"damage":29,"enemies":"Snake Plant","floor":30,"turns":6},{"damage":28,"enemies":"Cultist and Chosen","floor":31,"turns":7},{"damage":67,"enemies":"Collector","floor":33,"turns":6}],"seed_played":"-9103149205710195304","potions_obtained":[{"floor":1,"key":"AttackPotion"},{"floor":4,"key":"Energy Potion"},{"floor":5,"key":"Explosive Potion"},{"floor":6,"key":"SpeedPotion"},{"floor":16,"key":"SmokeBomb"},{"floor":18,"key":"Energy Potion"},{"floor":22,"key":"AttackPotion"}],"is_trial":false,"path_per_floor":["M","?","M","M","M","E","?","M","T","R","?","?","E","M","R","B",null,"M","$","?","M","M","E","R","M","T","$","M","R","M","M","R","B"],"character_chosen":"IRONCLAD","items_purchased":["Rupture","Strawberry","Seeing Red","Secret Technique","Metallicize"],"campfire_rested":2,"item_purchase_floors":[19,19,27,27,27],"current_hp_per_floor":[80,80,80,79,73,65,65,67,67,67,60,44,37,38,38,20,80,71,78,78,81,89,58,58,49,49,49,28,60,41,19,52,0],"gold":128,"neow_bonus":"THREE_CARDS","is_prod":false,"is_daily":false,"chose_seed":false,"campfire_upgraded":3,"win_rate":0.0,"timestamp":1563852695,"path_taken":["M","?","M","M","M","E","?","M","T","R","?","?","E","M","R","BOSS","M","$","?","?","M","E","R","M","T","$","M","R","M","M","R","BOSS"],"build_version":"2019-07-17","purchased_purges":0,"victory":false,"max_hp_per_floor":[80,80,80,80,80,80,80,80,80,80,80,80,80,80,80,80,80,83,90,90,93,99,99,99,103,103,103,107,107,111,111,111,111],"card_choices":[{"not_picked":["Wild Strike","Havoc"],"picked":"Inflame","floor":0},{"not_picked":["Blood for Blood","True Grit"],"picked":"Dual Wield","floor":1},{"not_picked":["Havoc","Sword Boomerang"],"picked":"Combust","floor":3},{"not_picked":["Pommel Strike","Corruption"],"picked":"Rupture","floor":4},{"not_picked":["Body Slam","Fire Breathing"],"picked":"Corruption","floor":5},{"not_picked":["Heavy Blade","Combust"],"picked":"Seeing Red","floor":6},{"not_picked":["Pommel Strike","Cleave"],"picked":"Metallicize","floor":8},{"not_picked":["Anger","Juggernaut"],"picked":"Shrug It Off","floor":13},{"not_picked":["Warcry","Thunderclap","Sword Boomerang"],"picked":"SKIP","floor":14},{"not_picked":["Barricade","Berserk"],"picked":"Feed","floor":16},{"not_picked":["Flex+1","Clothesline"],"picked":"Flame Barrier+1","floor":18},{"not_picked":["Wild Strike","Flex"],"picked":"Iron Wave","floor":21},{"not_picked":["Headbutt+1","Flex+1"],"picked":"Double Tap","floor":22},{"not_picked":["Thunderclap+1","Inflame"],"picked":"Flame Barrier","floor":23},{"not_picked":["Anger","Headbutt","Burning Pact"],"picked":"SKIP","floor":25},{"not_picked":["Reckless Charge","Pommel Strike"],"picked":"Cleave","floor":28},{"not_picked":["Power Through","Perfected Strike"],"picked":"Shrug It Off+1","floor":30},{"not_picked":["Headbutt","Warcry"],"picked":"Armaments","floor":31}],"player_experience":71791,"relics_obtained":[{"floor":6,"key":"Kunai"},{"floor":9,"key":"Dodecahedron"},{"floor":13,"key":"Ancient Tea Set"},{"floor":23,"key":"Gremlin Horn"},{"floor":23,"key":"Bag of Preparation"},{"floor":26,"key":"PreservedInsect"}],"event_choices":[{"cards_removed":["Strike_R"],"damage_healed":0,"gold_gain":0,"player_choice":"Card Removal","damage_taken":0,"max_hp_gain":0,"max_hp_loss":0,"event_name":"The Cleric","floor":2,"gold_loss":50},{"damage_healed":0,"gold_gain":0,"player_choice":"Grow","damage_taken":0,"max_hp_gain":0,"max_hp_loss":0,"event_name":"Living Wall","floor":7,"gold_loss":0,"cards_upgraded":["Inflame"]},{"cards_removed":["Strike_R"],"damage_healed":0,"gold_gain":0,"player_choice":"Card Removal","damage_taken":7,"max_hp_gain":0,"max_hp_loss":0,"event_name":"Golden Wing","floor":11,"gold_loss":0},{"damage_healed":0,"gold_gain":0,"player_choice":"Entered Light","damage_taken":16,"max_hp_gain":0,"max_hp_loss":0,"event_name":"Shining Light","floor":12,"gold_loss":0,"cards_upgraded":["Rupture","Dual Wield"]},{"damage_healed":0,"gold_gain":200,"player_choice":"Gold","damage_taken":0,"max_hp_gain":0,"max_hp_loss":0,"event_name":"Wheel of Change","floor":20,"gold_loss":0}],"is_beta":false,"boss_relics":[{"not_picked":["Velvet Choker","Lizard Tail"],"picked":"Black Star"}],"items_purged_floors":[],"is_endless":false,"potions_floor_spawned":[1,4,5,6,16,18,22],"killed_by":"Collector","ascension_level":0}