{"gold_per_floor":[364,306,231,245,261,276,276,291,318,181,181,256,266,277,277,380,380,394,319,194,194,205,205,234,234,306,306,9,9,9,20,20,121,121,133,55,66,66,66,66,85,85,85,85,85,85,12,28,28,28],"floor_reached":51,"playtime":1107,"items_purged":["Regret","Strike_R","Strike_R","Strike_R"],"score":803,"play_id":"73d81fd0-821e-4402-89d4-dfbb11ae2ba9","local_time":"20190703232558","is_ascension_mode":false,"campfire_choices":[{"data":"Searing Blow","floor":7.0,"key":"SMITH"},{"data":"Searing Blow+1","floor":11.0,"key":"SMITH"},{"data":"Searing Blow+2","floor":15.0,"key":"SMITH"},{"data":"Searing Blow+3","floor":23.0,"key":"SMITH"},{"data":"Searing Blow+4","floor":29.0,"key":"SMITH"},{"data":"Searing Blow+5","floor":32.0,"key":"SMITH"},{"data":"Searing Blow+6","floor":40.0,"key":"SMITH"},{"data":"Searing Blow+7","floor":42.0,"key":"SMITH"},{"data":"Searing Blow+8","floor":45.0,"key":"SMITH"},{"data":"Searing Blow+10","floor":49.0,"key":"SMITH"}],"neow_cost":"CURSE","seed_source_timestamp":33537227720804,"circlet_count":0,"master_deck":["Strike_R+1","Defend_R+1","Defend_R+1","Defend_R+1","Defend_R+1","Bash+1","Searing Blow+11","Armaments+1","Impervious+1","Battle Trance+1"],"special_seed":0,"relics":["Burning Blood","Bag of Marbles","MawBank","Busted Crown","Orichalcum","Lantern","Mercury Hourglass","Bag of Preparation","Cursed Key","Mark of the Bloom"],"potions_floor_usage":[50,50,50],"damage_taken":[{"damage":2.0,"enemies":"2 Louse","floor":1.0,"turns":3.0},{"damage":1.0,"enemies":"Cultist","floor":4.0,"turns":3.0},{"damage":6.0,"enemies":"Jaw Worm","floor":5.0,"turns":5.0},{"damage":10.0,"enemies":"Looter","floor":6.0,"turns":3.0},{"damage":7.0,"enemies":"Blue Slaver","floor":8.0,"turns":3.0},{"damage":17.0,"enemies":"Exordium Thugs","floor":13.0,"turns":6.0},{"damage":3.0,"enemies":"Large Slime","floor":14.0,"turns":4.0},{"damage":54.0,"enemies":"Slime Boss","floor":16.0,"turns":12.0},{"damage":10.0,"enemies":"Chosen","floor":18.0,"turns":4.0},{"damage":0.0,"enemies":"2 Thieves","floor":22.0,"turns":4.0},{"damage":8.0,"enemies":"Slavers","floor":24.0,"turns":6.0},{"damage":0.0,"enemies":"Snake Plant","floor":31.0,"turns":1.0},{"damage":77.0,"enemies":"Automaton","floor":33.0,"turns":10.0},{"damage":0.0,"enemies":"3 Darklings","floor":35.0,"turns":5.0},{"damage":0.0,"enemies":"Orb Walker","floor":37.0,"turns":1.0},{"damage":8.0,"enemies":"3 Darklings","floor":41.0,"turns":6.0},{"damage":0.0,"enemies":"Writhing Mass","floor":48.0,"turns":1.0},{"damage":64,"enemies":"Awakened One","floor":50,"turns":5}],"seed_played":"-5936323409762656424","potions_obtained":[{"floor":4.0,"key":"GamblersBrew"},{"floor":5.0,"key":"Block Potion"},{"floor":13.0,"key":"Fire Potion"},{"floor":22.0,"key":"SpeedPotion"},{"floor":24.0,"key":"Regen Potion"},{"floor":35.0,"key":"EssenceOfSteel"}],"is_trial":false,"path_per_floor":["M","?","$","M","M","M","R","M","T","$","R","?","M","M","R","B",null,"M","?","$","?","M","R","E","?","T","?","$","R","?","M","R","B",null,"M","$","M","$","?","R","M","R","T","$","R","?","$","M","R","B",null],"character_chosen":"IRONCLAD","items_purchased":["Armaments","Bag of Preparation","Battle Trance","EssenceOfSteel"],"campfire_rested":0,"item_purchase_floors":[10,28,36,47],"current_hp_per_floor":[80,80,80,80,80,76,76,75,75,75,75,64,53,56,56,8,80,76,76,76,61,67,67,65,65,65,65,65,65,85,85,85,14,85,85,85,85,85,81,81,79,79,79,79,79,79,79,79,79,15],"gold":28,"neow_bonus":"TWO_FIFTY_GOLD","is_prod":false,"is_daily":false,"chose_seed":false,"campfire_upgraded":10,"win_rate":0,"timestamp":1562167558,"path_taken":["M","?","$","M","M","M","R","?","T","$","R","?","M","M","R","BOSS","M","?","$","?","?","R","E","?","T","?","?","R","?","M","R","BOSS","M","$","?","?","?","R","M","R","T","$","R","?","?","M","R","BOSS"],"build_version":"2019-07-01","purchased_purges":4,"victory":true,"max_hp_per_floor":[80,80,80,80,80,80,80,80,80,80,80,80,80,80,80,80,80,80,80,80,85,85,85,85,85,85,85,85,85,85,85,85,85,85,85,85,85,85,81,81,81,81,81,81,81,81,81,81,81,81],"card_choices":[{"not_picked":["Havoc","Body Slam"],"picked":"Searing Blow","floor":1.0},{"not_picked":["Clothesline","Clash","Thunderclap"],"picked":"SKIP","floor":4.0},{"not_picked":["Bloodletting","Anger","Perfected Strike"],"picked":"SKIP","floor":5.0},{"not_picked":["True Grit","Metallicize","Sever Soul"],"picked":"SKIP","floor":6.0},{"not_picked":["Combust","Fire Breathing","Sword Boomerang"],"picked":"SKIP","floor":8.0},{"not_picked":["Reckless Charge","Rampage","Clothesline"],"picked":"SKIP","floor":13.0},{"not_picked":["Havoc","Rage","Hemokinesis"],"picked":"SKIP","floor":14.0},{"not_picked":["Demon Form","Reaper"],"picked":"Impervious","floor":16.0},{"not_picked":["Havoc"],"picked":"SKIP","floor":18.0},{"not_picked":["Dropkick"],"picked":"SKIP","floor":22.0},{"not_picked":["Uppercut"],"picked":"SKIP","floor":24.0},{"not_picked":["Flame Barrier+1"],"picked":"SKIP","floor":31.0},{"not_picked":["Havoc+1"],"picked":"SKIP","floor":35.0},{"not_picked":["Cleave+1"],"picked":"SKIP","floor":37.0},{"not_picked":["Thunderclap"],"picked":"SKIP","floor":41.0},{"not_picked":["Shrug It Off"],"picked":"SKIP","floor":48.0}],"player_experience":5643124,"relics_obtained":[{"floor":9.0,"key":"MawBank"},{"floor":24.0,"key":"Orichalcum"},{"floor":26.0,"key":"Mercury Hourglass"}],"event_choices":[{"damage_healed":0.0,"max_hp_gain":0.0,"max_hp_loss":0.0,"gold_gain":0.0,"event_name":"WeMeetAgain","player_choice":"Paid Gold","floor":2.0,"gold_loss":58.0,"damage_taken":0.0,"relics_obtained":["Bag of Marbles"]},{"damage_healed":0.0,"max_hp_gain":0.0,"max_hp_loss":0.0,"gold_gain":75.0,"event_name":"World of Goop","player_choice":"Gather Gold","floor":12.0,"gold_loss":0.0,"damage_taken":11.0},{"cards_removed":["Strike_R"],"damage_healed":0.0,"max_hp_gain":0.0,"max_hp_loss":0.0,"gold_gain":0.0,"event_name":"Beggar","player_choice":"Gave Gold","floor":19.0,"gold_loss":75.0,"damage_taken":0.0},{"damage_healed":0.0,"max_hp_gain":5.0,"max_hp_loss":0.0,"gold_gain":0.0,"event_name":"Forgotten Altar","player_choice":"Shed Blood","floor":21.0,"gold_loss":0.0,"damage_taken":20.0},{"damage_healed":0.0,"max_hp_gain":0.0,"max_hp_loss":0.0,"gold_gain":0.0,"event_name":"The Mausoleum","player_choice":"Opened","floor":25.0,"gold_loss":0.0,"damage_taken":0.0,"relics_obtained":["Lantern"]},{"damage_healed":0.0,"max_hp_gain":0.0,"max_hp_loss":0.0,"gold_gain":0.0,"event_name":"Ghosts","player_choice":"Ignored","floor":27.0,"gold_loss":0.0,"damage_taken":0.0},{"damage_healed":20.0,"max_hp_gain":0.0,"max_hp_loss":0.0,"gold_gain":0.0,"event_name":"Wheel of Change","player_choice":"Full Heal","floor":30.0,"gold_loss":0.0,"damage_taken":0.0},{"damage_healed":0.0,"max_hp_gain":0.0,"max_hp_loss":4.0,"gold_gain":0.0,"event_name":"Winding Halls","player_choice":"Max HP","floor":39.0,"gold_loss":0.0,"damage_taken":0.0},{"damage_healed":0.0,"max_hp_gain":0.0,"max_hp_loss":0.0,"gold_gain":0.0,"event_name":"MindBloom","player_choice":"Upgrade","floor":46.0,"gold_loss":0.0,"damage_taken":0.0,"cards_upgraded":["Strike_R","Defend_R","Defend_R","Defend_R","Defend_R","Bash","Searing Blow","Armaments","Impervious","Battle Trance"],"relics_obtained":["Mark of the Bloom"]}],"is_beta":false,"boss_relics":[{"not_picked":["Philosopher\u0027s Stone","Lizard Tail"],"picked":"Busted Crown"},{"not_picked":["Runic Cube","Pandora\u0027s Box"],"picked":"Cursed Key"}],"items_purged_floors":[3,10,20,28],"is_endless":false,"potions_floor_spawned":[4,5,13,22,24,35],"ascension_level":0}