{"gold_per_floor":[111,71,71,41,56,97,97,9,33,81,96,137,137,175,175,271,271,286,133,146,164,184,184,184,184,210,210,210],"floor_reached":28,"playtime":833,"items_purged":["Strike_G"],"score":558,"play_id":"9c91f9fe-03b7-46c3-b234-813235fe3a15","local_time":"20190719183328","is_ascension_mode":true,"campfire_choices":[{"data":"Noxious Fumes","floor":13.0,"key":"SMITH"},{"data":"Bouncing Flask","floor":15.0,"key":"SMITH"},{"data":"Catalyst","floor":23.0,"key":"SMITH"},{"data":"Bullet Time","floor":25.0,"key":"SMITH"}],"neow_cost":"NONE","seed_source_timestamp":1070073510555842,"circlet_count":0,"master_deck":["AscendersBane","Strike_G","Strike_G","Strike_G","Strike_G","Defend_G","Defend_G+1","Defend_G","Defend_G","Defend_G","Survivor","Neutralize+1","Caltrops","Noxious Fumes+1","Deadly Poison","Well Laid Plans","Backflip","Bouncing Flask+1","Bullet Time+1","Catalyst+1","Acrobatics"],"special_seed":0,"relics":["Ring of the Serpent","NeowsBlessing","Golden Idol","Anchor","Bag of Preparation","Snake Skull","Blue Candle","Happy Flower","Art of War"],"potions_floor_usage":[28],"damage_taken":[{"damage":0.0,"enemies":"Cultist","floor":1.0,"turns":1.0},{"damage":0.0,"enemies":"Jaw Worm","floor":5.0,"turns":1.0},{"damage":0.0,"enemies":"Gremlin Nob","floor":6.0,"turns":1.0},{"damage":4.0,"enemies":"Small Slimes","floor":11.0,"turns":3.0},{"damage":12.0,"enemies":"3 Sentries","floor":12.0,"turns":6.0},{"damage":26.0,"enemies":"Gremlin Nob","floor":14.0,"turns":4.0},{"damage":7.0,"enemies":"Hexaghost","floor":16.0,"turns":7.0},{"damage":3.0,"enemies":"Chosen","floor":18.0,"turns":4.0},{"damage":3.0,"enemies":"Spheric Guardian","floor":20.0,"turns":3.0},{"damage":5.0,"enemies":"Snecko","floor":21.0,"turns":4.0},{"damage":21.0,"enemies":"Snake Plant","floor":22.0,"turns":4.0},{"damage":0.0,"enemies":"Gremlin Leader","floor":24.0,"turns":2.0},{"damage":9,"enemies":"Colosseum Slavers","floor":27,"turns":4},{"damage":13,"enemies":"Chosen and Byrds","floor":28,"turns":2}],"seed_played":"-3152964401637023418","potions_obtained":[{"floor":4.0,"key":"Ancient Potion"},{"floor":4.0,"key":"SneckoOil"},{"floor":6.0,"key":"Regen Potion"},{"floor":14.0,"key":"FearPotion"},{"floor":20.0,"key":"SmokeBomb"}],"is_trial":false,"path_per_floor":["M","$","?","?","M","E","?","$","T","T","M","E","R","E","R","B",null,"M","$","M","M","M","R","E","R","T","?","M"],"character_chosen":"THE_SILENT","items_purchased":["Noxious Fumes","Well Laid Plans","Catalyst"],"campfire_rested":0,"item_purchase_floors":[2,8,19],"current_hp_per_floor":[59,59,59,59,59,59,41,41,41,41,37,25,25,11,11,4,46,43,43,40,35,14,14,14,14,14,5,0],"gold":210,"neow_bonus":"THREE_ENEMY_KILL","is_prod":false,"is_daily":false,"chose_seed":false,"campfire_upgraded":4,"win_rate":0,"timestamp":1563532408,"path_taken":["M","?","?","?","?","E","?","?","T","?","M","E","R","E","R","BOSS","M","$","M","M","M","R","E","R","T","?","M"],"build_version":"2019-07-17","purchased_purges":1,"victory":false,"max_hp_per_floor":[66,66,60,60,60,60,60,60,60,60,60,60,60,60,60,60,60,60,60,60,60,60,60,60,60,60,60,60],"card_choices":[{"not_picked":["Blade Dance","Underhanded Strike"],"picked":"Caltrops","floor":1.0},{"not_picked":["Flechettes","Quick Slash"],"picked":"Deadly Poison","floor":5.0},{"not_picked":["Deflect","Expertise","Poisoned Stab"],"picked":"SKIP","floor":6.0},{"not_picked":["Bane","Flying Knee"],"picked":"Backflip","floor":11.0},{"not_picked":["Slice","Reflex","Dodge and Roll"],"picked":"SKIP","floor":12.0},{"not_picked":["Dodge and Roll","Cloak And Dagger","Bouncing Flask"],"picked":"SKIP","floor":14.0},{"not_picked":["Dodge and Roll","Cloak And Dagger"],"picked":"Bouncing Flask","floor":14.0},{"not_picked":["Grand Finale","Venomology"],"picked":"Bullet Time","floor":16.0},{"not_picked":["Flying Knee","Deadly Poison","Deflect"],"picked":"SKIP","floor":18.0},{"not_picked":["Dagger Throw","Caltrops","Deflect"],"picked":"SKIP","floor":20.0},{"not_picked":["Bouncing Flask","Prepared","Flying Knee+1"],"picked":"SKIP","floor":21.0},{"not_picked":["Terror","Dagger Spray+1"],"picked":"Acrobatics","floor":22.0}],"player_experience":1632344,"relics_obtained":[{"floor":6.0,"key":"Anchor"},{"floor":9.0,"key":"Bag of Preparation"},{"floor":10.0,"key":"Snake Skull"},{"floor":12.0,"key":"Blue Candle"},{"floor":14.0,"key":"Happy Flower"},{"floor":26.0,"key":"Art of War"}],"event_choices":[{"damage_healed":0.0,"max_hp_gain":0.0,"max_hp_loss":6.0,"gold_gain":0.0,"event_name":"Golden Idol","player_choice":"Lose Max HP","floor":3.0,"gold_loss":0.0,"damage_taken":0.0,"relics_obtained":["Golden Idol"]},{"damage_healed":0.0,"max_hp_gain":0.0,"max_hp_loss":0.0,"gold_gain":0.0,"event_name":"The Woman in Blue","player_choice":"Bought 2 Potions","floor":4.0,"gold_loss":0.0,"damage_taken":0.0},{"damage_healed":0.0,"max_hp_gain":0.0,"max_hp_loss":0.0,"gold_gain":0.0,"event_name":"Shining Light","player_choice":"Entered Light","floor":7.0,"gold_loss":0.0,"damage_taken":18.0,"cards_upgraded":["Defend_G","Neutralize"]},{"damage_healed":0,"gold_gain":0,"player_choice":"Fight","damage_taken":0,"max_hp_gain":0,"max_hp_loss":0,"event_name":"Colosseum","floor":27,"gold_loss":0},{"damage_healed":0,"gold_gain":0,"player_choice":"Fled From Nobs","damage_taken":0,"max_hp_gain":0,"max_hp_loss":0,"event_name":"Colosseum","floor":27,"gold_loss":0}],"is_beta":false,"boss_relics":[{"not_picked":["Philosopher\u0027s Stone","Sozu"],"picked":"Ring of the Serpent"}],"items_purged_floors":[19],"is_endless":false,"potions_floor_spawned":[6,11,14,18,20,24],"killed_by":"Chosen and Byrds","ascension_level":20}