{"gold_per_floor":[111,111,111,27,27,27,41,11,36,36,56,56,70,70,70,144,144,160,520,470,299,313,313,178,178,202,202,220,238,248,248,248,319,319,336,121,121,31,43,43,76,76,126,146,146,172,172,205,205,205,205,205,205,70,102,102],"floor_reached":57,"playtime":1908,"items_purged":["Strike_G","Strike_G","Strike_G","Strike_G","Strike_G"],"score":2908,"play_id":"1b294401-b472-4bd2-b674-ae9141cdeeb5","local_time":"20181228000616","is_ascension_mode":true,"campfire_choices":[{"data":"Neutralize","floor":6.0,"key":"SMITH"},{"data":"Poisoned Stab","floor":10.0,"key":"SMITH"},{"data":"Catalyst","floor":12.0,"key":"SMITH"},{"data":"Bouncing Flask","floor":15.0,"key":"SMITH"},{"data":"Noxious Fumes","floor":23.0,"key":"SMITH"},{"data":"Leg Sweep","floor":25.0,"key":"SMITH"},{"data":"Corpse Explosion","floor":27.0,"key":"SMITH"},{"floor":32.0,"key":"REST"},{"data":"Well Laid Plans","floor":40.0,"key":"SMITH"},{"floor":45.0,"key":"RECALL"},{"data":"Footwork","floor":47,"key":"SMITH"},{"data":"Footwork","floor":49,"key":"SMITH"},{"data":"Burst","floor":53,"key":"SMITH"}],"neow_cost":"NONE","seed_source_timestamp":42759720763027,"circlet_count":0,"master_deck":["AscendersBane","Defend_G","Defend_G","Defend_G+1","Defend_G+1","Survivor","Neutralize+1","Predator","Footwork+1","Catalyst+1","Poisoned Stab+1","Bouncing Flask+1","Footwork+1","Corpse Explosion+1","Leg Sweep+1","Noxious Fumes+1","Adrenaline","Backflip","Backflip+1","Burst+1","Well Laid Plans+1","Backflip","Tools of the Trade","Clumsy","Deadly Poison+1","Caltrops+1","Catalyst"],"special_seed":0,"relics":["Ring of the Snake","Blood Vial","Smiling Mask","Velvet Choker","Cursed Key","Bag of Preparation","Potion Belt","Lantern","Vajra","Bronze Scales","Oddly Smooth Stone"],"potions_floor_usage":[56,56,56],"damage_taken":[{"damage":6.0,"enemies":"2 Louse","floor":1.0,"turns":3.0},{"damage":1.0,"enemies":"Small Slimes","floor":7.0,"turns":3.0},{"damage":0.0,"enemies":"Cultist","floor":11.0,"turns":3.0},{"damage":13.0,"enemies":"Large Slime","floor":13.0,"turns":2.0},{"damage":0.0,"enemies":"The Guardian","floor":16.0,"turns":7.0},{"damage":0.0,"enemies":"Shell Parasite","floor":18.0,"turns":4.0},{"damage":0.0,"enemies":"Spheric Guardian","floor":22.0,"turns":3.0},{"damage":4.0,"enemies":"Shelled Parasite and Fungi","floor":28.0,"turns":5.0},{"damage":9.0,"enemies":"Snake Plant","floor":29.0,"turns":4.0},{"damage":1.0,"enemies":"Centurion and Healer","floor":30.0,"turns":4.0},{"damage":19.0,"enemies":"Automaton","floor":33.0,"turns":8.0},{"damage":0.0,"enemies":"3 Shapes","floor":35.0,"turns":2.0},{"damage":0.0,"enemies":"Orb Walker","floor":39.0,"turns":3.0},{"damage":0.0,"enemies":"Giant Head","floor":41.0,"turns":5.0},{"damage":14.0,"enemies":"3 Darklings","floor":44.0,"turns":3.0},{"damage":0,"enemies":"Nemesis","floor":46,"turns":5},{"damage":5,"enemies":"Reptomancer","floor":48,"turns":5},{"damage":19,"enemies":"Donu and Deca","floor":50,"turns":6},{"damage":9,"enemies":"Awakened One","floor":51,"turns":18},{"damage":4,"enemies":"Shield and Spear","floor":55,"turns":5},{"damage":35,"enemies":"The Heart","floor":56,"turns":7}],"seed_played":"2261027939213560211","potions_obtained":[{"floor":7.0,"key":"Energy Potion"},{"floor":11.0,"key":"SkillPotion"},{"floor":22.0,"key":"SkillPotion"},{"floor":28.0,"key":"LiquidBronze"},{"floor":29.0,"key":"SkillPotion"},{"floor":41.0,"key":"SmokeBomb"},{"floor":46,"key":"SkillPotion"}],"is_trial":false,"path_per_floor":["M","?","?","$","?","R","M","$","T","R","M","R","M","?","R","B",null,"M","?","$","$","M","R","$","R","T","R","M","M","M","?","R","B",null,"M","$","?","$","M","R","E","?","T","M","R","E","R","E","R","B","B",null,"R","$","E","B",null],"character_chosen":"THE_SILENT","items_purchased":["Footwork","Poisoned Stab","Leg Sweep","Noxious Fumes","Adrenaline","Bag of Preparation","Well Laid Plans","GamblersBrew"],"campfire_rested":1,"item_purchase_floors":[4,8,21,21,24,36,38,54],"current_hp_per_floor":[55,60,60,60,60,60,61,61,61,61,63,63,52,31,31,33,62,64,29,29,29,31,31,31,31,31,31,29,22,23,3,25,8,59,61,61,61,61,63,63,65,65,65,53,53,55,55,52,52,35,28,61,61,61,59,26],"gold":102,"neow_bonus":"RANDOM_COMMON_RELIC","is_prod":false,"is_daily":false,"chose_seed":false,"campfire_upgraded":11,"win_rate":0,"timestamp":1545926776,"path_taken":["M","?","?","$","?","R","M","$","T","R","M","R","M","?","R","BOSS","M","?","?","$","M","R","$","R","T","R","M","M","M","?","R","BOSS","M","$","?","$","M","R","E","?","T","M","R","E","R","E","R","BOSS","BOSS","R","$","E","BOSS"],"build_version":"2018-12-20","purchased_purges":5,"victory":true,"max_hp_per_floor":[66,71,71,71,71,71,71,71,71,71,71,71,71,71,71,71,71,71,71,71,71,71,71,71,71,71,71,71,71,71,76,76,76,76,76,76,76,76,76,76,76,72,72,72,72,72,72,72,72,72,72,72,72,72,72,72],"card_choices":[{"not_picked":["Deflect","Flechettes"],"picked":"Predator","floor":1.0},{"not_picked":["Distraction","Blur"],"picked":"Catalyst","floor":7.0},{"not_picked":["Dodge and Roll","Blade Dance"],"picked":"Bouncing Flask","floor":11.0},{"not_picked":["Bullet Time","Underhanded Strike"],"picked":"Footwork","floor":13.0},{"not_picked":["Tools of the Trade","Grand Finale"],"picked":"Corpse Explosion","floor":16.0},{"not_picked":["Accuracy","Prepared","Outmaneuver"],"picked":"SKIP","floor":18.0},{"not_picked":["Infinite Blades+1","Flying Knee","PiercingWail"],"picked":"SKIP","floor":22.0},{"not_picked":["Finisher","Eviscerate"],"picked":"Backflip","floor":28.0},{"not_picked":["Slice+1","Predator","Sucker Punch"],"picked":"SKIP","floor":29.0},{"not_picked":["Underhanded Strike","Dodge and Roll"],"picked":"Backflip+1","floor":30.0},{"not_picked":["Night Terror","Glass Knife"],"picked":"Burst","floor":33.0},{"not_picked":["Sucker Punch","Riddle With Holes","Slice"],"picked":"SKIP","floor":35.0},{"not_picked":["PiercingWail","Endless Agony"],"picked":"Backflip","floor":39.0},{"not_picked":["Sucker Punch+1","Leg Sweep+1"],"picked":"Tools of the Trade","floor":41.0},{"not_picked":["Blade Dance","PiercingWail","Choke+1"],"picked":"SKIP","floor":44.0},{"not_picked":["Dodge and Roll+1","Outmaneuver+1"],"picked":"Deadly Poison+1","floor":46},{"not_picked":["Bullet Time","Reflex+1"],"picked":"Caltrops+1","floor":48},{"not_picked":["Dagger Throw","Quick Slash"],"picked":"Catalyst","floor":55}],"player_experience":1540453,"relics_obtained":[{"floor":9.0,"key":"Smiling Mask"},{"floor":41.0,"key":"Potion Belt"},{"floor":43.0,"key":"Lantern"},{"floor":46,"key":"Vajra"},{"floor":48,"key":"Bronze Scales"},{"floor":55,"key":"Oddly Smooth Stone"}],"event_choices":[{"damage_healed":0.0,"max_hp_gain":5.0,"max_hp_loss":0.0,"gold_gain":0.0,"event_name":"Big Fish","player_choice":"Donut","floor":2.0,"gold_loss":0.0,"damage_taken":0.0},{"cards_removed":["Defend_G"],"damage_healed":0.0,"max_hp_gain":0.0,"max_hp_loss":0.0,"gold_gain":0.0,"event_name":"Living Wall","player_choice":"Forget","floor":3.0,"gold_loss":0.0,"damage_taken":0.0},{"damage_healed":0.0,"max_hp_gain":0.0,"max_hp_loss":0.0,"gold_gain":0.0,"event_name":"The Cleric","player_choice":"Leave","floor":5.0,"gold_loss":0.0,"damage_taken":0.0},{"damage_healed":0.0,"max_hp_gain":0.0,"max_hp_loss":0.0,"gold_gain":0.0,"event_name":"Shining Light","player_choice":"Entered Light","floor":14.0,"gold_loss":0.0,"damage_taken":21.0,"cards_upgraded":["Defend_G","Defend_G"]},{"damage_healed":0.0,"max_hp_gain":0.0,"max_hp_loss":0.0,"gold_gain":360.0,"event_name":"Knowing Skull","player_choice":"GOLD GOLD GOLD GOLD ","floor":19.0,"potions_obtained":[],"gold_loss":0.0,"damage_taken":35.0,"cards_obtained":[]},{"damage_healed":0.0,"max_hp_gain":5.0,"max_hp_loss":0.0,"gold_gain":0.0,"event_name":"Forgotten Altar","player_choice":"Shed Blood","floor":31.0,"gold_loss":0.0,"damage_taken":25.0},{"damage_healed":0.0,"max_hp_gain":0.0,"max_hp_loss":0.0,"gold_gain":0.0,"event_name":"Tomb of Lord Red Mask","player_choice":"Ignored","floor":37.0,"gold_loss":0.0,"damage_taken":0.0},{"damage_healed":0.0,"max_hp_gain":0.0,"max_hp_loss":4.0,"gold_gain":0.0,"event_name":"Winding Halls","player_choice":"Max HP","floor":42.0,"gold_loss":0.0,"damage_taken":0.0}],"is_beta":false,"boss_relics":[{"not_picked":["Astrolabe","Orrery"],"picked":"Velvet Choker"},{"not_picked":["Eternal Feather","Sozu"],"picked":"Cursed Key"}],"items_purged_floors":[20,21,24,36,54],"is_endless":false,"potions_floor_spawned":[7,11,16,22,28,29,41,46],"ascension_level":20}