{"gold_per_floor":[113,123,123,137,62,62,88,101,101,131,56,69,69,88,88,88],"floor_reached":16,"playtime":543,"items_purged":["Strike_G"],"score":224,"play_id":"e1977b89-27ca-473a-80b3-3b3e2b0a70c9","local_time":"20190125130103","is_ascension_mode":true,"campfire_choices":[{"data":"Calculated Gamble","floor":6.0,"key":"SMITH"},{"data":"Masterful Stab","floor":13.0,"key":"SMITH"},{"data":"Acrobatics","floor":15.0,"key":"SMITH"}],"neow_cost":"NONE","seed_source_timestamp":10788174862973,"circlet_count":0,"master_deck":["AscendersBane","Defend_G","Defend_G","Defend_G","Defend_G","Defend_G","Strike_G","Strike_G","Survivor","Neutralize","Calculated Gamble+1","Masterful Stab+1","Terror","Backflip","Acrobatics+1"],"special_seed":0,"relics":["Ring of the Snake","Bag of Marbles","Singing Bowl"],"potions_floor_usage":[],"damage_taken":[{"damage":1.0,"enemies":"Cultist","floor":1.0,"turns":4.0},{"damage":0.0,"enemies":"2 Louse","floor":2.0,"turns":4.0},{"damage":0.0,"enemies":"Jaw Worm","floor":4.0,"turns":3.0},{"damage":7.0,"enemies":"3 Sentries","floor":7.0,"turns":8.0},{"damage":0.0,"enemies":"3 Louse","floor":8.0,"turns":4.0},{"damage":38.0,"enemies":"Lagavulin","floor":10.0,"turns":7.0},{"damage":0.0,"enemies":"Looter","floor":12.0,"turns":3.0},{"damage":0.0,"enemies":"Blue Slaver","floor":14.0,"turns":3.0},{"damage":8,"enemies":"The Guardian","floor":16,"turns":11}],"seed_played":"3931886228070916825","potions_obtained":[{"floor":2.0,"key":"Fire Potion"},{"floor":4.0,"key":"Explosive Potion"},{"floor":10.0,"key":"FairyPotion"},{"floor":14.0,"key":"Swift Potion"}],"is_trial":false,"path_per_floor":["M","M","?","M","$","R","E","M","T","E","?","M","R","M","R","B"],"character_chosen":"THE_SILENT","items_purchased":[],"campfire_rested":0,"item_purchase_floors":[],"current_hp_per_floor":[64,64,64,64,64,64,57,57,57,21,21,23,23,25,25,17],"gold":88,"neow_bonus":"TEN_PERCENT_HP_BONUS","is_prod":false,"is_daily":false,"chose_seed":false,"campfire_upgraded":3,"win_rate":0,"timestamp":1548392463,"path_taken":["M","M","?","M","$","R","E","M","T","E","?","M","R","M","R","BOSS"],"build_version":"2019-01-23","purchased_purges":1,"victory":false,"max_hp_per_floor":[72,72,72,72,72,72,72,72,72,74,74,76,76,78,78,78],"card_choices":[{"not_picked":["Deflect","PiercingWail"],"picked":"Calculated Gamble","floor":1.0},{"not_picked":["Dodge and Roll","Blade Dance"],"picked":"Masterful Stab","floor":2.0},{"not_picked":["Outmaneuver","Underhanded Strike"],"picked":"Backflip","floor":4.0},{"not_picked":["Skewer","Prepared"],"picked":"Acrobatics","floor":7.0},{"not_picked":["Caltrops","Backflip","Dagger Spray"],"picked":"SKIP","floor":8.0},{"not_picked":["Blur","Predator","Flying Knee"],"picked":"Singing Bowl","floor":10.0},{"not_picked":["Acrobatics","Dagger Spray","Poisoned Stab"],"picked":"Singing Bowl","floor":12.0},{"not_picked":["Caltrops","Dagger Throw","Prepared"],"picked":"Singing Bowl","floor":14.0}],"player_experience":1343109,"relics_obtained":[{"floor":7.0,"key":"Bag of Marbles"},{"floor":10.0,"key":"Singing Bowl"}],"event_choices":[{"damage_healed":0.0,"max_hp_gain":0.0,"max_hp_loss":0.0,"gold_gain":0.0,"cards_transformed":["Strike_G"],"event_name":"Living Wall","player_choice":"Change","floor":3.0,"gold_loss":0.0,"damage_taken":0.0,"cards_obtained":["Terror"]},{"cards_removed":["Strike_G"],"damage_healed":0.0,"max_hp_gain":0.0,"max_hp_loss":0.0,"gold_gain":0.0,"event_name":"The Cleric","player_choice":"Card Removal","floor":11.0,"gold_loss":75.0,"damage_taken":0.0}],"is_beta":true,"boss_relics":[],"items_purged_floors":[5],"is_endless":false,"potions_floor_spawned":[2,4,10,14],"killed_by":"The Guardian","ascension_level":20}