{"gold_per_floor":[116,131,142,156,12,47,47,12,64,64,92,92,109,119,119,218,218,236,136,106,123,44,74,86,117,169,169,179,189,200,3,3,101,101,121,139,153,153,153,153,182,57,128,128,143,168,180,192,204,216,228,240,5,30,30],"floor_reached":56,"playtime":4156,"items_purged":["Strike_G","Strike_G","Eviscerate"],"score":1886,"play_id":"de266999-43be-4768-8a3f-58cddef14466","local_time":"20190806210236","is_ascension_mode":true,"campfire_choices":[{"data":"Noxious Fumes","floor":10.0,"key":"SMITH"},{"floor":15.0,"key":"REST"},{"data":"Footwork","floor":27.0,"key":"SMITH"},{"floor":32.0,"key":"REST"},{"floor":40.0,"key":"REST"},{"data":"Well Laid Plans","floor":44.0,"key":"SMITH"},{"floor":47.0,"key":"REST"},{"floor":49.0,"key":"RECALL"},{"data":"Wraith Form v2","floor":52.0,"key":"SMITH"}],"neow_cost":"NONE","seed_source_timestamp":0,"circlet_count":0,"master_deck":["AscendersBane","Survivor","Neutralize+1","Poisoned Stab","Footwork+1","Acrobatics","Dodge and Roll+1","Noxious Fumes+1","Footwork","Blur+1","Malaise","Prepared","Corpse Explosion","Concentrate","Blur","Night Terror","Clumsy","Dash","Wraith Form v2+1","Underhanded Strike","Unload","Dodge and Roll","Bouncing Flask","Quick Slash","Deadly Poison","Footwork","Catalyst","Well Laid Plans+1","Regret","Deflect","Wraith Form v2+1","Backflip","Well Laid Plans"],"special_seed":0,"relics":["Ring of the Snake","Bottled Tornado","Anchor","Potion Belt","Cursed Key","Mango","Dodecahedron","Snake Skull","OrangePellets","Pandora\u0027s Box","Kunai","MawBank","DollysMirror","Bronze Scales"],"potions_floor_usage":[55,55,55],"damage_taken":[{"damage":0.0,"enemies":"2 Louse","floor":1.0,"turns":4.0},{"damage":1.0,"enemies":"Cultist","floor":2.0,"turns":4.0},{"damage":0.0,"enemies":"Small Slimes","floor":3.0,"turns":5.0},{"damage":8.0,"enemies":"Looter","floor":4.0,"turns":5.0},{"damage":21.0,"enemies":"3 Sentries","floor":6.0,"turns":11.0},{"damage":26.0,"enemies":"Gremlin Nob","floor":11.0,"turns":5.0},{"damage":0.0,"enemies":"Large Slime","floor":13.0,"turns":6.0},{"damage":0.0,"enemies":"Exordium Wildlife","floor":14.0,"turns":5.0},{"damage":0.0,"enemies":"Hexaghost","floor":16.0,"turns":12.0},{"damage":0.0,"enemies":"Shell Parasite","floor":18.0,"turns":7.0},{"damage":0.0,"enemies":"2 Thieves","floor":21.0,"turns":4.0},{"damage":6.0,"enemies":"Book of Stabbing","floor":23.0,"turns":8.0},{"damage":8.0,"enemies":"3 Cultists","floor":24.0,"turns":4.0},{"damage":20.0,"enemies":"Slavers","floor":25.0,"turns":3.0},{"damage":12.0,"enemies":"Chosen and Byrds","floor":28.0,"turns":6.0},{"damage":13.0,"enemies":"Centurion and Healer","floor":29.0,"turns":6.0},{"damage":0.0,"enemies":"Sentry and Sphere","floor":30.0,"turns":5.0},{"damage":25.0,"enemies":"Automaton","floor":33.0,"turns":12.0},{"damage":7.0,"enemies":"Orb Walker","floor":35.0,"turns":5.0},{"damage":13.0,"enemies":"3 Shapes","floor":36.0,"turns":5.0},{"damage":10.0,"enemies":"Writhing Mass","floor":37.0,"turns":7.0},{"damage":17.0,"enemies":"Nemesis","floor":41.0,"turns":9.0},{"damage":7.0,"enemies":"4 Shapes","floor":45.0,"turns":4.0},{"damage":36.0,"enemies":"Giant Head","floor":46.0,"turns":8.0},{"damage":26.0,"enemies":"Donu and Deca","floor":50.0,"turns":8.0},{"damage":20.0,"enemies":"Shield and Spear","floor":54.0,"turns":10.0},{"damage":25,"enemies":"The Heart","floor":55,"turns":12}],"seed_played":"-7394475542091321642","potions_obtained":[{"floor":2.0,"key":"Fire Potion"},{"floor":4.0,"key":"Ancient Potion"},{"floor":11.0,"key":"Energy Potion"},{"floor":20.0,"key":"SmokeBomb"},{"floor":20.0,"key":"LiquidBronze"},{"floor":21.0,"key":"AttackPotion"},{"floor":23.0,"key":"PowerPotion"},{"floor":28.0,"key":"Poison Potion"},{"floor":33.0,"key":"Poison Potion"},{"floor":35.0,"key":"SkillPotion"},{"floor":37.0,"key":"Dexterity Potion"},{"floor":41.0,"key":"Dexterity Potion"}],"is_trial":false,"path_per_floor":["M","M","M","M","$","E","$","?","T","R","E","?","M","M","R","B",null,"M","$","?","M","$","E","M","E","T","R","M","M","M","$","R","B",null,"M","M","M","?","?","R","E","$","T","R","M","E","R","?","R","B",null,"R","$","E","B",null],"character_chosen":"THE_SILENT","items_purchased":["Noxious Fumes","Blur","OrangePellets","DollysMirror","Backflip"],"campfire_rested":4,"item_purchase_floors":[5,22,31,53,53],"current_hp_per_floor":[63,62,62,54,54,33,33,50,50,50,24,10,10,10,31,31,60,60,60,60,60,60,68,60,40,40,40,28,15,15,15,40,15,67,60,47,37,37,37,62,45,45,45,45,38,2,27,73,73,47,67,67,67,47,22],"gold":30,"neow_bonus":"UPGRADE_CARD","is_prod":false,"is_daily":false,"chose_seed":false,"campfire_upgraded":4,"win_rate":0,"timestamp":1565139756,"path_taken":["M","M","M","M","$","E","$","?","T","R","E","?","M","M","R","BOSS","M","$","?","?","?","E","M","E","T","R","M","M","M","$","R","BOSS","M","M","M","?","?","R","E","$","T","R","M","E","R","?","R","BOSS","R","$","E","BOSS"],"build_version":"2019-07-17","purchased_purges":3,"victory":true,"max_hp_per_floor":[70,70,70,70,70,70,70,70,70,70,70,70,70,70,70,70,70,70,70,70,70,70,84,84,84,84,84,84,84,84,84,84,84,84,84,84,84,84,84,84,84,84,84,84,84,84,84,73,73,73,73,73,73,73,73],"card_choices":[{"not_picked":["Deflect","PiercingWail"],"picked":"Poisoned Stab","floor":1.0},{"not_picked":["Deadly Poison","Catalyst"],"picked":"Footwork","floor":2.0},{"not_picked":["PiercingWail","Underhanded Strike"],"picked":"Acrobatics","floor":3.0},{"not_picked":["Infinite Blades","Footwork"],"picked":"Dodge and Roll","floor":4.0},{"not_picked":["Underhanded Strike","Reflex"],"picked":"Footwork","floor":6.0},{"not_picked":["Poisoned Stab","Cloak And Dagger"],"picked":"Blur","floor":11.0},{"not_picked":["Cloak And Dagger","Quick Slash"],"picked":"Malaise","floor":13.0},{"not_picked":["Dagger Throw","Sucker Punch"],"picked":"Prepared","floor":14.0},{"not_picked":["Adrenaline","Glass Knife"],"picked":"Corpse Explosion","floor":16.0},{"not_picked":["Cloak And Dagger","Poisoned Stab","Dagger Throw"],"picked":"SKIP","floor":18.0},{"not_picked":["Bane","Deflect+1"],"picked":"Concentrate","floor":21.0},{"not_picked":["Quick Slash","Underhanded Strike"],"picked":"Night Terror","floor":23.0},{"not_picked":["Leg Sweep","Eviscerate","Flying Knee"],"picked":"SKIP","floor":24.0},{"not_picked":["A Thousand Cuts","Poisoned Stab","Underhanded Strike+1"],"picked":"SKIP","floor":25.0},{"not_picked":["Deadly Poison","Acrobatics","Accuracy"],"picked":"SKIP","floor":28.0},{"not_picked":["Deadly Poison","Choke+1","Calculated Gamble"],"picked":"SKIP","floor":29.0},{"not_picked":["Caltrops","Expertise"],"picked":"Dash","floor":30.0},{"not_picked":["Bullet Time","Night Terror"],"picked":"Wraith Form v2","floor":33.0},{"not_picked":["Acrobatics+1","Leg Sweep+1","Dagger Spray"],"picked":"SKIP","floor":35.0},{"not_picked":["Sucker Punch","Underhanded Strike"],"picked":"Footwork","floor":36.0},{"not_picked":["Bane+1","Backflip"],"picked":"Catalyst","floor":37.0},{"not_picked":["Cloak And Dagger","Deadly Poison+1"],"picked":"Well Laid Plans","floor":41.0},{"not_picked":["Riddle With Holes","Dagger Spray","Sucker Punch+1"],"picked":"SKIP","floor":45.0},{"not_picked":["Choke","Quick Slash"],"picked":"Deflect","floor":46.0},{"not_picked":["Quick Slash","Grand Finale"],"picked":"Well Laid Plans","floor":54.0}],"player_experience":481200,"relics_obtained":[{"floor":6.0,"key":"Bottled Tornado"},{"floor":9.0,"key":"Anchor"},{"floor":11.0,"key":"Potion Belt"},{"floor":23.0,"key":"Mango"},{"floor":25.0,"key":"Dodecahedron"},{"floor":26.0,"key":"Snake Skull"},{"floor":41.0,"key":"Kunai"},{"floor":46.0,"key":"MawBank"},{"floor":54.0,"key":"Bronze Scales"}],"event_choices":[{"damage_healed":17.0,"max_hp_gain":0.0,"max_hp_loss":0.0,"gold_gain":0.0,"event_name":"The Cleric","player_choice":"Healed","floor":8.0,"gold_loss":35.0,"damage_taken":0.0},{"damage_healed":0.0,"max_hp_gain":0.0,"max_hp_loss":0.0,"gold_gain":0.0,"event_name":"Shining Light","player_choice":"Entered Light","floor":12.0,"gold_loss":0.0,"damage_taken":14.0,"cards_upgraded":["Dodge and Roll","Blur"]},{"damage_healed":0.0,"max_hp_gain":0.0,"max_hp_loss":0.0,"gold_gain":0.0,"event_name":"The Woman in Blue","player_choice":"Bought 2 Potions","floor":20.0,"gold_loss":0.0,"damage_taken":0.0},{"cards_removed":["Choke"],"damage_healed":0.0,"max_hp_gain":0.0,"max_hp_loss":0.0,"gold_gain":0.0,"event_name":"Falling","player_choice":"Removed Attack","floor":38.0,"gold_loss":0.0,"damage_taken":0.0},{"damage_healed":0.0,"max_hp_gain":0.0,"max_hp_loss":0.0,"gold_gain":0.0,"event_name":"SensoryStone","player_choice":"Memory 1","floor":39.0,"gold_loss":0.0,"damage_taken":0.0},{"damage_healed":73.0,"max_hp_gain":0.0,"max_hp_loss":11.0,"gold_gain":0.0,"event_name":"The Moai Head","player_choice":"Heal","floor":48.0,"gold_loss":0.0,"damage_taken":0.0}],"is_beta":false,"boss_relics":[{"not_picked":["Snecko Eye","Lizard Tail"],"picked":"Cursed Key"},{"not_picked":["Empty Cage","Philosopher\u0027s Stone"],"picked":"Pandora\u0027s Box"}],"items_purged_floors":[5,19,42],"is_endless":false,"potions_floor_spawned":[2,4,11,21,23,28,33,35,37,41,45,54],"ascension_level":12}