{"gold_per_floor":[118,118,133,208,222,222,249,174,174,191,202,202,202,66,66,140,140,160,160,176,176,226,226,226],"floor_reached":24,"playtime":512,"items_purged":["Parasite"],"score":388,"play_id":"f0bd741e-2ab0-4bfd-a7eb-e7440294105a","local_time":"20181012170415","is_ascension_mode":true,"campfire_choices":[{"data":"Zap","floor":6,"key":"SMITH"},{"data":"Streamline","floor":12,"key":"SMITH"},{"data":"Beam Cell","floor":15,"key":"SMITH"},{"data":"Redo","floor":23,"key":"SMITH"}],"neow_cost":"NONE","seed_source_timestamp":148555719947574,"circlet_count":0,"master_deck":["Zap+1","AscendersBane","Go for the Eyes","Leap","White Noise","Blizzard","Hologram","Streamline+1","Beam Cell+1","Core Surge","Ball Lightning","Sweeping Beam","Conserve Battery","Gash","Redo+1","Coolheaded","Turbo","Consume"],"special_seed":0,"relics":["Cracked Core","Boot","Pear","Kunai","Pandora\u0027s Box"],"potions_floor_usage":[],"damage_taken":[{"damage":9,"enemies":"Small Slimes","floor":1,"turns":4},{"damage":1,"enemies":"2 Louse","floor":3,"turns":3},{"damage":0,"enemies":"Cultist","floor":5,"turns":3},{"damage":32,"enemies":"Gremlin Nob","floor":7,"turns":4},{"damage":1,"enemies":"Looter","floor":10,"turns":4},{"damage":4,"enemies":"Blue Slaver","floor":11,"turns":4},{"damage":33,"enemies":"Hexaghost","floor":16,"turns":8},{"damage":12,"enemies":"Chosen","floor":18,"turns":3},{"damage":4,"enemies":"Spheric Guardian","floor":20,"turns":3},{"damage":44,"enemies":"Book of Stabbing","floor":24,"turns":3}],"seed_played":"-7414796340830004648","potions_obtained":[{"floor":1,"key":"Explosive Potion"},{"floor":10,"key":"EssenceOfSteel"}],"is_trial":false,"path_per_floor":["M","?","M","?","M","R","E","?","T","M","M","R","?","$","R","B",null,"M","?","M","?","?","R"],"character_chosen":"DEFECT","items_purchased":["Beam Cell"],"campfire_rested":0,"item_purchase_floors":[14],"current_hp_per_floor":[55,55,54,43,43,43,21,21,21,20,16,16,36,36,36,3,59,47,47,43,43,43,43,0],"gold":226,"neow_bonus":"RANDOM_COMMON_RELIC","is_prod":false,"is_daily":false,"chose_seed":false,"campfire_upgraded":4,"win_rate":0,"timestamp":1539335055,"path_taken":["M","?","M","?","M","R","E","?","T","M","?","R","?","?","R","BOSS","M","?","M","?","?","R","E"],"build_version":"2018-10-11","purchased_purges":1,"victory":false,"max_hp_per_floor":[71,71,71,71,71,71,81,81,81,81,81,81,81,78,78,78,78,78,78,78,78,78,78,78],"card_choices":[{"not_picked":["Static Discharge","Compile Driver"],"picked":"Go for the Eyes","floor":1},{"not_picked":["Rip and Tear","Go for the Eyes"],"picked":"Leap","floor":3},{"not_picked":["Reprogram","Redo"],"picked":"White Noise","floor":5},{"not_picked":["Darkness","Chaos"],"picked":"Blizzard","floor":7},{"not_picked":["Skim","Rebound"],"picked":"Hologram","floor":10},{"not_picked":["Machine Learning","Gash"],"picked":"Streamline","floor":11},{"not_picked":["Rainbow","Machine Learning"],"picked":"Core Surge","floor":16},{"not_picked":["Heatsinks","Scrape"],"picked":"Turbo","floor":18},{"not_picked":["Scrape+1","Turbo"],"picked":"Consume","floor":20}],"player_experience":314654,"relics_obtained":[{"floor":7,"key":"Pear"},{"floor":9,"key":"Kunai"}],"event_choices":[{"event_name":"Liars Game","player_choice":"disagreed","floor":2,"damage_taken":0},{"event_name":"World of Goop","player_choice":"Gather Gold","floor":4,"damage_taken":0},{"event_name":"The Cleric","player_choice":"Card Removal","floor":8,"damage_taken":0},{"event_name":"Mushrooms","player_choice":"Healed and dodged fight","floor":13,"damage_taken":0},{"event_name":"Back to Basics","player_choice":"Elegance","floor":19,"damage_taken":0},{"event_name":"Purifier","player_choice":"One Purge","floor":21,"damage_taken":0},{"event_name":"The Joust","player_choice":"Bet on Murderer","floor":22,"damage_taken":0}],"is_beta":false,"boss_relics":[{"not_picked":["Sozu","Philosopher\u0027s Stone"],"picked":"Pandora\u0027s Box"}],"items_purged_floors":[14],"is_endless":false,"potions_floor_spawned":[1,10,16,18],"killed_by":"Book of Stabbing","ascension_level":20}