{"gold_per_floor":[119,139,157,157,173,188,207,233,287,71,71,71,88,114,126,138],"floor_reached":16,"playtime":778,"items_purged":["Strike_G"],"score":228,"play_id":"218990fc-b6a4-48f3-bf33-997507655a61","local_time":"20190302222719","is_ascension_mode":true,"campfire_choices":[{"data":"Cloak And Dagger","floor":11,"key":"SMITH"},{"data":"Accuracy","floor":15,"key":"SMITH"}],"neow_cost":"NONE","seed_source_timestamp":814862792573,"circlet_count":0,"master_deck":["AscendersBane","Defend_G","Defend_G","Defend_G","Defend_G","Defend_G","Strike_G","Strike_G","Strike_G","Survivor","Neutralize","Cloak And Dagger+1","Tactician","Backstab","Acrobatics","After Image","Accuracy+1","Predator","Escape Plan"],"special_seed":0,"relics":["Ring of the Snake","Smiling Mask","Vajra","Bag of Preparation","MawBank"],"potions_floor_usage":[8,16],"damage_taken":[{"damage":7.0,"enemies":"Small Slimes","floor":1.0,"turns":5.0},{"damage":0.0,"enemies":"2 Louse","floor":2.0,"turns":3.0},{"damage":9.0,"enemies":"Jaw Worm","floor":3.0,"turns":6.0},{"damage":3.0,"enemies":"Blue Slaver","floor":5.0,"turns":6.0},{"damage":6,"enemies":"Gremlin Gang","floor":6,"turns":8},{"damage":1,"enemies":"Looter","floor":7,"turns":3},{"damage":16,"enemies":"3 Sentries","floor":8,"turns":12},{"damage":4,"enemies":"3 Louse","floor":13,"turns":4},{"damage":19,"enemies":"Gremlin Nob","floor":14,"turns":4},{"damage":13,"enemies":"Hexaghost","floor":16,"turns":9}],"seed_played":"1503826408649226890","potions_obtained":[{"floor":3.0,"key":"Block Potion"},{"floor":5.0,"key":"Fire Potion"}],"is_trial":false,"path_per_floor":["M","M","M","?","M","M","M","E","T","$","R","?","M","E","R","B"],"character_chosen":"THE_SILENT","items_purchased":["Accuracy","Predator"],"campfire_rested":0,"item_purchase_floors":[10,10],"current_hp_per_floor":[52,52,43,65,62,56,55,39,39,39,39,32,28,9,9,0],"gold":138,"neow_bonus":"RANDOM_COMMON_RELIC","is_prod":false,"is_daily":false,"chose_seed":false,"campfire_upgraded":2,"win_rate":0,"timestamp":1551536839,"path_taken":["M","M","M","?","M","M","M","E","T","$","R","?","M","E","R","BOSS"],"build_version":"2019-01-23","purchased_purges":1,"victory":false,"max_hp_per_floor":[66,66,66,66,66,66,66,66,66,66,66,66,66,66,66,66],"card_choices":[{"not_picked":["Backflip","Bane","Sucker Punch"],"picked":"SKIP","floor":1.0},{"not_picked":["Backflip","Bane","Sucker Punch"],"picked":"SKIP","floor":1.0},{"not_picked":["Quick Slash","Blur"],"picked":"Cloak And Dagger","floor":2.0},{"not_picked":["Night Terror","Dagger Spray"],"picked":"Tactician","floor":3.0},{"not_picked":["Dagger Spray","PiercingWail"],"picked":"Backstab","floor":5.0},{"not_picked":["Prepared","Poisoned Stab","Sucker Punch"],"picked":"SKIP","floor":6},{"not_picked":["Prepared","Poisoned Stab","Sucker Punch"],"picked":"SKIP","floor":6},{"not_picked":["Dagger Spray","Finisher"],"picked":"Acrobatics","floor":7},{"not_picked":["Distraction","Dagger Throw"],"picked":"After Image","floor":8},{"not_picked":["Setup","Outmaneuver"],"picked":"Escape Plan","floor":13},{"not_picked":["Crippling Poison","Dagger Spray","Bane"],"picked":"SKIP","floor":14}],"player_experience":1481593,"relics_obtained":[{"floor":8,"key":"Vajra"},{"floor":9,"key":"Bag of Preparation"},{"floor":14,"key":"MawBank"}],"event_choices":[{"damage_healed":22.0,"max_hp_gain":0.0,"max_hp_loss":0.0,"gold_gain":0.0,"event_name":"Big Fish","player_choice":"Banana","floor":4.0,"gold_loss":0.0,"damage_taken":0.0},{"cards_removed":["Strike_G"],"damage_healed":0,"gold_gain":0,"player_choice":"Card Removal","damage_taken":7,"max_hp_gain":0,"max_hp_loss":0,"event_name":"Golden Wing","floor":12,"gold_loss":0}],"is_beta":false,"boss_relics":[],"items_purged_floors":[10],"is_endless":false,"potions_floor_spawned":[3,5,6,7],"killed_by":"Hexaghost","ascension_level":20}