{"gold_per_floor":[112,112,37,37,56,86,86,99,169,182,182,209,284,310,310,388,388,398,398,413,425,425,425,325,344,367,367,367,367,367,367],"floor_reached":31,"playtime":596,"items_purged":["Strike_R","Strike_R"],"score":571,"play_id":"dc872cd9-9b37-42ed-8971-cb39af80d189","local_time":"20190209135857","is_ascension_mode":true,"campfire_choices":[{"data":"True Grit","floor":7.0,"key":"SMITH"},{"data":"Rampage","floor":15,"key":"SMITH"},{"data":"Feel No Pain","floor":23,"key":"SMITH"},{"data":"Power Through","floor":29,"key":"SMITH"}],"neow_cost":"NONE","seed_source_timestamp":1025855181529540,"circlet_count":0,"master_deck":["AscendersBane","Defend_R","Defend_R","Defend_R","Bash+1","True Grit+1","Rampage+1","Feel No Pain+1","Shrug It Off","Juggernaut","Power Through+1","Dual Wield","Metallicize"],"special_seed":0,"relics":["Burning Blood","NeowsBlessing","Centennial Puzzle","Mummified Hand","Regal Pillow","Pen Nib","Sozu","Bag of Preparation"],"potions_floor_usage":[14],"damage_taken":[{"damage":0.0,"enemies":"2 Louse","floor":1.0,"turns":2.0},{"damage":0.0,"enemies":"Jaw Worm","floor":5.0,"turns":1.0},{"damage":0.0,"enemies":"Lagavulin","floor":6.0,"turns":1.0},{"damage":1.0,"enemies":"Cultist","floor":8.0,"turns":4.0},{"damage":18.0,"enemies":"Blue Slaver","floor":10.0,"turns":5.0},{"damage":0.0,"enemies":"Gremlin Nob","floor":12.0,"turns":5.0},{"damage":0,"enemies":"Lagavulin","floor":14,"turns":5},{"damage":26,"enemies":"Hexaghost","floor":16,"turns":9},{"damage":10,"enemies":"Spheric Guardian","floor":18,"turns":4},{"damage":17,"enemies":"2 Thieves","floor":20,"turns":3},{"damage":9,"enemies":"Chosen and Byrds","floor":21,"turns":5},{"damage":2,"enemies":"Cultist and Chosen","floor":25,"turns":5},{"damage":16,"enemies":"Centurion and Healer","floor":31,"turns":4}],"seed_played":"-8737107779211092008","potions_obtained":[{"floor":5.0,"key":"Block Potion"},{"floor":8.0,"key":"EssenceOfSteel"},{"floor":12.0,"key":"AttackPotion"},{"floor":14,"key":"SteroidPotion"}],"is_trial":false,"path_per_floor":["M","?","$","?","M","E","R","M","T","M","?","E","?","E","R","B",null,"M","?","M","M","?","R","$","M","T","?","?","R","?","M"],"character_chosen":"IRONCLAD","items_purchased":[],"campfire_rested":0,"item_purchase_floors":[],"current_hp_per_floor":[74,74,74,74,75,75,75,75,75,63,40,46,35,41,41,21,62,58,58,47,44,44,44,44,48,48,27,27,27,27,11],"gold":367,"neow_bonus":"THREE_ENEMY_KILL","is_prod":false,"is_daily":false,"chose_seed":false,"campfire_upgraded":4,"win_rate":0,"timestamp":1549691937,"path_taken":["M","?","$","?","M","E","R","?","T","M","?","E","?","E","R","BOSS","M","?","M","?","?","R","$","M","T","?","?","R","?","?"],"build_version":"2019-01-23","purchased_purges":2,"victory":false,"max_hp_per_floor":[75,75,75,75,75,75,75,75,75,75,75,75,75,75,75,75,75,75,75,75,75,75,75,75,75,75,80,80,80,80,80],"card_choices":[{"not_picked":["Thunderclap","Iron Wave"],"picked":"True Grit","floor":1.0},{"not_picked":["Havoc","Twin Strike"],"picked":"Rampage","floor":5.0},{"not_picked":["Shockwave","Demon Form"],"picked":"Feel No Pain","floor":6.0},{"not_picked":["Bloodletting","Whirlwind"],"picked":"Shrug It Off","floor":8.0},{"not_picked":["Iron Wave","Armaments","Anger"],"picked":"SKIP","floor":10.0},{"not_picked":["Dual Wield","Searing Blow","Pummel"],"picked":"SKIP","floor":12.0},{"not_picked":["Warcry","Searing Blow","Immolate"],"picked":"SKIP","floor":14},{"not_picked":["Exhume","Demon Form"],"picked":"Juggernaut","floor":16},{"not_picked":["Seeing Red","Perfected Strike+1","Disarm"],"picked":"SKIP","floor":18},{"not_picked":["Fire Breathing","Anger+1","Wild Strike"],"picked":"SKIP","floor":20},{"not_picked":["Dual Wield","Perfected Strike","Flex"],"picked":"SKIP","floor":21},{"not_picked":["Headbutt","Body Slam"],"picked":"Power Through","floor":25}],"player_experience":710667,"relics_obtained":[{"floor":6.0,"key":"Centennial Puzzle"},{"floor":9.0,"key":"Mummified Hand"},{"floor":12.0,"key":"Regal Pillow"},{"floor":14,"key":"Pen Nib"},{"floor":26,"key":"Bag of Preparation"}],"event_choices":[{"cards_removed":["Strike_R"],"damage_healed":0.0,"max_hp_gain":0.0,"max_hp_loss":0.0,"gold_gain":0.0,"event_name":"Living Wall","player_choice":"Forget","floor":2.0,"gold_loss":0.0,"damage_taken":0.0},{"cards_removed":["Strike_R"],"damage_healed":0.0,"max_hp_gain":0.0,"max_hp_loss":0.0,"gold_gain":0.0,"event_name":"Purifier","player_choice":"Purged","floor":4.0,"gold_loss":0.0,"damage_taken":0.0},{"damage_healed":0.0,"max_hp_gain":0.0,"max_hp_loss":0.0,"gold_gain":0.0,"event_name":"Shining Light","player_choice":"Entered Light","floor":11.0,"gold_loss":0.0,"damage_taken":23.0,"cards_upgraded":["Strike_R","Bash"]},{"damage_healed":0.0,"max_hp_gain":0.0,"max_hp_loss":0.0,"gold_gain":75.0,"event_name":"World of Goop","player_choice":"Gather Gold","floor":13.0,"gold_loss":0.0,"damage_taken":11.0},{"damage_healed":0,"gold_gain":0,"player_choice":"Ignored","damage_taken":0,"max_hp_gain":0,"max_hp_loss":0,"event_name":"Duplicator","floor":19,"gold_loss":0},{"damage_healed":0,"gold_gain":0,"player_choice":"Ignored","damage_taken":0,"max_hp_gain":0,"max_hp_loss":0,"event_name":"The Mausoleum","floor":22,"gold_loss":0},{"damage_healed":0,"gold_gain":0,"player_choice":"Shed Blood","damage_taken":26,"max_hp_gain":5,"max_hp_loss":0,"event_name":"Forgotten Altar","floor":27,"gold_loss":0},{"damage_healed":0,"gold_gain":0,"cards_transformed":["Strike_R","Defend_R"],"player_choice":"Became Test Subject","damage_taken":0,"max_hp_gain":0,"max_hp_loss":0,"event_name":"Drug Dealer","floor":28,"gold_loss":0,"cards_obtained":["Dual Wield","Metallicize"]},{"damage_healed":0,"gold_gain":0,"player_choice":"Ignored","damage_taken":0,"max_hp_gain":0,"max_hp_loss":0,"event_name":"Vampires","floor":30,"gold_loss":0}],"is_beta":false,"boss_relics":[{"not_picked":["White Beast Statue","Fusion Hammer"],"picked":"Sozu"}],"items_purged_floors":[3,24],"is_endless":false,"potions_floor_spawned":[5,8,12,14,18,25],"killed_by":"Centurion and Healer","ascension_level":15}