{"gold_per_floor":[365,378,396,22,39,39,39,50,130,130,130,157,169,169],"floor_reached":14,"playtime":437,"items_purged":["Defend_G"],"score":184,"play_id":"e6dcab71-4d5e-4980-8c13-aad543ca75e4","local_time":"20190216172050","is_ascension_mode":true,"campfire_choices":[{"data":"Well Laid Plans","floor":6,"key":"SMITH"},{"data":"Poisoned Stab","floor":11,"key":"SMITH"}],"neow_cost":"PERCENT_DAMAGE","seed_source_timestamp":30452371182004,"circlet_count":0,"master_deck":["AscendersBane","Defend_G","Defend_G","Defend_G","Defend_G","Strike_G","Strike_G","Strike_G","Strike_G","Strike_G+1","Survivor","Neutralize+1","Concentrate","Well Laid Plans+1","Die Die Die","Poisoned Stab+1","Acrobatics"],"relics":["Ring of the Snake","Tiny Chest","Blood Vial","Matryoshka","Turnip"],"potions_floor_usage":[5,12],"damage_taken":[{"damage":1,"enemies":"Cultist","floor":1,"turns":3},{"damage":1,"enemies":"2 Louse","floor":2,"turns":3},{"damage":0,"enemies":"Small Slimes","floor":3,"turns":5},{"damage":6,"enemies":"3 Louse","floor":5,"turns":5},{"damage":7,"enemies":"Blue Slaver","floor":8,"turns":7},{"damage":6,"enemies":"Gremlin Nob","floor":12,"turns":3},{"damage":0,"enemies":"Exordium Wildlife","floor":13,"turns":2},{"damage":0,"enemies":"3 Louse","floor":14,"turns":1}],"seed_played":"2900867263852842677","potions_obtained":[{"floor":1,"key":"Swift Potion"},{"floor":8,"key":"FearPotion"},{"floor":12,"key":"LiquidBronze"}],"is_trial":false,"path_per_floor":["M","M","M","$","M","R","?","M","T","?","R","E","M","M"],"character_chosen":"THE_SILENT","items_purchased":["Tiny Chest","Blood Vial"],"campfire_rested":0,"item_purchase_floors":[4,4],"current_hp_per_floor":[43,42,42,42,38,38,38,33,33,13,13,9,11,13],"gold":169,"neow_bonus":"TWO_FIFTY_GOLD","is_prod":false,"is_daily":false,"chose_seed":false,"campfire_upgraded":2,"win_rate":0,"timestamp":1550308850,"path_taken":["M","?","M","$","?","R","?","M","T","?","R","E","M","M"],"build_version":"2019-01-23","purchased_purges":1,"victory":false,"max_hp_per_floor":[66,66,66,66,66,66,66,66,66,66,66,66,66,66],"card_choices":[{"not_picked":["Quick Slash","Dodge and Roll"],"picked":"Concentrate","floor":1},{"not_picked":["Flying Knee","Bane","Deflect"],"picked":"SKIP","floor":2},{"not_picked":["Slice","Outmaneuver"],"picked":"Well Laid Plans","floor":3},{"not_picked":["PiercingWail","Sucker Punch"],"picked":"Die Die Die","floor":5},{"not_picked":["Dagger Throw","Quick Slash"],"picked":"Poisoned Stab","floor":8},{"not_picked":["Endless Agony","Dagger Spray","Slice"],"picked":"SKIP","floor":12},{"not_picked":["Distraction","Slice"],"picked":"Acrobatics","floor":13}],"player_experience":2827373,"relics_obtained":[{"floor":9,"key":"Matryoshka"},{"floor":12,"key":"Turnip"}],"event_choices":[{"damage_healed":0,"gold_gain":0,"player_choice":"Leave","damage_taken":0,"max_hp_gain":0,"max_hp_loss":0,"event_name":"The Cleric","floor":7,"gold_loss":0},{"damage_healed":0,"gold_gain":0,"player_choice":"Entered Light","damage_taken":20,"max_hp_gain":0,"max_hp_loss":0,"event_name":"Shining Light","floor":10,"gold_loss":0,"cards_upgraded":["Strike_G","Neutralize"]}],"is_beta":false,"boss_relics":[],"items_purged_floors":[4],"is_endless":false,"potions_floor_spawned":[1,8,12],"killed_by":"3 Louse","ascension_level":20}