{"gold_per_floor":[112,112,31,47,64,64,81,103,151,151,151,163,163,180,180,256,256,230,250,262,16,66,66,79,79,79,79,112,112,126,154,154,231,231,243,243,257,327,345,345,345,345,369,369,369,402,402,402,402,402,402,402,402,45,45],"floor_reached":55,"playtime":2660,"items_purged":["Strike_G"],"score":1971,"play_id":"97edb4eb-bb81-45eb-916b-36ec25914a71","local_time":"20181227200715","is_ascension_mode":true,"campfire_choices":[{"data":"Noxious Fumes","floor":6.0,"key":"SMITH"},{"data":"Neutralize","floor":11.0,"key":"SMITH"},{"data":"Footwork","floor":13.0,"key":"SMITH"},{"data":"Backflip","floor":15.0,"key":"SMITH"},{"data":"Well Laid Plans","floor":23.0,"key":"SMITH"},{"data":"Grand Finale","floor":25.0,"key":"SMITH"},{"data":"Catalyst","floor":27.0,"key":"SMITH"},{"floor":29.0,"key":"REST"},{"floor":32.0,"key":"REST"},{"data":"Burst","floor":40.0,"key":"SMITH"},{"data":"Prepared","floor":42.0,"key":"SMITH"},{"floor":44.0,"key":"RECALL"},{"data":"Discovery","floor":49.0,"key":"SMITH"},{"data":"Backflip","floor":53,"key":"SMITH"}],"neow_cost":"NONE","seed_source_timestamp":27706951558575,"circlet_count":0,"master_deck":["AscendersBane","Defend_G","Defend_G","Defend_G","Defend_G","Defend_G","Strike_G","Strike_G","Survivor","Neutralize+1","Footwork+1","Noxious Fumes+1","Backflip","Backflip+1","Grand Finale+1","Backflip+1","Catalyst+1","Well Laid Plans+1","Escape Plan","After Image","Prepared+1","Escape Plan","Burst+1","Discovery+1","Dark Shackles","Panacea","Backflip+1","Acrobatics","Backflip","PiercingWail"],"special_seed":0,"relics":["Ring of the Serpent","Odd Mushroom","Juzu Bracelet","Membership Card","Vajra","Question Card","Sozu","Bottled Lightning","Smiling Mask","FossilizedHelix","The Courier","Strawberry","Anchor","Happy Flower","Lantern"],"potions_floor_usage":[],"damage_taken":[{"damage":2.0,"enemies":"2 Louse","floor":1.0,"turns":5.0},{"damage":0.0,"enemies":"Cultist","floor":4.0,"turns":5.0},{"damage":4.0,"enemies":"Small Slimes","floor":5.0,"turns":5.0},{"damage":0.0,"enemies":"3 Louse","floor":7.0,"turns":4.0},{"damage":16.0,"enemies":"The Mushroom Lair","floor":8.0,"turns":6.0},{"damage":1.0,"enemies":"Blue Slaver","floor":12.0,"turns":5.0},{"damage":0.0,"enemies":"Large Slime","floor":14.0,"turns":8.0},{"damage":19.0,"enemies":"The Guardian","floor":16.0,"turns":14.0},{"damage":3.0,"enemies":"2 Thieves","floor":18.0,"turns":5.0},{"damage":2.0,"enemies":"Spheric Guardian","floor":19.0,"turns":6.0},{"damage":17.0,"enemies":"Centurion and Healer","floor":20.0,"turns":5.0},{"damage":1.0,"enemies":"Snecko","floor":24.0,"turns":7.0},{"damage":11.0,"enemies":"Book of Stabbing","floor":28.0,"turns":6.0},{"damage":11.0,"enemies":"Snake Plant","floor":30.0,"turns":4.0},{"damage":25.0,"enemies":"Slavers","floor":31.0,"turns":5.0},{"damage":13.0,"enemies":"Champ","floor":33.0,"turns":12.0},{"damage":4.0,"enemies":"3 Shapes","floor":35.0,"turns":6.0},{"damage":0.0,"enemies":"Orb Walker","floor":37.0,"turns":5.0},{"damage":0.0,"enemies":"3 Darklings","floor":39.0,"turns":5.0},{"damage":0.0,"enemies":"Nemesis","floor":46.0,"turns":7.0},{"damage":0,"enemies":"Donu and Deca","floor":50,"turns":11},{"damage":6,"enemies":"Time Eater","floor":51,"turns":14},{"damage":78,"enemies":"Shield and Spear","floor":55,"turns":5}],"seed_played":"-6094679373798639760","potions_obtained":[{"floor":2.0,"key":"SneckoOil"},{"floor":2.0,"key":"Fire Potion"},{"floor":4.0,"key":"Block Potion"},{"floor":18.0,"key":"SkillPotion"},{"floor":19.0,"key":"Energy Potion"},{"floor":20.0,"key":"Poison Potion"}],"is_trial":false,"path_per_floor":["M","?","$","M","M","R","M","?","T","?","R","M","R","M","R","B",null,"M","M","M","$","?","R","M","R","T","R","E","R","M","E","R","B",null,"M","?","M","T","M","R","?","R","T","R","?","E","T","?","R","B","B",null,"R","$","E"],"character_chosen":"THE_SILENT","items_purchased":["Noxious Fumes","Membership Card","Well Laid Plans","Acrobatics","Backflip","PiercingWail","Strawberry","Anchor","Happy Flower","Lantern"],"campfire_rested":2,"item_purchase_floors":[3,21,21,54,54,54,54,54,54,54],"current_hp_per_floor":[57,57,57,57,53,53,53,37,37,42,42,41,41,41,41,22,59,56,54,37,37,37,37,36,36,36,36,25,46,35,10,31,18,58,54,54,54,54,54,54,54,54,54,54,44,44,44,44,44,44,38,60,60,67,0],"gold":45,"neow_bonus":"REMOVE_CARD","is_prod":false,"is_daily":false,"chose_seed":false,"campfire_upgraded":11,"win_rate":0,"timestamp":1545912435,"path_taken":["M","?","$","M","M","R","?","?","T","?","R","M","R","M","R","BOSS","M","M","M","$","?","R","M","R","T","R","E","R","M","E","R","BOSS","M","?","M","?","M","R","?","R","T","R","?","E","?","?","R","BOSS","BOSS","R","$","E"],"build_version":"2018-12-20","purchased_purges":1,"victory":false,"max_hp_per_floor":[66,66,66,66,66,66,66,66,66,71,71,71,71,71,71,71,71,71,71,71,71,71,71,71,71,71,71,71,71,71,71,71,71,71,71,67,67,67,67,67,67,67,67,67,67,67,67,67,67,67,67,67,67,74,74],"card_choices":[{"not_picked":["Slice","Poisoned Stab"],"picked":"Footwork","floor":1.0},{"not_picked":["Backstab","Blade Dance","Setup"],"picked":"SKIP","floor":4.0},{"not_picked":["Flechettes","Choke","Underhanded Strike"],"picked":"SKIP","floor":5.0},{"not_picked":["Bane","Cloak And Dagger"],"picked":"Backflip","floor":7.0},{"not_picked":["Choke","Dash","Underhanded Strike"],"picked":"SKIP","floor":12.0},{"not_picked":["Slice","Dagger Spray"],"picked":"Backflip","floor":14.0},{"not_picked":["Venomology","Wraith Form v2"],"picked":"Grand Finale","floor":16.0},{"not_picked":["Reflex","Outmaneuver"],"picked":"Backflip","floor":18.0},{"not_picked":["Reflex","Infinite Blades"],"picked":"Catalyst","floor":19.0},{"not_picked":["Blade Dance","Masterful Stab+1","Sucker Punch"],"picked":"SKIP","floor":20.0},{"not_picked":["Blade Dance","Choke"],"picked":"Escape Plan","floor":24.0},{"not_picked":["Envenom","PiercingWail"],"picked":"After Image","floor":28.0},{"not_picked":["Crippling Poison","Quick Slash"],"picked":"Prepared","floor":30.0},{"not_picked":["Dagger Throw","Prepared"],"picked":"Escape Plan","floor":31.0},{"not_picked":["Envenom","Wraith Form v2","Tools of the Trade"],"picked":"Burst","floor":33.0},{"not_picked":["All Out Attack","Bane","Dodge and Roll","Outmaneuver"],"picked":"SKIP","floor":35.0},{"not_picked":["Blade Dance","Deadly Poison","Skewer+1","Cloak And Dagger+1"],"picked":"SKIP","floor":37.0},{"not_picked":["Flechettes","All Out Attack+1","Eviscerate","Backstab+1"],"picked":"SKIP","floor":39.0},{"not_picked":["Magnetism","Enlightenment","Mind Blast"],"picked":"Discovery","floor":45.0},{"not_picked":["Jack Of All Trades","Mayhem","Chrysalis"],"picked":"Dark Shackles","floor":45.0},{"not_picked":["Forethought","Flash of Steel","Blind"],"picked":"Panacea","floor":45.0},{"not_picked":["Die Die Die","Dagger Throw","Distraction"],"picked":"Backflip+1","floor":46.0}],"player_experience":1532031,"relics_obtained":[{"floor":8.0,"key":"Odd Mushroom"},{"floor":9.0,"key":"Juzu Bracelet"},{"floor":28.0,"key":"Vajra"},{"floor":31.0,"key":"Question Card"},{"floor":38.0,"key":"Bottled Lightning"},{"floor":43.0,"key":"Smiling Mask"},{"floor":46.0,"key":"FossilizedHelix"},{"floor":47.0,"key":"The Courier"}],"event_choices":[{"damage_healed":0.0,"max_hp_gain":0.0,"max_hp_loss":0.0,"gold_gain":0.0,"event_name":"Lab","player_choice":"Got Potions","floor":2.0,"gold_loss":0.0,"damage_taken":0.0},{"damage_healed":0.0,"max_hp_gain":0.0,"max_hp_loss":0.0,"gold_gain":0.0,"event_name":"Mushrooms","player_choice":"Fought Mushrooms","floor":8.0,"gold_loss":0.0,"damage_taken":0.0},{"damage_healed":0.0,"max_hp_gain":5.0,"max_hp_loss":0.0,"gold_gain":0.0,"event_name":"Big Fish","player_choice":"Donut","floor":10.0,"gold_loss":0.0,"damage_taken":0.0},{"damage_healed":0.0,"max_hp_gain":0.0,"max_hp_loss":0.0,"gold_gain":50.0,"event_name":"Nest","player_choice":"Stole From Cult","floor":22.0,"gold_loss":0.0,"damage_taken":0.0},{"damage_healed":0.0,"max_hp_gain":0.0,"max_hp_loss":4.0,"gold_gain":0.0,"event_name":"Winding Halls","player_choice":"Max HP","floor":36.0,"gold_loss":0.0,"damage_taken":0.0},{"damage_healed":0.0,"max_hp_gain":0.0,"max_hp_loss":0.0,"gold_gain":0.0,"event_name":"Tomb of Lord Red Mask","player_choice":"Ignored","floor":41.0,"gold_loss":0.0,"damage_taken":0.0},{"damage_healed":0.0,"max_hp_gain":0.0,"max_hp_loss":0.0,"gold_gain":0.0,"event_name":"SensoryStone","player_choice":"Memory 3","floor":45.0,"gold_loss":0.0,"damage_taken":10.0},{"cards_removed":["Strike_G"],"damage_healed":0.0,"max_hp_gain":0.0,"max_hp_loss":0.0,"gold_gain":0.0,"event_name":"Falling","player_choice":"Removed Attack","floor":48.0,"gold_loss":0.0,"damage_taken":0.0}],"is_beta":false,"boss_relics":[{"not_picked":["Busted Crown","Fusion Hammer"],"picked":"Ring of the Serpent"},{"not_picked":["Lizard Tail","Eternal Feather"],"picked":"Sozu"}],"items_purged_floors":[54],"is_endless":false,"potions_floor_spawned":[4,18,19,20,39],"killed_by":"Shield and Spear","ascension_level":20}