{"gold_per_floor":[16,34,50,24,41,41,41,41,66,93,105,117,140,170,182,268,280,308,165,165,178,178,178,191,191,216,216],"floor_reached":27,"playtime":825,"items_purged":["Thunder Strike"],"score":510,"play_id":"0ee10ec2-e8c3-4642-8f97-a188d0424b3b","local_time":"20190106174334","is_ascension_mode":true,"campfire_choices":[{"data":"Consume","floor":6,"key":"SMITH"},{"data":"Coolheaded","floor":8,"key":"SMITH"},{"data":"Coolheaded","floor":12,"key":"SMITH"},{"data":"Dualcast","floor":15,"key":"SMITH"},{"floor":23,"key":"REST"},{"floor":25,"key":"REST"}],"neow_cost":"NO_GOLD","seed_source_timestamp":22311396318277,"circlet_count":0,"master_deck":["AscendersBane","Dualcast+1","Go for the Eyes","Consume+1","Coolheaded+1","Coolheaded+1","Gash","Gash","Echo Form","All For One","Sweeping Beam","Reboot","Consume","Skim","Turbo","Defragment","Self Repair","White Noise","Coolheaded"],"relics":["Cracked Core","MawBank","Pandora\u0027s Box","Nilry\u0027s Codex","Regal Pillow"],"potions_floor_usage":[16,18,24,27],"damage_taken":[{"damage":4,"enemies":"Jaw Worm","floor":1,"turns":4},{"damage":0,"enemies":"2 Louse","floor":2,"turns":3},{"damage":0,"enemies":"Cultist","floor":3,"turns":4},{"damage":6,"enemies":"Looter","floor":5,"turns":4},{"damage":11,"enemies":"3 Louse","floor":10,"turns":5},{"damage":0,"enemies":"Blue Slaver","floor":13,"turns":5},{"damage":3,"enemies":"Exordium Wildlife","floor":14,"turns":4},{"damage":0,"enemies":"The Guardian","floor":16,"turns":8},{"damage":11,"enemies":"Spheric Guardian","floor":18,"turns":3},{"damage":16,"enemies":"2 Thieves","floor":21,"turns":4},{"damage":25,"enemies":"3 Cultists","floor":24,"turns":5},{"damage":43,"enemies":"Slavers","floor":27,"turns":2}],"seed_played":"-1516708954578734353","potions_obtained":[{"floor":5,"key":"Swift Potion"},{"floor":14,"key":"Energy Potion"},{"floor":16,"key":"PowerPotion"},{"floor":18,"key":"Explosive Potion"}],"is_trial":false,"path_per_floor":["M","M","M","$","M","R","?","R","T","M","?","R","M","M","R","B",null,"M","$","?","M","?","R","M","R","T","E"],"character_chosen":"DEFECT","items_purchased":["Coolheaded","Defragment"],"campfire_rested":2,"item_purchase_floors":[4,19],"current_hp_per_floor":[60,60,60,60,54,54,54,54,54,43,36,36,36,33,33,33,62,51,51,51,35,14,35,17,38,38,0],"gold":216,"neow_bonus":"REMOVE_TWO","is_prod":false,"is_daily":false,"chose_seed":false,"campfire_upgraded":4,"win_rate":0,"timestamp":1546767814,"path_taken":["M","M","M","$","M","R","?","R","T","M","?","R","M","M","R","BOSS","M","$","?","?","?","R","M","R","T","E"],"build_version":"2019-01-03v4","purchased_purges":1,"victory":false,"max_hp_per_floor":[71,71,71,71,71,71,71,71,71,71,71,71,71,71,71,71,71,71,71,71,71,71,71,71,71,71,71],"card_choices":[{"not_picked":["Beam Cell","FTL"],"picked":"Go for the Eyes","floor":1},{"not_picked":["Sweeping Beam","Double Energy"],"picked":"Consume","floor":2},{"not_picked":["Static Discharge","Cold Snap","Scrape"],"picked":"SKIP","floor":3},{"not_picked":["Steam","Turbo"],"picked":"Coolheaded","floor":5},{"not_picked":["Storm","Auto Shields"],"picked":"Gash","floor":10},{"not_picked":["BootSequence","Leap"],"picked":"Gash","floor":13},{"not_picked":["Turbo","Streamline"],"picked":"Echo Form","floor":14},{"not_picked":["Seek","Rainbow"],"picked":"All For One","floor":16},{"not_picked":["Chaos","Conserve Battery"],"picked":"Turbo","floor":18},{"not_picked":["Force Field","Ball Lightning"],"picked":"White Noise","floor":21},{"not_picked":["Doom and Gloom","Fusion"],"picked":"Coolheaded","floor":24}],"player_experience":1785250,"relics_obtained":[{"floor":9,"key":"MawBank"},{"floor":22,"key":"Nilry\u0027s Codex"},{"floor":26,"key":"Regal Pillow"}],"event_choices":[{"damage_healed":0,"gold_gain":0,"player_choice":"Ignored","damage_taken":0,"max_hp_gain":0,"max_hp_loss":0,"event_name":"Liars Game","floor":7,"gold_loss":0},{"cards_removed":["Strike_B"],"damage_healed":0,"gold_gain":0,"player_choice":"Card Removal","damage_taken":7,"max_hp_gain":0,"max_hp_loss":0,"event_name":"Golden Wing","floor":11,"gold_loss":0},{"damage_healed":0,"gold_gain":0,"cards_transformed":["Zap"],"player_choice":"Transformed","damage_taken":0,"max_hp_gain":0,"max_hp_loss":0,"event_name":"Transmorgrifier","floor":20,"gold_loss":0,"cards_obtained":["Self Repair"]},{"damage_healed":0,"gold_gain":0,"player_choice":"Obtained Book","damage_taken":21,"max_hp_gain":0,"max_hp_loss":0,"event_name":"Cursed Tome","floor":22,"gold_loss":0}],"is_beta":false,"boss_relics":[{"not_picked":["Velvet Choker","Ectoplasm"],"picked":"Pandora\u0027s Box"}],"items_purged_floors":[19],"is_endless":false,"potions_floor_spawned":[5,14,16,18,21],"killed_by":"Slavers","ascension_level":20}