{"path_per_floor":["M","?","M","$","$","R","E","M","T","M","?","M","M","E","R","B",null,"M","M","M","?","$","R","M","M","T","R","?","R","M","M","R","B",null,"M","?","$","M","?","R","E","R","T","E","M","R","M","?","R"],"character_chosen":"THE_SILENT","items_purchased":["Infinite Blades","Lantern"],"gold_per_floor":[115,115,131,21,21,21,50,62,62,75,75,89,103,132,132,232,232,252,269,281,206,56,56,67,83,162,162,132,132,150,163,163,258,258,277,277,277,287,287,287,312,312,336,367,381,381,400,400,400,400],"floor_reached":50,"campfire_rested":3,"playtime":1991,"item_purchase_floors":[4,22],"current_hp_per_floor":[62,62,61,61,61,61,37,37,37,33,26,26,26,18,18,1,53,33,22,12,12,12,33,29,11,11,11,11,32,3,3,24,24,59,59,59,59,27,61,61,28,38,38,38,38,48,48,40,52,0],"items_purged":["Strike_G"],"gold":400,"score":854,"play_id":"cd7862ea-dabb-47b9-8f16-5257c490ff62","local_time":"20180607232358","is_prod":false,"is_daily":false,"chose_seed":false,"is_ascension_mode":true,"campfire_upgraded":7,"win_rate":0,"timestamp":1528385038,"campfire_choices":[{"data":"Neutralize","floor":6,"key":"SMITH"},{"data":"Prepared","floor":15,"key":"SMITH"},{"floor":23,"key":"REST"},{"data":"Infinite Blades","floor":27,"key":"SMITH"},{"floor":29,"key":"REST"},{"floor":32,"key":"REST"},{"data":"Burst","floor":40,"key":"SMITH"},{"data":"Calculated Gamble","floor":42,"key":"SMITH"},{"data":"Finisher","floor":46,"key":"SMITH"},{"data":"Madness","floor":49,"key":"SMITH"}],"path_taken":["M","?","?","?","$","R","E","M","T","M","?","M","M","E","R","BOSS","M","M","M","?","$","R","M","M","T","R","?","R","M","?","R","BOSS","M","?","$","M","?","R","E","R","T","E","?","R","M","?","R","BOSS"],"build_version":"2018-06-06","seed_source_timestamp":45470414899013,"purchased_purges":1,"victory":false,"master_deck":["Survivor","Neutralize+1","Prepared+1","Infinite Blades+1","Terror","Dagger Throw","Slice","Sucker Punch","Slice","Calculated Gamble+1","Tools of the Trade","Flying Knee","Deflect","Dagger Spray","Flying Knee","Prepared","Setup","PiercingWail","Slice","Cloak And Dagger+1","Finisher+1","Acrobatics+1","Backflip","Endless Agony+1","Burst+1","Backflip","Cloak And Dagger+1","Endless Agony","Madness+1","Madness"],"max_hp_per_floor":[70,70,70,70,70,70,70,70,70,70,70,70,70,70,70,70,70,70,70,70,70,70,70,70,70,70,70,70,70,70,70,70,70,70,70,70,70,70,61,61,61,61,61,61,61,61,61,61,61,61],"relics":["Ring of the Snake","Gremlin Horn","Kunai","Pen Nib","Pandora\u0027s Box","Lantern","Mummified Hand","Eternal Feather","Shuriken","Vajra","Omamori"],"card_choices":[{"not_picked":["Deadly Poison","Setup"],"picked":"Flechettes","floor":1},{"not_picked":["Underhanded Strike","PiercingWail"],"picked":"Prepared","floor":3},{"not_picked":["Dash","Distraction"],"picked":"Terror","floor":7},{"not_picked":["Leg Sweep","Dash"],"picked":"Dagger Throw","floor":8},{"not_picked":["Escape Plan","Prepared"],"picked":"Slice","floor":10},{"not_picked":["Caltrops","Dodge and Roll"],"picked":"Sucker Punch","floor":12},{"not_picked":["Eviscerate","Accuracy"],"picked":"Slice","floor":13},{"not_picked":["Flying Knee","Choke"],"picked":"Calculated Gamble","floor":14},{"not_picked":["Unload","Bullet Time"],"picked":"Tools of the Trade","floor":16},{"not_picked":["Deadly Poison","Expertise+1"],"picked":"Cloak And Dagger+1","floor":18},{"not_picked":["Flying Knee","Backflip"],"picked":"Finisher","floor":19},{"not_picked":["Cloak And Dagger","Sucker Punch"],"picked":"Acrobatics+1","floor":20},{"not_picked":["Deadly Poison+1","Dodge and Roll"],"picked":"Backflip","floor":24},{"not_picked":["Outmaneuver","Sucker Punch+1","Concentrate+1"],"picked":"SKIP","floor":25},{"not_picked":["Flying Knee+1","Flechettes","Masterful Stab"],"picked":"SKIP","floor":30},{"not_picked":["Deflect","Storm of Steel"],"picked":"Endless Agony+1","floor":31},{"not_picked":["Tools of the Trade","Bullet Time"],"picked":"Burst","floor":33},{"not_picked":["Outmaneuver+1","Cloak And Dagger","Prepared"],"picked":"SKIP","floor":35},{"not_picked":["Acrobatics","Sucker Punch","Underhanded Strike"],"picked":"SKIP","floor":38},{"not_picked":["Malaise","Underhanded Strike"],"picked":"Backflip","floor":41},{"not_picked":["Sucker Punch","Underhanded Strike+1"],"picked":"Cloak And Dagger+1","floor":44},{"not_picked":["Footwork","Setup+1"],"picked":"Endless Agony","floor":45},{"not_picked":["Tools of the Trade","Masterful Stab","Deadly Poison+1"],"picked":"SKIP","floor":47}],"player_experience":541178,"potions_floor_usage":[7,25,25,33,33,41,50,50],"damage_taken":[{"damage":1,"enemies":"2 Louse","floor":1,"turns":3},{"damage":1,"enemies":"Cultist","floor":3,"turns":4},{"damage":24,"enemies":"Gremlin Nob","floor":7,"turns":5},{"damage":0,"enemies":"Jaw Worm","floor":8,"turns":3},{"damage":4,"enemies":"Red Slaver","floor":10,"turns":4},{"damage":0,"enemies":"Exordium Wildlife","floor":12,"turns":3},{"damage":0,"enemies":"3 Louse","floor":13,"turns":2},{"damage":8,"enemies":"Lagavulin","floor":14,"turns":5},{"damage":17,"enemies":"The Guardian","floor":16,"turns":13},{"damage":20,"enemies":"Shell Parasite","floor":18,"turns":4},{"damage":11,"enemies":"Chosen","floor":19,"turns":4},{"damage":10,"enemies":"3 Cultists","floor":20,"turns":4},{"damage":4,"enemies":"Cultist and Chosen","floor":24,"turns":5},{"damage":18,"enemies":"Snake Plant","floor":25,"turns":3},{"damage":29,"enemies":"Snecko","floor":30,"turns":6},{"damage":0,"enemies":"Chosen and Byrds","floor":31,"turns":4},{"damage":0,"enemies":"Champ","floor":33,"turns":6},{"damage":0,"enemies":"Flame Bruiser 1 Orb","floor":35,"turns":2},{"damage":32,"enemies":"3 Shapes","floor":38,"turns":6},{"damage":33,"enemies":"Nemesis","floor":41,"turns":7},{"damage":0,"enemies":"Giant Head","floor":44,"turns":4},{"damage":0,"enemies":"Transient","floor":45,"turns":5},{"damage":0,"enemies":"Sphere and 2 Shapes","floor":47,"turns":3},{"damage":64,"enemies":"Donu and Deca","floor":50,"turns":3}],"relics_obtained":[{"floor":7,"key":"Gremlin Horn"},{"floor":9,"key":"Kunai"},{"floor":14,"key":"Pen Nib"},{"floor":26,"key":"Mummified Hand"},{"floor":41,"key":"Shuriken"},{"floor":43,"key":"Vajra"},{"floor":44,"key":"Omamori"}],"event_choices":[{"event_name":"Liars Game","player_choice":"disagreed","floor":2,"damage_taken":0},{"event_name":"Golden Wing","player_choice":"Card Removal","floor":11,"damage_taken":0},{"event_name":"Beggar","player_choice":"Gave Gold","floor":21,"damage_taken":0},{"event_name":"The Woman in Blue","player_choice":"Bought 2 Potions","floor":28,"damage_taken":0},{"event_name":"Tomb of Lord Red Mask","player_choice":"Ignored","floor":36,"damage_taken":0},{"event_name":"The Moai Head","player_choice":"Heal","floor":39,"damage_taken":0},{"event_name":"Winding Halls","player_choice":"Embrace Madness","floor":48,"damage_taken":0}],"boss_relics":[{"not_picked":["Tiny House","Orrery"],"picked":"Pandora\u0027s Box"},{"not_picked":["Lizard Tail","Philosopher\u0027s Stone"],"picked":"Eternal Feather"}],"items_purged_floors":[4],"potions_floor_spawned":[1,7,8,19,30,31,35,38,47],"seed_played":"-3454045683074624886","killed_by":"Donu and Deca","ascension_level":9,"potions_obtained":[{"floor":1,"key":"LiquidBronze"},{"floor":7,"key":"SteroidPotion"},{"floor":8,"key":"Energy Potion"},{"floor":19,"key":"LiquidBronze"},{"floor":28,"key":"SneckoOil"},{"floor":28,"key":"Ancient Potion"},{"floor":30,"key":"Weak Potion"},{"floor":35,"key":"Strength Potion"},{"floor":38,"key":"Swift Potion"},{"floor":47,"key":"Explosive Potion"}],"is_trial":false}