{"gold_per_floor":[218,218,218,34,47,47,77,77,77,77,105,123,123,135,135,210,210,220,232,232,66,76,76,102,102,102,102,122,137,1,14,14,85,85,97,97,109,121,140,168,168,181,207,207,217,251,251,46,46,46,46,46,46,46,76,76],"floor_reached":57,"playtime":5591,"items_purged":["Strike_G","Strike_G"],"score":3184,"play_id":"375169c7-cfbf-45ad-b8be-2aa2e4b0866c","local_time":"20190217111936","is_ascension_mode":true,"campfire_choices":[{"data":"The Bomb","floor":6.0,"key":"SMITH"},{"data":"Wraith Form v2","floor":8.0,"key":"SMITH"},{"data":"Neutralize","floor":10.0,"key":"SMITH"},{"data":"Malaise","floor":13.0,"key":"SMITH"},{"floor":15.0,"key":"REST"},{"data":"Well Laid Plans","floor":23.0,"key":"SMITH"},{"data":"Concentrate","floor":25.0,"key":"SMITH"},{"floor":27.0,"key":"RECALL"},{"data":"Survivor","floor":32.0,"key":"SMITH"},{"data":"Defend_G","floor":41.0,"key":"SMITH"},{"data":"Defend_G","floor":44.0,"key":"SMITH"},{"data":"Defend_G","floor":47.0,"key":"SMITH"},{"data":"Defend_G","floor":49.0,"key":"SMITH"},{"floor":53.0,"key":"REST"}],"neow_cost":"NONE","seed_source_timestamp":2958189851000,"circlet_count":0,"master_deck":["AscendersBane","Defend_G+1","Defend_G+1","Defend_G+1","Defend_G+1","Strike_G+1","Strike_G+1","Survivor+1","Neutralize+1","Wraith Form v2+1","The Bomb+1","Concentrate+1","Malaise+1","Backflip+1","Bouncing Flask+1","Adrenaline+1","Well Laid Plans+1","Noxious Fumes+1","Impatience+1","Calculated Gamble+1","Backflip+1","Adrenaline+1","Acrobatics+1","Burst+1","Calculated Gamble+1","Backflip+1","PiercingWail+1","Panacea+1","Deflect+1"],"special_seed":0,"relics":["Ring of the Snake","Tingsha","Toxic Egg 2","HoveringKite","Pen Nib","Matryoshka","Busted Crown","Whetstone","Vajra","Bronze Scales","Juzu Bracelet","Bag of Preparation"],"potions_floor_usage":[56,56],"damage_taken":[{"damage":0.0,"enemies":"2 Louse","floor":1.0,"turns":4.0},{"damage":0.0,"enemies":"Cultist","floor":5.0,"turns":3.0},{"damage":16.0,"enemies":"3 Sentries","floor":7.0,"turns":4.0},{"damage":32.0,"enemies":"Gremlin Nob","floor":11.0,"turns":5.0},{"damage":1.0,"enemies":"Small Slimes","floor":12.0,"turns":5.0},{"damage":2.0,"enemies":"Exordium Wildlife","floor":14.0,"turns":4.0},{"damage":24.0,"enemies":"Slime Boss","floor":16.0,"turns":6.0},{"damage":0.0,"enemies":"Chosen","floor":18.0,"turns":4.0},{"damage":0.0,"enemies":"2 Thieves","floor":19.0,"turns":4.0},{"damage":0.0,"enemies":"Sentry and Sphere","floor":22.0,"turns":4.0},{"damage":0.0,"enemies":"Gremlin Leader","floor":24.0,"turns":5.0},{"damage":0.0,"enemies":"Snake Plant","floor":28.0,"turns":4.0},{"damage":0.0,"enemies":"Snecko","floor":29.0,"turns":4.0},{"damage":0.0,"enemies":"3 Cultists","floor":31.0,"turns":3.0},{"damage":0.0,"enemies":"Champ","floor":33.0,"turns":8.0},{"damage":0.0,"enemies":"Orb Walker","floor":35.0,"turns":4.0},{"damage":0.0,"enemies":"3 Darklings","floor":37.0,"turns":3.0},{"damage":0.0,"enemies":"Maw","floor":38.0,"turns":5.0},{"damage":0.0,"enemies":"Writhing Mass","floor":39.0,"turns":4.0},{"damage":0.0,"enemies":"Giant Head","floor":40.0,"turns":6.0},{"damage":0.0,"enemies":"4 Shapes","floor":42.0,"turns":3.0},{"damage":0.0,"enemies":"3 Darklings","floor":45.0,"turns":2.0},{"damage":0.0,"enemies":"Reptomancer","floor":46.0,"turns":3.0},{"damage":0.0,"enemies":"Awakened One","floor":50.0,"turns":12.0},{"damage":0.0,"enemies":"Donu and Deca","floor":51.0,"turns":9.0},{"damage":5,"enemies":"Shield and Spear","floor":55,"turns":6},{"damage":23,"enemies":"The Heart","floor":56,"turns":7}],"seed_played":"-9212112576239194530","potions_obtained":[{"floor":5.0,"key":"SpeedPotion"},{"floor":7.0,"key":"Explosive Potion"},{"floor":18.0,"key":"Fire Potion"},{"floor":19.0,"key":"GhostInAJar"},{"floor":29.0,"key":"Strength Potion"},{"floor":31.0,"key":"SkillPotion"},{"floor":42.0,"key":"PowerPotion"}],"is_trial":false,"path_per_floor":["M","?","?","$","M","R","E","R","T","R","E","M","R","M","R","B",null,"M","M","?","$","M","R","E","R","T","R","M","M","$","M","R","B",null,"M","?","M","M","M","E","R","M","T","R","M","E","R","$","R","B","B",null,"R","$","E","B",null],"character_chosen":"THE_SILENT","items_purchased":["The Bomb","Impatience+1","Adrenaline+1","Acrobatics+1","Panacea+1"],"campfire_rested":2,"item_purchase_floors":[4,21,30,30,48],"current_hp_per_floor":[59,59,59,59,59,59,43,43,43,43,11,10,10,8,27,3,50,50,50,66,66,66,66,66,66,66,66,66,66,66,66,66,66,66,66,63,63,63,63,63,63,63,63,63,63,63,63,63,63,63,63,63,63,63,58,35],"gold":76,"neow_bonus":"HUNDRED_GOLD","is_prod":false,"is_daily":false,"chose_seed":false,"campfire_upgraded":11,"win_rate":0,"timestamp":1550373576,"path_taken":["M","?","?","$","M","R","E","R","T","R","E","M","R","?","R","BOSS","M","?","?","?","M","R","E","R","T","R","M","?","$","?","R","BOSS","M","?","M","M","M","E","R","M","T","R","M","E","R","$","R","BOSS","BOSS","R","$","E","BOSS"],"build_version":"2019-01-23","purchased_purges":2,"victory":true,"max_hp_per_floor":[66,66,66,66,66,66,66,66,66,66,66,66,66,66,66,66,66,66,66,66,66,66,66,66,66,66,66,66,66,66,66,66,66,66,66,63,63,63,63,63,63,63,63,63,63,63,63,63,63,63,63,63,63,63,63,63],"card_choices":[{"not_picked":["Deflect","Dodge and Roll","Blade Dance"],"picked":"SKIP","floor":1.0},{"not_picked":["All Out Attack","Backflip"],"picked":"Concentrate","floor":5.0},{"not_picked":["Blur","Bane"],"picked":"Malaise","floor":7.0},{"not_picked":["Prepared","Blade Dance"],"picked":"Backflip","floor":11.0},{"not_picked":["Dagger Throw","Dodge and Roll+1"],"picked":"Bouncing Flask+1","floor":12.0},{"not_picked":["Concentrate+1","Accuracy","Poisoned Stab"],"picked":"SKIP","floor":14.0},{"not_picked":["Die Die Die","Tools of the Trade"],"picked":"Adrenaline+1","floor":16.0},{"not_picked":["Flying Knee","Endless Agony"],"picked":"Well Laid Plans","floor":18.0},{"not_picked":["Dagger Spray","Deadly Poison+1"],"picked":"Noxious Fumes+1","floor":19.0},{"not_picked":["Poisoned Stab","Slice","Dagger Spray"],"picked":"SKIP","floor":22.0},{"not_picked":["Endless Agony","Leg Sweep+1"],"picked":"Calculated Gamble+1","floor":24.0},{"not_picked":["Sucker Punch+1","Flying Knee"],"picked":"Backflip+1","floor":28.0},{"not_picked":["Deflect+1","Slice","Predator+1"],"picked":"SKIP","floor":29.0},{"not_picked":["Endless Agony","Noxious Fumes","Dagger Throw"],"picked":"SKIP","floor":31.0},{"not_picked":["Glass Knife","Tools of the Trade"],"picked":"Burst+1","floor":33.0},{"not_picked":["Riddle With Holes"],"picked":"SKIP","floor":35.0},{"not_picked":["Leg Sweep+1"],"picked":"SKIP","floor":37.0},{"not_picked":[],"picked":"Calculated Gamble+1","floor":38.0},{"not_picked":[],"picked":"Backflip+1","floor":39.0},{"not_picked":[],"picked":"PiercingWail+1","floor":40.0},{"not_picked":["Prepared+1"],"picked":"SKIP","floor":42.0},{"not_picked":["All Out Attack"],"picked":"SKIP","floor":45.0},{"not_picked":["Heel Hook"],"picked":"SKIP","floor":46.0},{"not_picked":[],"picked":"Deflect+1","floor":55}],"player_experience":2849030,"relics_obtained":[{"floor":7.0,"key":"Tingsha"},{"floor":11.0,"key":"Toxic Egg 2"},{"floor":24.0,"key":"Pen Nib"},{"floor":26.0,"key":"Matryoshka"},{"floor":40.0,"key":"Whetstone"},{"floor":43.0,"key":"Vajra"},{"floor":43.0,"key":"Bronze Scales"},{"floor":46.0,"key":"Juzu Bracelet"},{"floor":55,"key":"Bag of Preparation"}],"event_choices":[{"damage_healed":0.0,"max_hp_gain":0.0,"max_hp_loss":0.0,"gold_gain":0.0,"cards_transformed":["Strike_G"],"event_name":"Living Wall","player_choice":"Change","floor":2.0,"gold_loss":0.0,"damage_taken":0.0,"cards_obtained":["Wraith Form v2"]},{"cards_removed":["Defend_G"],"damage_healed":0.0,"max_hp_gain":0.0,"max_hp_loss":0.0,"gold_gain":0.0,"event_name":"Purifier","player_choice":"Purged","floor":3.0,"gold_loss":0.0,"damage_taken":0.0},{"damage_healed":16.0,"max_hp_gain":0.0,"max_hp_loss":0.0,"gold_gain":0.0,"event_name":"Wheel of Change","player_choice":"Full Heal","floor":20.0,"gold_loss":0.0,"damage_taken":0.0},{"damage_healed":0.0,"max_hp_gain":0.0,"max_hp_loss":3.0,"gold_gain":0.0,"event_name":"Winding Halls","player_choice":"Max HP","floor":36.0,"gold_loss":0.0,"damage_taken":0.0}],"is_beta":false,"boss_relics":[{"not_picked":["Sozu","Empty Cage"],"picked":"HoveringKite"},{"not_picked":["Philosopher\u0027s Stone","Velvet Choker"],"picked":"Busted Crown"}],"items_purged_floors":[21,48],"is_endless":false,"potions_floor_spawned":[5,7,12,18,19,29,31,38,39,42,55],"ascension_level":20}