{"gold_per_floor":[114,39,4,4,4,4,38,38,38,70,88,88,115,127,127,202,202,215,140,152,52,71,71,98,98,121,121],"floor_reached":27,"playtime":718,"items_purged":["Defend_R","Strike_R"],"score":494,"play_id":"86618da1-d11f-402f-8166-bc543dcb520f","local_time":"20181022004546","is_ascension_mode":true,"campfire_choices":[{"data":"Bash","floor":6,"key":"SMITH"},{"data":"Heavy Blade","floor":8,"key":"SMITH"},{"data":"True Grit","floor":15,"key":"SMITH"},{"floor":23,"key":"REST"},{"data":"Whirlwind","floor":25,"key":"SMITH"}],"neow_cost":"NONE","seed_source_timestamp":142707587228849,"circlet_count":0,"master_deck":["Strike_R","Strike_R","Strike_R","Defend_R","Defend_R+1","Defend_R+1","Bash+1","AscendersBane","Heavy Blade+1","Sword Boomerang","Battle Trance","True Grit+1","Feed","Thunderclap","Shrug It Off+1","Whirlwind+1","Injury"],"relics":["Burning Blood","Fortitude","BalancedPeriapt","Bottled Lightning","Question Card","HeartOfDaVinci","Oddly Smooth Stone","Cursed Key","PreservedInsect","War Paint"],"potions_floor_usage":[10,16],"damage_taken":[{"damage":13,"enemies":"Small Slimes","floor":1,"turns":6},{"damage":55,"enemies":"3 Sentries","floor":7,"turns":8},{"damage":8,"enemies":"Gremlin Nob","floor":10,"turns":3},{"damage":8,"enemies":"2 Louse","floor":11,"turns":2},{"damage":20,"enemies":"3 Sentries","floor":13,"turns":4},{"damage":0,"enemies":"Cultist","floor":14,"turns":2},{"damage":24,"enemies":"Hexaghost","floor":16,"turns":4},{"damage":11,"enemies":"Spheric Guardian","floor":18,"turns":3},{"damage":40,"enemies":"3 Byrds","floor":20,"turns":6},{"damage":4,"enemies":"Centurion and Healer","floor":22,"turns":6},{"damage":21,"enemies":"Gremlin Leader","floor":24,"turns":4},{"damage":38,"enemies":"Book of Stabbing","floor":27,"turns":4}],"seed_played":"6710971136689500330","potions_obtained":[{"floor":7,"key":"SpacePotion"},{"floor":10,"key":"SpeedPotion"},{"floor":14,"key":"AttackPotion"},{"floor":24,"key":"Ancient Potion"}],"is_trial":false,"path_per_floor":["M","$","?","$","T","R","E","R","T","E","M","?","E","M","R","B",null,"M","?","M","$","M","R","E","R","T"],"character_chosen":"IRONCLAD","items_purchased":[],"campfire_rested":1,"item_purchase_floors":[],"current_hp_per_floor":[61,61,75,75,75,75,26,26,26,24,22,40,26,32,32,14,60,55,51,21,21,27,49,34,34,34,0],"gold":121,"neow_bonus":"REMOVE_CARD","is_prod":false,"is_daily":false,"chose_seed":false,"campfire_upgraded":4,"win_rate":0,"timestamp":1540140346,"path_taken":["M","$","?","$","?","R","E","R","T","E","M","?","E","M","R","BOSS","M","?","M","$","M","R","E","R","T","E"],"build_version":"2018-10-18","purchased_purges":2,"victory":false,"max_hp_per_floor":[75,75,75,75,75,75,75,75,75,75,75,75,75,75,75,75,75,75,75,75,75,75,75,75,75,75,75],"card_choices":[{"not_picked":["Body Slam","Armaments","Warcry"],"picked":"SKIP","floor":1},{"not_picked":["Clash","Body Slam"],"picked":"Heavy Blade","floor":7},{"not_picked":["Bludgeon","Heavy Blade","Hemokinesis","Bloodletting"],"picked":"SKIP","floor":10},{"not_picked":["Battle Trance","Perfected Strike","Power Through"],"picked":"Sword Boomerang","floor":11},{"not_picked":["Uppercut","Armaments","Sever Soul"],"picked":"Battle Trance","floor":13},{"not_picked":["Havoc","Warcry","Feel No Pain"],"picked":"True Grit","floor":14},{"not_picked":["Immolate","Barricade","Offering"],"picked":"Feed","floor":16},{"not_picked":["Armaments","Anger","Iron Wave+1"],"picked":"Thunderclap","floor":18},{"not_picked":["True Grit","Warcry","Armaments"],"picked":"Shrug It Off+1","floor":20},{"not_picked":["Flame Barrier","Iron Wave","Cleave"],"picked":"Whirlwind","floor":22},{"not_picked":["Rupture","Perfected Strike","Bloodletting+1","Feel No Pain"],"picked":"SKIP","floor":24}],"player_experience":356695,"relics_obtained":[{"floor":5,"key":"BalancedPeriapt"},{"floor":7,"key":"Bottled Lightning"},{"floor":9,"key":"Question Card"},{"floor":10,"key":"HeartOfDaVinci"},{"floor":13,"key":"Oddly Smooth Stone"},{"floor":24,"key":"PreservedInsect"},{"floor":26,"key":"War Paint"}],"event_choices":[{"damage_healed":18,"gold_gain":0,"player_choice":"Healed","damage_taken":0,"max_hp_gain":0,"max_hp_loss":0,"event_name":"The Cleric","floor":3,"gold_loss":35},{"damage_healed":18,"gold_gain":0,"player_choice":"Healed and dodged fight","damage_taken":0,"max_hp_gain":0,"max_hp_loss":0,"event_name":"Mushrooms","floor":12,"gold_loss":0,"cards_obtained":["Parasite"]},{"cards_removed":["Parasite"],"damage_healed":0,"gold_gain":0,"player_choice":"Gave Gold","damage_taken":0,"max_hp_gain":0,"max_hp_loss":0,"event_name":"Beggar","floor":19,"gold_loss":75}],"is_beta":false,"boss_relics":[{"not_picked":["Philosopher\u0027s Stone","Coffee Dripper"],"picked":"Cursed Key"}],"items_purged_floors":[2,21],"is_endless":false,"potions_floor_spawned":[7,10,14,24],"killed_by":"Book of Stabbing","ascension_level":20}