{"gold_per_floor":[118,43,43,43,53,53,78,78,78,78,88,116,127,155,155,232,232,242,142,158,158,171,171,185,185,212,212,212],"floor_reached":28,"playtime":646,"items_purged":["Strike_B","Defend_B"],"score":622,"play_id":"568755fa-258b-46fe-9adb-4f5b2a7eca99","local_time":"20190507024341","is_ascension_mode":true,"campfire_choices":[{"data":"Sunder","floor":6.0,"key":"SMITH"},{"data":"Dualcast","floor":8.0,"key":"SMITH"},{"data":"Zap","floor":10.0,"key":"SMITH"},{"data":"Defragment","floor":15.0,"key":"SMITH"},{"data":"Hologram","floor":23,"key":"SMITH"},{"floor":25,"key":"REST"}],"neow_cost":"NONE","seed_source_timestamp":65356295804430,"circlet_count":0,"master_deck":["AscendersBane","Strike_B+1","Defend_B","Zap+1","Dualcast+1","Ball Lightning","Reboot","Sunder+1","White Noise","Defragment+1","Hologram+1","All For One","Core Surge","Coolheaded+1","Skim","Redo","Chaos"],"special_seed":0,"relics":["Cracked Core","NeowsBlessing","Potion Belt","Pear","Whetstone","WingedGreaves","Empty Cage","Nilry\u0027s Codex","Dream Catcher"],"potions_floor_usage":[18,18,24],"damage_taken":[{"damage":0.0,"enemies":"Small Slimes","floor":1.0,"turns":1.0},{"damage":0.0,"enemies":"Cultist","floor":5.0,"turns":1.0},{"damage":0.0,"enemies":"Gremlin Nob","floor":7.0,"turns":1.0},{"damage":0.0,"enemies":"2 Louse","floor":11.0,"turns":2.0},{"damage":10.0,"enemies":"3 Sentries","floor":12.0,"turns":4.0},{"damage":11.0,"enemies":"Blue Slaver","floor":13.0,"turns":3.0},{"damage":8.0,"enemies":"Gremlin Nob","floor":14.0,"turns":3.0},{"damage":0.0,"enemies":"Slime Boss","floor":16.0,"turns":5.0},{"damage":9,"enemies":"2 Thieves","floor":18,"turns":3},{"damage":8,"enemies":"Spheric Guardian","floor":20,"turns":3},{"damage":15,"enemies":"Cultist and Chosen","floor":22,"turns":3},{"damage":15,"enemies":"3 Cultists","floor":24,"turns":5},{"damage":17,"enemies":"Colosseum Slavers","floor":28,"turns":2}],"seed_played":"3219093460232496446","potions_obtained":[{"floor":5.0,"key":"Block Potion"},{"floor":11.0,"key":"Weak Potion"},{"floor":13.0,"key":"Explosive Potion"},{"floor":22,"key":"Energy Potion"}],"is_trial":false,"path_per_floor":["M","$","?","$","M","R","E","R","T","R","M","E","M","E","R","B",null,"M","$","M","?","M","R","M","R","T","?","?"],"character_chosen":"DEFECT","items_purchased":[],"campfire_rested":1,"item_purchase_floors":[],"current_hp_per_floor":[64,64,64,64,64,64,64,64,74,74,74,64,53,45,45,45,72,63,63,55,34,19,19,4,28,28,28,11],"gold":212,"neow_bonus":"THREE_ENEMY_KILL","is_prod":false,"is_daily":false,"chose_seed":false,"campfire_upgraded":5,"win_rate":0,"timestamp":1557168221,"path_taken":["M","$","?","$","M","R","E","R","T","R","M","E","M","E","R","BOSS","M","$","?","?","M","R","M","R","T","?","?"],"build_version":"2019-01-23","purchased_purges":2,"victory":false,"max_hp_per_floor":[71,71,71,71,71,71,71,71,81,81,81,81,81,81,81,81,81,81,81,81,81,81,81,81,81,81,81,81],"card_choices":[{"not_picked":["Sweeping Beam","Turbo"],"picked":"Ball Lightning","floor":1.0},{"not_picked":["Streamline","Steam"],"picked":"Sunder","floor":5.0},{"not_picked":["Loop","Stack"],"picked":"White Noise","floor":7.0},{"not_picked":["Hologram","Sweeping Beam"],"picked":"Defragment","floor":11.0},{"not_picked":["Sweeping Beam","Hyperbeam","Chaos"],"picked":"SKIP","floor":12.0},{"not_picked":["Hello World","Rebound"],"picked":"Hologram","floor":13.0},{"not_picked":["Redo","Steam Power"],"picked":"All For One","floor":14.0},{"not_picked":["Thunder Strike","Buffer"],"picked":"Core Surge","floor":16.0},{"not_picked":["Ball Lightning","Storm","Compile Driver"],"picked":"SKIP","floor":18},{"not_picked":["Sweeping Beam","Ball Lightning","Melter"],"picked":"SKIP","floor":20},{"not_picked":["Sweeping Beam","Hologram"],"picked":"Coolheaded+1","floor":22},{"not_picked":["Chaos","Core Surge"],"picked":"Skim","floor":24}],"player_experience":4636605,"relics_obtained":[{"floor":7.0,"key":"Potion Belt"},{"floor":9.0,"key":"Pear"},{"floor":12.0,"key":"Whetstone"},{"floor":14.0,"key":"WingedGreaves"},{"floor":21,"key":"Nilry\u0027s Codex"},{"floor":26,"key":"Dream Catcher"}],"event_choices":[{"damage_healed":0.0,"max_hp_gain":0.0,"max_hp_loss":0.0,"gold_gain":0.0,"event_name":"Match and Keep!","player_choice":"1 cards matched","floor":3.0,"gold_loss":0.0,"damage_taken":0.0,"cards_obtained":["Reboot"]},{"damage_healed":0,"gold_gain":0,"player_choice":"Obtained Book","damage_taken":21,"max_hp_gain":0,"max_hp_loss":0,"event_name":"Cursed Tome","floor":21,"gold_loss":0},{"damage_healed":0,"gold_gain":0,"cards_transformed":["Defend_B","Strike_B"],"player_choice":"Became Test Subject","damage_taken":0,"max_hp_gain":0,"max_hp_loss":0,"event_name":"Drug Dealer","floor":27,"gold_loss":0,"cards_obtained":["Redo","Chaos"]},{"damage_healed":0,"gold_gain":0,"player_choice":"Fight","damage_taken":0,"max_hp_gain":0,"max_hp_loss":0,"event_name":"Colosseum","floor":28,"gold_loss":0}],"is_beta":false,"boss_relics":[{"not_picked":["Cursed Key","Calling Bell"],"picked":"Empty Cage"}],"items_purged_floors":[2,19],"is_endless":false,"potions_floor_spawned":[5,11,13,22],"killed_by":"Colosseum Slavers","ascension_level":20}