{"gold_per_floor":[109,109,109,259,55,55,89,89,89,89,89,89,104,142,142,237,237,253,278,294,194,207,207,207,207,207,207,222,247,287,14,14,110,110,126,68,81,100,433,767,767,801,839,878,890,920,982,1011,1023,1035,1047,1059,664,692,692],"floor_reached":56,"playtime":2089,"items_purged":["Doubt","Strike_G","Strike_G","Strike_G"],"score":2226,"play_id":"ea1e05ba-a6d8-4055-b108-eff9e0d891fa","local_time":"20190303200723","is_ascension_mode":true,"campfire_choices":[{"data":"Catalyst","floor":6,"key":"SMITH"},{"data":"Deadly Poison","floor":8,"key":"SMITH"},{"data":"Neutralize","floor":11,"key":"SMITH"},{"data":"Acrobatics","floor":15,"key":"SMITH"},{"data":"Grand Finale","floor":23,"key":"SMITH"},{"data":"Backflip","floor":25,"key":"SMITH"},{"data":"Survivor","floor":27,"key":"SMITH"},{"floor":32,"key":"RECALL"},{"data":"Well Laid Plans","floor":41,"key":"SMITH"},{"data":"Concentrate","floor":45,"key":"SMITH"},{"data":"Calculated Gamble","floor":49,"key":"SMITH"},{"data":"Acrobatics","floor":52,"key":"SMITH"}],"neow_cost":"NONE","seed_source_timestamp":30748148683423,"circlet_count":0,"master_deck":["AscendersBane","Defend_G","Defend_G","Defend_G","Defend_G","Defend_G","Strike_G","Survivor+1","Neutralize+1","Infinite Blades","Deadly Poison+1","Catalyst+1","Acrobatics+1","Grand Finale+1","After Image","Backflip+1","Backflip+1","Reflex+1","Acrobatics+1","Calculated Gamble+1","Well Laid Plans+1","Clumsy","Concentrate+1","Tactician+1"],"relics":["Ring of the Snake","NeowsBlessing","Gambling Chip","Sundial","Regal Pillow","Cursed Key","Bottled Lightning","Membership Card","Black Star","Vajra","Old Coin","MawBank","Blood Vial","Bag of Preparation","Lantern","Art of War","Toy Ornithopter","Gremlin Horn","Orichalcum","Pear","Mercury Hourglass"],"potions_floor_usage":[18,20,42,50,55,55],"damage_taken":[{"damage":0,"enemies":"2 Louse","floor":1,"turns":1},{"damage":0,"enemies":"3 Sentries","floor":7,"turns":2},{"damage":0,"enemies":"Jaw Worm","floor":13,"turns":1},{"damage":12,"enemies":"Gremlin Nob","floor":14,"turns":3},{"damage":8,"enemies":"The Guardian","floor":16,"turns":8},{"damage":4,"enemies":"Spheric Guardian","floor":18,"turns":5},{"damage":17,"enemies":"2 Thieves","floor":19,"turns":4},{"damage":0,"enemies":"Centurion and Healer","floor":20,"turns":6},{"damage":0,"enemies":"Snake Plant","floor":22,"turns":6},{"damage":0,"enemies":"3 Cultists","floor":28,"turns":1},{"damage":0,"enemies":"Centurion and Healer","floor":29,"turns":2},{"damage":0,"enemies":"Book of Stabbing","floor":30,"turns":5},{"damage":4,"enemies":"Collector","floor":33,"turns":6},{"damage":0,"enemies":"3 Darklings","floor":35,"turns":1},{"damage":0,"enemies":"3 Shapes","floor":37,"turns":1},{"damage":4,"enemies":"Writhing Mass","floor":38,"turns":6},{"damage":5,"enemies":"Giant Head","floor":40,"turns":6},{"damage":0,"enemies":"Reptomancer","floor":42,"turns":4},{"damage":0,"enemies":"Giant Head","floor":44,"turns":6},{"damage":1,"enemies":"Transient","floor":46,"turns":5},{"damage":0,"enemies":"Jaw Worm Horde","floor":48,"turns":1},{"damage":23,"enemies":"Awakened One","floor":50,"turns":7},{"damage":0,"enemies":"Shield and Spear","floor":54,"turns":1},{"damage":35,"enemies":"The Heart","floor":55,"turns":6}],"seed_played":"8764756669030569988","potions_obtained":[{"floor":7,"key":"Regen Potion"},{"floor":16,"key":"FearPotion"},{"floor":20,"key":"Regen Potion"},{"floor":22,"key":"PowerPotion"},{"floor":28,"key":"Fire Potion"},{"floor":30,"key":"GamblersBrew"},{"floor":44,"key":"Energy Potion"}],"is_trial":false,"path_per_floor":["M","?","?","?","$","R","E","R","T","$","R","T","M","E","R","B",null,"M","M","M","$","M","R","?","R","T","R","M","M","E","$","R","B",null,"M","$","M","M","?","E","R","E","T","E","R","M","?","M","R","B",null,"R","$","E","B",null],"character_chosen":"THE_SILENT","items_purchased":["Deadly Poison","Catalyst","Membership Card","Acrobatics","Calculated Gamble","SpeedPotion","Toy Ornithopter","Gremlin Horn","Orichalcum"],"campfire_rested":0,"item_purchase_floors":[5,5,31,36,36,53,53,53,53],"current_hp_per_floor":[59,59,59,59,59,59,59,59,59,59,59,59,59,47,47,39,55,51,34,48,48,48,48,48,48,48,48,48,48,48,48,48,44,56,56,56,56,52,52,47,47,47,47,49,49,50,50,52,52,31,53,53,53,65,40],"gold":692,"neow_bonus":"THREE_ENEMY_KILL","is_prod":false,"is_daily":false,"chose_seed":false,"campfire_upgraded":11,"win_rate":0,"timestamp":1551614843,"path_taken":["M","?","?","?","$","R","E","R","T","$","R","?","?","E","R","BOSS","M","?","M","$","M","R","?","R","T","R","M","M","E","$","R","BOSS","M","$","M","M","?","E","R","E","T","E","R","M","?","M","R","BOSS","R","$","E","BOSS"],"build_version":"2019-01-23","purchased_purges":4,"victory":true,"max_hp_per_floor":[66,60,60,60,60,60,60,60,60,60,60,60,60,60,60,60,60,60,60,60,60,60,60,60,60,60,60,60,60,60,60,60,60,60,60,60,60,60,60,60,60,60,60,60,60,60,60,60,60,60,60,60,60,70,70],"card_choices":[{"not_picked":["Acrobatics","Flying Knee","Setup"],"picked":"SKIP","floor":1},{"not_picked":["Setup","Riddle With Holes","Slice"],"picked":"SKIP","floor":7},{"not_picked":["Poisoned Stab","Crippling Poison"],"picked":"Acrobatics","floor":13},{"not_picked":["Blade Dance","Dagger Spray"],"picked":"Grand Finale","floor":14},{"not_picked":["A Thousand Cuts","Unload"],"picked":"After Image","floor":16},{"not_picked":["Poisoned Stab","Cloak And Dagger"],"picked":"Backflip+1","floor":18},{"not_picked":["Prepared","Dagger Throw"],"picked":"Backflip","floor":19},{"not_picked":["Distraction","Choke","Dash"],"picked":"SKIP","floor":20},{"not_picked":["Terror","Doppelganger","Skewer"],"picked":"SKIP","floor":22},{"not_picked":["Flechettes","Deadly Poison+1","Dodge and Roll"],"picked":"SKIP","floor":28},{"not_picked":["Flechettes","Deadly Poison+1","Dodge and Roll"],"picked":"SKIP","floor":28},{"not_picked":["Noxious Fumes","All Out Attack","Eviscerate"],"picked":"SKIP","floor":29},{"not_picked":["Heel Hook+1","Choke"],"picked":"Reflex+1","floor":30},{"not_picked":["Bane","Poisoned Stab","Blur+1"],"picked":"SKIP","floor":35},{"not_picked":["Cloak And Dagger+1","Outmaneuver+1"],"picked":"Well Laid Plans","floor":37},{"not_picked":["Infinite Blades","Quick Slash","Noxious Fumes"],"picked":"SKIP","floor":38},{"not_picked":["Expertise","Bane","Deadly Poison"],"picked":"SKIP","floor":40},{"not_picked":["Accuracy","Well Laid Plans+1","Quick Slash"],"picked":"SKIP","floor":42},{"not_picked":["Venomology","Backstab"],"picked":"Concentrate","floor":44},{"not_picked":["Backflip","Blur","Bane"],"picked":"SKIP","floor":46},{"not_picked":["Bane+1","Dodge and Roll"],"picked":"Tactician+1","floor":48},{"not_picked":["Deadly Poison","Riddle With Holes","Dodge and Roll+1"],"picked":"SKIP","floor":54}],"player_experience":3283343,"relics_obtained":[{"floor":7,"key":"Gambling Chip"},{"floor":12,"key":"Sundial"},{"floor":14,"key":"Regal Pillow"},{"floor":30,"key":"Bottled Lightning"},{"floor":40,"key":"Vajra"},{"floor":40,"key":"Old Coin"},{"floor":42,"key":"MawBank"},{"floor":42,"key":"Blood Vial"},{"floor":43,"key":"Bag of Preparation"},{"floor":44,"key":"Lantern"},{"floor":44,"key":"Art of War"},{"floor":54,"key":"Pear"},{"floor":54,"key":"Mercury Hourglass"}],"event_choices":[{"damage_healed":0,"gold_gain":0,"player_choice":"Lose Max HP","damage_taken":0,"relics_obtained":["Golden Idol"],"max_hp_gain":0,"max_hp_loss":6,"event_name":"Golden Idol","floor":2,"gold_loss":0},{"damage_healed":0,"gold_gain":0,"cards_transformed":["Strike_G"],"player_choice":"Change","damage_taken":0,"max_hp_gain":0,"max_hp_loss":0,"event_name":"Living Wall","floor":3,"gold_loss":0,"cards_obtained":["Infinite Blades"]},{"damage_healed":0,"gold_gain":150,"player_choice":"AGREE","damage_taken":0,"max_hp_gain":0,"max_hp_loss":0,"event_name":"Liars Game","floor":4,"gold_loss":0,"cards_obtained":["Doubt"]},{"damage_healed":0,"gold_gain":0,"player_choice":"Ignored","damage_taken":0,"max_hp_gain":0,"max_hp_loss":0,"event_name":"Cursed Tome","floor":24,"gold_loss":0},{"damage_healed":0,"gold_gain":333,"player_choice":"Gave Idol","damage_taken":0,"max_hp_gain":0,"max_hp_loss":0,"event_name":"The Moai Head","floor":39,"relics_lost":["Golden Idol"],"gold_loss":0},{"damage_healed":0,"gold_gain":50,"player_choice":"Pray","damage_taken":0,"max_hp_gain":0,"max_hp_loss":0,"event_name":"Golden Shrine","floor":47,"gold_loss":0}],"is_beta":false,"boss_relics":[{"not_picked":["Philosopher\u0027s Stone","Velvet Choker"],"picked":"Cursed Key"},{"not_picked":["Snecko Eye","Tiny House"],"picked":"Black Star"}],"items_purged_floors":[5,21,31,53],"is_endless":false,"potions_floor_spawned":[7,16,20,22,28,30,37,40,44,54],"ascension_level":15}