{"gold_per_floor":[113,124,124,140,65,65,86,86,166,166,166,207,76,114,114,212,212,225,41,91,109,123,123,192,192,216,255,270,270,286,304,304,400,400,418,293,293,626,637,669,669,699,699,733,748,598,598,598,598,598,598,598,598,31,59,59],"floor_reached":57,"playtime":2190,"items_purged":["Strike_G","Strike_G","Riddle With Holes","Distraction","After Image"],"score":3697,"play_id":"ea1faa36-b135-43f4-ad0f-3e2fdfb321d8","local_time":"20190314174848","is_ascension_mode":true,"campfire_choices":[{"data":"Corpse Explosion","floor":6.0,"key":"SMITH"},{"data":"Calculated Gamble","floor":8.0,"key":"SMITH"},{"data":"Neutralize","floor":10.0,"key":"SMITH"},{"data":"Well Laid Plans","floor":15.0,"key":"SMITH"},{"data":"Tactician","floor":23.0,"key":"SMITH"},{"data":"Acrobatics","floor":25.0,"key":"SMITH"},{"data":"Flechettes","floor":29.0,"key":"SMITH"},{"data":"Escape Plan","floor":32.0,"key":"SMITH"},{"data":"Tools of the Trade","floor":41.0,"key":"SMITH"},{"floor":47.0,"key":"RECALL"},{"data":"Backflip","floor":49.0,"key":"SMITH"},{"data":"Survivor","floor":53,"key":"SMITH"}],"neow_cost":"TEN_PERCENT_HP_LOSS","seed_source_timestamp":33651633565601,"circlet_count":0,"master_deck":["AscendersBane","Survivor+1","Neutralize+1","Calculated Gamble+1","Endless Agony","Dagger Throw","Corpse Explosion+1","Acrobatics+1","Well Laid Plans+1","After Image","Flechettes+1","Tactician+1","Escape Plan+1","Tools of the Trade+1","Malaise+1","Backflip+1","Heel Hook"],"special_seed":0,"relics":["Ring of the Snake","Tough Bandages","Pantograph","Oddly Smooth Stone","Shuriken","Runic Pyramid","Tiny Chest","Bag of Marbles","Gremlin Horn","Pandora\u0027s Box","Torii","Blue Candle","Kunai","War Paint","Lee\u0027s Waffle","Nunchaku"],"potions_floor_usage":[],"damage_taken":[{"damage":9.0,"enemies":"Cultist","floor":1.0,"turns":5.0},{"damage":1.0,"enemies":"2 Louse","floor":2.0,"turns":3.0},{"damage":0.0,"enemies":"Jaw Worm","floor":4.0,"turns":5.0},{"damage":3.0,"enemies":"Gremlin Gang","floor":7.0,"turns":2.0},{"damage":27.0,"enemies":"Gremlin Nob","floor":12.0,"turns":4.0},{"damage":0.0,"enemies":"3 Sentries","floor":14.0,"turns":3.0},{"damage":0.0,"enemies":"Hexaghost","floor":16.0,"turns":9.0},{"damage":0.0,"enemies":"Shell Parasite","floor":18.0,"turns":5.0},{"damage":0.0,"enemies":"Spheric Guardian","floor":21.0,"turns":3.0},{"damage":2.0,"enemies":"Snake Plant","floor":22.0,"turns":5.0},{"damage":0.0,"enemies":"Gremlin Leader","floor":24.0,"turns":6.0},{"damage":0.0,"enemies":"Book of Stabbing","floor":27.0,"turns":4.0},{"damage":0.0,"enemies":"3 Cultists","floor":28.0,"turns":2.0},{"damage":0.0,"enemies":"Chosen and Byrds","floor":30.0,"turns":2.0},{"damage":0.0,"enemies":"Centurion and Healer","floor":31.0,"turns":2.0},{"damage":0.0,"enemies":"Champ","floor":33.0,"turns":7.0},{"damage":0.0,"enemies":"3 Shapes","floor":35.0,"turns":3.0},{"damage":0.0,"enemies":"3 Darklings","floor":39.0,"turns":2.0},{"damage":0.0,"enemies":"Giant Head","floor":40.0,"turns":3.0},{"damage":0.0,"enemies":"Nemesis","floor":42.0,"turns":5.0},{"damage":0.0,"enemies":"Reptomancer","floor":44.0,"turns":2.0},{"damage":0.0,"enemies":"Spire Growth","floor":45.0,"turns":3.0},{"damage":0.0,"enemies":"Time Eater","floor":50.0,"turns":5.0},{"damage":0,"enemies":"Donu and Deca","floor":51,"turns":5},{"damage":0,"enemies":"Shield and Spear","floor":55,"turns":3},{"damage":0,"enemies":"The Heart","floor":56,"turns":6}],"seed_played":"-3265617177761947044","potions_obtained":[{"floor":1.0,"key":"EntropicBrew"},{"floor":4.0,"key":"Fruit Juice"},{"floor":16.0,"key":"Block Potion"},{"floor":28.0,"key":"GamblersBrew"}],"is_trial":false,"path_per_floor":["M","M","?","M","$","R","M","R","T","R","?","E","$","E","R","B",null,"M","$","?","M","M","R","E","R","T","E","M","R","M","M","R","B",null,"M","$","?","?","M","E","R","E","T","E","M","$","R","?","R","B","B",null,"R","$","E","B",null],"character_chosen":"THE_SILENT","items_purchased":["Corpse Explosion","Fire Potion","Tactician","War Paint","Lee\u0027s Waffle"],"campfire_rested":0,"item_purchase_floors":[5,13,19,54,54],"current_hp_per_floor":[50,49,49,54,54,54,51,51,51,51,44,17,17,17,17,42,55,55,55,55,55,53,53,53,53,53,53,53,53,53,53,53,59,59,59,59,56,56,56,56,56,56,56,56,56,56,56,46,46,56,56,56,56,63,63,63],"gold":59,"neow_bonus":"ONE_RARE_RELIC","is_prod":false,"is_daily":false,"chose_seed":false,"campfire_upgraded":11,"win_rate":0,"timestamp":1552556928,"path_taken":["M","M","?","M","$","R","M","R","T","R","?","E","$","E","R","BOSS","M","$","?","M","?","R","E","R","T","E","M","R","M","M","R","BOSS","M","$","?","?","M","E","R","E","T","E","M","$","R","?","R","BOSS","BOSS","R","$","E","BOSS"],"build_version":"2019-01-23","purchased_purges":5,"victory":true,"max_hp_per_floor":[60,60,54,59,59,59,59,59,59,59,59,59,59,59,59,59,59,59,59,59,59,59,59,59,59,59,59,59,59,59,59,59,59,59,59,59,56,56,56,56,56,56,56,56,56,56,56,56,56,56,56,56,56,63,63,63],"card_choices":[{"not_picked":["Cloak And Dagger","Quick Slash"],"picked":"Calculated Gamble","floor":1.0},{"not_picked":["Dagger Spray","Flying Knee"],"picked":"Endless Agony","floor":2.0},{"not_picked":["Flechettes","Bane"],"picked":"Dagger Throw","floor":4.0},{"not_picked":["Crippling Poison","Bane"],"picked":"Acrobatics","floor":7.0},{"not_picked":["PiercingWail","Dagger Spray"],"picked":"Well Laid Plans","floor":12.0},{"not_picked":["Blade Dance","A Thousand Cuts","Flying Knee"],"picked":"SKIP","floor":14.0},{"not_picked":["A Thousand Cuts","Bullet Time"],"picked":"After Image","floor":16.0},{"not_picked":["Dagger Throw+1","Acrobatics"],"picked":"Flechettes","floor":18.0},{"not_picked":["Prepared","Outmaneuver","Dagger Throw"],"picked":"SKIP","floor":21.0},{"not_picked":["Deflect","Bane","Heel Hook"],"picked":"SKIP","floor":22.0},{"not_picked":["Poisoned Stab+1","Blur","Flying Knee+1"],"picked":"SKIP","floor":24.0},{"not_picked":["Bouncing Flask","Calculated Gamble","Dodge and Roll"],"picked":"SKIP","floor":27.0},{"not_picked":["Dagger Throw","Finisher"],"picked":"Escape Plan","floor":28.0},{"not_picked":["Deadly Poison","Setup","Eviscerate"],"picked":"SKIP","floor":30.0},{"not_picked":["Expertise","Poisoned Stab","Skewer"],"picked":"SKIP","floor":31.0},{"not_picked":["Dodge and Roll","Dagger Throw","Prepared"],"picked":"SKIP","floor":35.0},{"not_picked":["Backflip+1","Tactician+1","Dodge and Roll"],"picked":"SKIP","floor":39.0},{"not_picked":["PiercingWail","Deadly Poison","Expertise"],"picked":"SKIP","floor":40.0},{"not_picked":["Corpse Explosion","Poisoned Stab","Noxious Fumes"],"picked":"SKIP","floor":42.0},{"not_picked":["Dash","A Thousand Cuts","Underhanded Strike"],"picked":"SKIP","floor":44.0},{"not_picked":["Deflect","Prepared","Quick Slash"],"picked":"SKIP","floor":45.0},{"not_picked":["Riddle With Holes","Slice+1","Prepared+1"],"picked":"SKIP","floor":55}],"player_experience":3591976,"relics_obtained":[{"floor":9.0,"key":"Pantograph"},{"floor":12.0,"key":"Oddly Smooth Stone"},{"floor":14.0,"key":"Shuriken"},{"floor":24.0,"key":"Tiny Chest"},{"floor":26.0,"key":"Bag of Marbles"},{"floor":27.0,"key":"Gremlin Horn"},{"floor":40.0,"key":"Torii"},{"floor":42.0,"key":"Blue Candle"},{"floor":44.0,"key":"Kunai"},{"floor":55,"key":"Nunchaku"}],"event_choices":[{"damage_healed":0.0,"max_hp_gain":0.0,"max_hp_loss":6.0,"gold_gain":0.0,"event_name":"Golden Idol","player_choice":"Lose Max HP","floor":3.0,"gold_loss":0.0,"damage_taken":0.0,"relics_obtained":["Golden Idol"]},{"cards_removed":["Strike_G"],"damage_healed":0.0,"max_hp_gain":0.0,"max_hp_loss":0.0,"gold_gain":0.0,"event_name":"Golden Wing","player_choice":"Card Removal","floor":11.0,"gold_loss":0.0,"damage_taken":7.0},{"damage_healed":0.0,"max_hp_gain":0.0,"max_hp_loss":0.0,"gold_gain":50.0,"event_name":"Golden Shrine","player_choice":"Pray","floor":20.0,"gold_loss":0.0,"damage_taken":0.0},{"damage_healed":0.0,"max_hp_gain":0.0,"max_hp_loss":3.0,"gold_gain":0.0,"event_name":"Winding Halls","player_choice":"Max HP","floor":37.0,"gold_loss":0.0,"damage_taken":0.0},{"damage_healed":0.0,"max_hp_gain":0.0,"max_hp_loss":0.0,"gold_gain":333.0,"event_name":"The Moai Head","player_choice":"Gave Idol","floor":38.0,"relics_lost":["Golden Idol"],"gold_loss":0.0,"damage_taken":0.0},{"damage_healed":0.0,"max_hp_gain":0.0,"max_hp_loss":0.0,"gold_gain":0.0,"event_name":"SensoryStone","player_choice":"Memory 3","floor":48.0,"gold_loss":0.0,"damage_taken":10.0}],"is_beta":false,"boss_relics":[{"not_picked":["Sozu","Busted Crown"],"picked":"Runic Pyramid"},{"not_picked":["Ring of the Serpent","Orrery"],"picked":"Pandora\u0027s Box"}],"items_purged_floors":[13,19,36,46,54],"is_endless":false,"potions_floor_spawned":[1,4,16,22,24,28,31,35,40,44,45],"ascension_level":20}