{"gold_per_floor":[16,35,7,7,19,19,47,47,73,148,158,173,185,185,185,259,259,270,270,297,314,329,329,329],"floor_reached":24,"playtime":777,"items_purged":[],"score":396,"play_id":"e9e5bd42-0db7-4913-8dea-f73d18076650","local_time":"20190222182612","is_ascension_mode":true,"campfire_choices":[{"data":"Coolheaded","floor":6.0,"key":"SMITH"},{"data":"Loop","floor":8.0,"key":"SMITH"},{"data":"Beam Cell","floor":15.0,"key":"SMITH"},{"data":"Sunder","floor":23.0,"key":"SMITH"}],"neow_cost":"NO_GOLD","seed_source_timestamp":426002631702135,"circlet_count":0,"master_deck":["AscendersBane","Strike_B+1","Strike_B+1","Strike_B+1","Defend_B+1","Defend_B+1","Defend_B+1","Defend_B+1","Zap","Dualcast","Loop+1","Skim","Compile Driver","Coolheaded+1","Beam Cell+1","Reboot","Defragment","BootSequence","Sunder+1","All For One","Blizzard","Stack+1","Recycle+1","Ball Lightning+1"],"special_seed":0,"relics":["Cracked Core","Incense Burner","Omamori","Ancient Tea Set","Sozu","Red Mask"],"potions_floor_usage":[],"damage_taken":[{"damage":0.0,"enemies":"2 Louse","floor":1.0,"turns":2.0},{"damage":2.0,"enemies":"Jaw Worm","floor":2.0,"turns":5.0},{"damage":0.0,"enemies":"Cultist","floor":5.0,"turns":3.0},{"damage":14.0,"enemies":"3 Sentries","floor":7.0,"turns":7.0},{"damage":10.0,"enemies":"Blue Slaver","floor":11.0,"turns":4.0},{"damage":0.0,"enemies":"Large Slime","floor":12.0,"turns":4.0},{"damage":0.0,"enemies":"2 Fungi Beasts","floor":13.0,"turns":3.0},{"damage":4.0,"enemies":"The Guardian","floor":16.0,"turns":11.0},{"damage":10.0,"enemies":"Shell Parasite","floor":18.0,"turns":4.0},{"damage":15.0,"enemies":"Masked Bandits","floor":20.0,"turns":5.0},{"damage":12.0,"enemies":"Chosen","floor":21.0,"turns":4.0},{"damage":0.0,"enemies":"Centurion and Healer","floor":22.0,"turns":6.0},{"damage":29,"enemies":"Gremlin Leader","floor":24,"turns":5}],"seed_played":"-2400093147709047072","potions_obtained":[{"floor":1.0,"key":"Fire Potion"},{"floor":11.0,"key":"Dexterity Potion"},{"floor":13.0,"key":"FearPotion"},{"floor":16.0,"key":"Dexterity Potion"}],"is_trial":false,"path_per_floor":["M","M","$","?","M","R","E","R","T","?","M","M","M","?","R","B",null,"M","?","?","M","M","R","E"],"character_chosen":"DEFECT","items_purchased":["Compile Driver"],"campfire_rested":0,"item_purchase_floors":[3],"current_hp_per_floor":[64,62,62,41,41,41,27,27,27,16,6,6,6,6,6,2,54,44,44,29,17,17,17,0],"gold":329,"neow_bonus":"ONE_RARE_RELIC","is_prod":false,"is_daily":false,"chose_seed":false,"campfire_upgraded":4,"win_rate":0,"timestamp":1550831172,"path_taken":["M","M","$","?","M","R","E","R","T","?","M","?","?","?","R","BOSS","M","?","?","M","M","R","E"],"build_version":"2019-01-23","purchased_purges":0,"victory":false,"max_hp_per_floor":[71,71,71,71,71,71,71,71,71,71,71,71,71,71,71,71,71,71,71,71,71,71,71,71],"card_choices":[{"not_picked":["Force Field","Consume"],"picked":"Loop","floor":1.0},{"not_picked":["Conserve Battery","Gash"],"picked":"Skim","floor":2.0},{"not_picked":["Streamline","Gash"],"picked":"Coolheaded","floor":5.0},{"not_picked":["Scrape","Aggregate"],"picked":"Beam Cell","floor":7.0},{"not_picked":["Redo","Loop"],"picked":"Reboot","floor":11.0},{"not_picked":["Hello World","Ball Lightning"],"picked":"Defragment","floor":12.0},{"not_picked":["Hello World","Rebound"],"picked":"BootSequence","floor":13.0},{"not_picked":["Rainbow","Meteor Strike"],"picked":"All For One","floor":16.0},{"not_picked":["Double Energy","Rebound"],"picked":"Blizzard","floor":18.0},{"not_picked":["Ball Lightning","Beam Cell"],"picked":"Stack+1","floor":20.0},{"not_picked":["Compile Driver","Barrage"],"picked":"Recycle+1","floor":21.0},{"not_picked":["Rebound","Steam Power"],"picked":"Ball Lightning+1","floor":22.0}],"player_experience":910346,"relics_obtained":[{"floor":7.0,"key":"Omamori"},{"floor":9.0,"key":"Ancient Tea Set"},{"floor":20.0,"key":"Red Mask"}],"event_choices":[{"damage_healed":0.0,"max_hp_gain":0.0,"max_hp_loss":0.0,"gold_gain":0.0,"event_name":"Shining Light","player_choice":"Entered Light","floor":4.0,"gold_loss":0.0,"damage_taken":21.0,"cards_upgraded":["Defend_B","Strike_B"]},{"damage_healed":0.0,"max_hp_gain":0.0,"max_hp_loss":0.0,"gold_gain":75.0,"event_name":"World of Goop","player_choice":"Gather Gold","floor":10.0,"gold_loss":0.0,"damage_taken":11.0},{"damage_healed":0.0,"max_hp_gain":0.0,"max_hp_loss":0.0,"gold_gain":0.0,"cards_transformed":["Strike_B"],"event_name":"Living Wall","player_choice":"Change","floor":14.0,"gold_loss":0.0,"damage_taken":0.0,"cards_obtained":["Sunder"]},{"damage_healed":0.0,"max_hp_gain":0.0,"max_hp_loss":0.0,"gold_gain":0.0,"event_name":"Back to Basics","player_choice":"Simplicity","floor":19.0,"gold_loss":0.0,"damage_taken":0.0,"cards_upgraded":["Strike_B","Strike_B","Defend_B","Defend_B","Defend_B"]},{"damage_healed":0.0,"max_hp_gain":0.0,"max_hp_loss":0.0,"gold_gain":0.0,"event_name":"Masked Bandits","player_choice":"Fought Bandits","floor":20.0,"gold_loss":0.0,"damage_taken":0.0}],"is_beta":false,"boss_relics":[{"not_picked":["White Beast Statue","Philosopher\u0027s Stone"],"picked":"Sozu"}],"items_purged_floors":[],"is_endless":false,"potions_floor_spawned":[1,11,13,16,20,22],"killed_by":"Gremlin Leader","ascension_level":20}