{"gold_per_floor":[119,1,1,25,38,38,58,58,58,72,72,90,15,59,59,155,155,176,200,200,224,124,124,149,149,199,199,199,215,90,108,108,199,199,224,245,245,245,95,134,134,177,201,219,219,258,258,273,273,273,273,273,273,46,81,81],"floor_reached":57,"playtime":2812,"items_purged":["Pain","Strike_G","Strike_G","Strike_G","Strike_G"],"score":2859,"play_id":"2d1cad38-46f5-403c-a660-ecf164edb145","local_time":"20190702234410","is_ascension_mode":true,"campfire_choices":[{"data":"Noxious Fumes","floor":8.0,"key":"SMITH"},{"data":"Catalyst","floor":11.0,"key":"SMITH"},{"data":"Corpse Explosion","floor":15.0,"key":"SMITH"},{"data":"Acrobatics","floor":23.0,"key":"SMITH"},{"data":"Neutralize","floor":25.0,"key":"SMITH"},{"data":"Footwork","floor":27.0,"key":"SMITH"},{"data":"Footwork","floor":32.0,"key":"SMITH"},{"data":"Catalyst","floor":41.0,"key":"SMITH"},{"data":"Burst","floor":45.0,"key":"SMITH"},{"floor":49.0,"key":"RECALL"},{"data":"Bullet Time","floor":53.0,"key":"SMITH"}],"neow_cost":"NONE","seed_source_timestamp":19782150383654,"circlet_count":0,"master_deck":["AscendersBane","Strike_G","Defend_G","Defend_G","Defend_G","Defend_G","Defend_G","Survivor","Neutralize+1","Bullet Time+1","Noxious Fumes+1","Catalyst+1","Footwork+1","Corpse Explosion+1","Backflip","Footwork+1","Acrobatics+1","Catalyst+1","After Image","Panacea","Finesse","Master of Strategy","Burst+1","Burst","PiercingWail","Tactician+1"],"special_seed":0,"relics":["Ring of the Snake","Golden Idol","WarpedTongs","Shuriken","Runic Dome","Nloth\u0027s Gift","Bag of Preparation","Sozu","PreservedInsect","The Specimen","Boot","Pen Nib"],"potions_floor_usage":[56],"damage_taken":[{"damage":2.0,"enemies":"Jaw Worm","floor":1.0,"turns":6.0},{"damage":2.0,"enemies":"Small Slimes","floor":4.0,"turns":5.0},{"damage":0.0,"enemies":"Cultist","floor":5.0,"turns":4.0},{"damage":4.0,"enemies":"Gremlin Gang","floor":7.0,"turns":3.0},{"damage":2.0,"enemies":"2 Fungi Beasts","floor":10.0,"turns":2.0},{"damage":3.0,"enemies":"Lots of Slimes","floor":12.0,"turns":1.0},{"damage":11.0,"enemies":"Gremlin Nob","floor":14.0,"turns":3.0},{"damage":28.0,"enemies":"Slime Boss","floor":16.0,"turns":7.0},{"damage":8.0,"enemies":"Chosen","floor":18.0,"turns":4.0},{"damage":12.0,"enemies":"2 Thieves","floor":19.0,"turns":3.0},{"damage":0.0,"enemies":"Cultist and Chosen","floor":21.0,"turns":3.0},{"damage":0.0,"enemies":"Shelled Parasite and Fungi","floor":24.0,"turns":3.0},{"damage":0.0,"enemies":"Snake Plant","floor":29.0,"turns":5.0},{"damage":0.0,"enemies":"Centurion and Healer","floor":31.0,"turns":5.0},{"damage":9.0,"enemies":"Automaton","floor":33.0,"turns":8.0},{"damage":0.0,"enemies":"3 Shapes","floor":35.0,"turns":3.0},{"damage":8.0,"enemies":"3 Darklings","floor":36.0,"turns":3.0},{"damage":0.0,"enemies":"Giant Head","floor":40.0,"turns":6.0},{"damage":5.0,"enemies":"Reptomancer","floor":42.0,"turns":6.0},{"damage":0.0,"enemies":"Sphere and 2 Shapes","floor":44.0,"turns":3.0},{"damage":0.0,"enemies":"Giant Head","floor":46.0,"turns":3.0},{"damage":11.0,"enemies":"Jaw Worm Horde","floor":48.0,"turns":3.0},{"damage":8.0,"enemies":"Awakened One","floor":50.0,"turns":11.0},{"damage":0.0,"enemies":"Donu and Deca","floor":51.0,"turns":4.0},{"damage":15.0,"enemies":"Shield and Spear","floor":55.0,"turns":7.0},{"damage":30,"enemies":"The Heart","floor":56,"turns":8}],"seed_played":"-2717375774407617186","potions_obtained":[{"floor":4.0,"key":"PowerPotion"},{"floor":7.0,"key":"GamblersBrew"},{"floor":10.0,"key":"Energy Potion"},{"floor":18.0,"key":"Poison Potion"},{"floor":21.0,"key":"GamblersBrew"},{"floor":31.0,"key":"Block Potion"}],"is_trial":false,"path_per_floor":["M","$","?","M","M","?","M","R","T","M","R","M","$","E","R","B",null,"M","M","?","M","$","R","M","R","T","R","?","M","$","M","R","B",null,"M","M","?","?","$","E","R","E","T","M","R","E","?","M","R","B","B",null,"R","$","E","B",null],"character_chosen":"THE_SILENT","items_purchased":["Noxious Fumes","Catalyst","PiercingWail"],"campfire_rested":0,"item_purchase_floors":[2,2,54],"current_hp_per_floor":[57,57,57,55,55,55,51,51,51,49,49,46,46,35,35,7,47,39,27,27,27,27,27,27,27,27,27,27,27,27,27,27,18,50,50,42,32,32,32,32,32,27,27,27,27,27,27,16,16,8,8,47,47,47,32,2],"gold":81,"neow_bonus":"ONE_RANDOM_RARE_CARD","is_prod":false,"is_daily":false,"chose_seed":false,"campfire_upgraded":10,"win_rate":0,"timestamp":1562082250,"path_taken":["M","$","?","M","M","?","M","R","T","?","R","M","$","E","R","BOSS","M","?","?","?","$","R","M","R","T","R","?","M","?","M","R","BOSS","M","M","?","?","$","E","R","E","T","M","R","E","?","M","R","BOSS","BOSS","R","$","E","BOSS"],"build_version":"2019-07-01","purchased_purges":5,"victory":true,"max_hp_per_floor":[66,66,60,60,60,60,60,60,60,60,60,60,60,60,60,60,60,60,60,60,60,60,60,60,60,60,60,60,60,60,60,60,60,60,60,60,60,60,60,60,60,60,60,60,60,60,60,60,60,60,60,60,60,60,60,60],"card_choices":[{"not_picked":["Blade Dance","Sucker Punch","Bane"],"picked":"SKIP","floor":1.0},{"not_picked":["Blade Dance","Accuracy"],"picked":"Footwork","floor":4.0},{"not_picked":["Bane","Flying Knee"],"picked":"Corpse Explosion","floor":5.0},{"not_picked":["Acrobatics","Blade Dance","Heel Hook"],"picked":"SKIP","floor":7.0},{"not_picked":["Acrobatics","Sucker Punch"],"picked":"Backflip","floor":10.0},{"not_picked":["Cloak And Dagger","Backstab","Prepared"],"picked":"SKIP","floor":12.0},{"not_picked":["Noxious Fumes","Tactician"],"picked":"Footwork","floor":14.0},{"not_picked":["Bane","Deflect","Prepared"],"picked":"SKIP","floor":18.0},{"not_picked":["Outmaneuver","Prepared"],"picked":"Acrobatics","floor":19.0},{"not_picked":["Deflect","Dagger Throw","Dagger Spray"],"picked":"SKIP","floor":21.0},{"not_picked":["Masterful Stab","Blade Dance","Unload"],"picked":"SKIP","floor":24.0},{"not_picked":["Masterful Stab","Backstab+1","Bane"],"picked":"SKIP","floor":29.0},{"not_picked":["Poisoned Stab+1","Heel Hook"],"picked":"Catalyst","floor":31.0},{"not_picked":["Envenom","Doppelganger"],"picked":"After Image","floor":33.0},{"not_picked":["Outmaneuver","Finisher","Quick Slash+1"],"picked":"SKIP","floor":35.0},{"not_picked":["Bane","Cloak And Dagger+1"],"picked":"PiercingWail+1","floor":36.0},{"not_picked":["Enlightenment","Sadistic Nature"],"picked":"Panacea","floor":37.0},{"not_picked":["Deep Breath","Trip"],"picked":"Finesse","floor":37.0},{"not_picked":["Madness","PanicButton"],"picked":"Master of Strategy","floor":37.0},{"not_picked":["Deflect","Dodge and Roll+1"],"picked":"Burst","floor":40.0},{"not_picked":["Choke","Flechettes+1","Bane"],"picked":"SKIP","floor":42.0},{"not_picked":["Bane+1","Dash","Blade Dance+1"],"picked":"SKIP","floor":44.0},{"not_picked":["Venomology","Tools of the Trade"],"picked":"Burst","floor":46.0},{"not_picked":["Reflex+1","Setup","Flying Knee+1"],"picked":"SKIP","floor":48.0},{"not_picked":["Corpse Explosion","Glass Knife"],"picked":"Tactician+1","floor":55.0}],"player_experience":5607549,"relics_obtained":[{"floor":9.0,"key":"Mercury Hourglass"},{"floor":14.0,"key":"Shuriken"},{"floor":26.0,"key":"Bag of Preparation"},{"floor":40.0,"key":"PreservedInsect"},{"floor":42.0,"key":"The Specimen"},{"floor":46.0,"key":"Boot"},{"floor":55.0,"key":"Pen Nib"}],"event_choices":[{"damage_healed":0.0,"max_hp_gain":0.0,"max_hp_loss":6.0,"gold_gain":0.0,"event_name":"Golden Idol","player_choice":"Lose Max HP","floor":3.0,"gold_loss":0.0,"damage_taken":0.0,"relics_obtained":["Golden Idol"]},{"damage_healed":0.0,"max_hp_gain":0.0,"max_hp_loss":0.0,"gold_gain":0.0,"event_name":"Accursed Blacksmith","player_choice":"Rummage","floor":6.0,"gold_loss":0.0,"damage_taken":0.0,"relics_obtained":["WarpedTongs"],"cards_obtained":["Pain"]},{"damage_healed":0.0,"max_hp_gain":0.0,"max_hp_loss":0.0,"gold_gain":0.0,"event_name":"N\u0027loth","player_choice":"Traded Relic","floor":20.0,"relics_lost":["Mercury Hourglass"],"gold_loss":0.0,"damage_taken":0.0,"relics_obtained":["Nloth\u0027s Gift"]},{"damage_healed":0.0,"max_hp_gain":0.0,"max_hp_loss":0.0,"gold_gain":0.0,"event_name":"Cursed Tome","player_choice":"Ignored","floor":28.0,"gold_loss":0.0,"damage_taken":0.0},{"damage_healed":0.0,"max_hp_gain":0.0,"max_hp_loss":0.0,"gold_gain":0.0,"event_name":"SensoryStone","player_choice":"Memory 3","floor":37.0,"gold_loss":0.0,"damage_taken":10.0},{"damage_healed":0.0,"max_hp_gain":0.0,"max_hp_loss":0.0,"gold_gain":0.0,"event_name":"Mysterious Sphere","player_choice":"Ignored","floor":38.0,"gold_loss":0.0,"damage_taken":0.0},{"cards_removed":["PiercingWail"],"damage_healed":0.0,"max_hp_gain":0.0,"max_hp_loss":0.0,"gold_gain":0.0,"event_name":"Falling","player_choice":"Removed Skill","floor":47.0,"gold_loss":0.0,"damage_taken":0.0}],"is_beta":false,"boss_relics":[{"not_picked":["Orrery","Snecko Eye"],"picked":"Runic Dome"},{"not_picked":["WristBlade","Astrolabe"],"picked":"Sozu"}],"items_purged_floors":[13,22,30,39,54],"is_endless":false,"potions_floor_spawned":[4,7,10,12,18,21,31,35,36,42,46,55],"ascension_level":20}