{"gold_per_floor":[113,123,136,56,56,81,81,81,108,143,162,177,193,23,23,118,118,133,145,9,9,9,9,43,43,67,67,87,107,118,135,135,135],"floor_reached":33,"playtime":2855,"items_purged":["Riddle With Holes+1","Crippling Poison"],"score":304,"play_id":"4195e240-74ab-4421-96ae-6675ba8862ba","local_time":"20190724043524","is_ascension_mode":false,"campfire_choices":[{"data":"Footwork","floor":7.0,"key":"SMITH"},{"floor":15.0,"key":"REST"},{"data":"Footwork","floor":23.0,"key":"SMITH"},{"data":"Cloak And Dagger","floor":25.0,"key":"SMITH"},{"data":"Backflip","floor":32,"key":"SMITH"}],"neow_cost":"NONE","seed_source_timestamp":0,"circlet_count":0,"master_deck":["Defend_G","Defend_G","Defend_G","Survivor","Neutralize+1","Well Laid Plans","Leg Sweep","Footwork+1","Backflip+1","Accuracy","Backstab","Backflip","Dagger Spray","Infinite Blades","Cloak And Dagger+1","Blade Dance","A Thousand Cuts","Flying Knee","Footwork+1","Deflect","Quick Slash","Bite","Bite","Bite","Bite","Bite","Deadly Poison+1","Blade Dance","Blade Dance","A Thousand Cuts"],"special_seed":0,"relics":["Ring of the Serpent","Dream Catcher","Anchor","Whetstone","Bottled Flame","Bag of Marbles","CultistMask"],"potions_floor_usage":[33],"damage_taken":[{"damage":0.0,"enemies":"Cultist","floor":1.0,"turns":4.0},{"damage":0.0,"enemies":"2 Louse","floor":2.0,"turns":2.0},{"damage":0.0,"enemies":"Jaw Worm","floor":3.0,"turns":3.0},{"damage":3.0,"enemies":"Lagavulin","floor":6.0,"turns":5.0},{"damage":37.0,"enemies":"Gremlin Nob","floor":10.0,"turns":6.0},{"damage":5.0,"enemies":"3 Louse","floor":11.0,"turns":3.0},{"damage":10.0,"enemies":"2 Fungi Beasts","floor":12.0,"turns":4.0},{"damage":1.0,"enemies":"Exordium Thugs","floor":13.0,"turns":4.0},{"damage":24.0,"enemies":"Hexaghost","floor":16.0,"turns":11.0},{"damage":0.0,"enemies":"Chosen","floor":18.0,"turns":6.0},{"damage":12.0,"enemies":"Shell Parasite","floor":19.0,"turns":6.0},{"damage":21.0,"enemies":"Book of Stabbing","floor":24.0,"turns":9.0},{"damage":10.0,"enemies":"Snecko","floor":28.0,"turns":4.0},{"damage":8.0,"enemies":"Snake Plant","floor":29.0,"turns":6.0},{"damage":3,"enemies":"Centurion and Healer","floor":30,"turns":7},{"damage":20,"enemies":"Cultist and Chosen","floor":31,"turns":8},{"damage":56,"enemies":"Automaton","floor":33,"turns":6}],"seed_played":"4659046964291929136","potions_obtained":[{"floor":1.0,"key":"Strength Potion"},{"floor":3.0,"key":"AttackPotion"},{"floor":11.0,"key":"PowerPotion"},{"floor":12.0,"key":"Poison Potion"},{"floor":24.0,"key":"Regen Potion"},{"floor":28.0,"key":"Strength Potion"},{"floor":30,"key":"LiquidBronze"}],"is_trial":false,"path_per_floor":["M","M","M","$","?","E","R","?","T","E","M","M","M","$","R","B",null,"M","M","$","?","?","R","E","R","T","?","M","M","M","M","R","B"],"character_chosen":"THE_SILENT","items_purchased":["Footwork","Backflip","Infinite Blades","Cloak And Dagger","Footwork"],"campfire_rested":1,"item_purchase_floors":[4,4,14,14,20],"current_hp_per_floor":[70,70,70,70,63,60,60,60,60,23,18,8,7,7,28,4,70,70,58,58,58,49,49,30,30,30,30,40,36,39,29,29,0],"gold":135,"neow_bonus":"UPGRADE_CARD","is_prod":false,"is_daily":false,"chose_seed":false,"campfire_upgraded":4,"win_rate":0.0,"timestamp":1563932124,"path_taken":["M","?","M","$","?","E","R","?","T","E","M","M","M","$","R","BOSS","M","?","$","?","?","R","E","R","T","?","?","M","?","M","R","BOSS"],"build_version":"2019-07-17","purchased_purges":2,"victory":false,"max_hp_per_floor":[70,70,70,70,70,70,70,70,70,70,70,70,70,70,70,70,70,70,70,70,70,49,49,49,49,49,49,49,49,49,49,49,49],"card_choices":[{"not_picked":["Masterful Stab","Slice"],"picked":"Well Laid Plans","floor":1.0},{"not_picked":["Underhanded Strike","Dagger Throw"],"picked":"Riddle With Holes","floor":2.0},{"not_picked":["Deflect","Cloak And Dagger"],"picked":"Leg Sweep","floor":3.0},{"not_picked":["Venomology","Deadly Poison"],"picked":"Accuracy","floor":6.0},{"not_picked":["Flying Knee","Dagger Spray"],"picked":"Crippling Poison","floor":10.0},{"not_picked":["Bane","Dagger Spray"],"picked":"Backflip","floor":11.0},{"not_picked":["Endless Agony","Night Terror"],"picked":"Dagger Spray","floor":12.0},{"not_picked":["Endless Agony","Slice","Poisoned Stab"],"picked":"SKIP","floor":13.0},{"not_picked":["Choke","Quick Slash"],"picked":"Blade Dance","floor":15.0},{"not_picked":["Venomology","Phantasmal Killer"],"picked":"A Thousand Cuts","floor":16.0},{"not_picked":["Well Laid Plans","Bane"],"picked":"Flying Knee","floor":18.0},{"not_picked":["Skewer","Reflex","Sucker Punch"],"picked":"SKIP","floor":19.0},{"not_picked":["Expertise","Eviscerate","Escape Plan"],"picked":"SKIP","floor":24.0},{"not_picked":["Masterful Stab","Caltrops"],"picked":"Deadly Poison+1","floor":28.0},{"not_picked":["Acrobatics+1","Quick Slash"],"picked":"Blade Dance","floor":29.0},{"not_picked":["PiercingWail","Flechettes"],"picked":"Blade Dance","floor":30},{"not_picked":["Prepared","Outmaneuver"],"picked":"A Thousand Cuts","floor":31}],"player_experience":89235,"relics_obtained":[{"floor":6.0,"key":"Dream Catcher"},{"floor":9.0,"key":"Anchor"},{"floor":10.0,"key":"Whetstone"},{"floor":24.0,"key":"Bottled Flame"},{"floor":26.0,"key":"Bag of Marbles"}],"event_choices":[{"cards_removed":["Defend_G"],"damage_healed":0.0,"max_hp_gain":0.0,"max_hp_loss":0.0,"gold_gain":0.0,"event_name":"Golden Wing","player_choice":"Card Removal","floor":5.0,"gold_loss":0.0,"damage_taken":7.0},{"damage_healed":0.0,"max_hp_gain":0.0,"max_hp_loss":0.0,"gold_gain":0.0,"event_name":"Match and Keep!","player_choice":"1 cards matched","floor":8.0,"gold_loss":0.0,"damage_taken":0.0,"cards_obtained":["Backstab"]},{"damage_healed":0.0,"max_hp_gain":0.0,"max_hp_loss":0.0,"gold_gain":0.0,"cards_transformed":["Strike_G","Defend_G"],"event_name":"Drug Dealer","player_choice":"Became Test Subject","floor":21.0,"gold_loss":0.0,"damage_taken":0.0,"cards_obtained":["Deflect","Quick Slash"]},{"damage_healed":0.0,"max_hp_gain":0.0,"max_hp_loss":21.0,"gold_gain":0.0,"event_name":"Vampires","player_choice":"Became a vampire","floor":22.0,"gold_loss":0.0,"damage_taken":0.0,"cards_obtained":["Bite","Bite","Bite","Bite","Bite"]},{"damage_healed":0.0,"max_hp_gain":0.0,"max_hp_loss":0.0,"gold_gain":0.0,"event_name":"FaceTrader","player_choice":"Trade","floor":27.0,"gold_loss":0.0,"damage_taken":0.0,"relics_obtained":["CultistMask"]}],"is_beta":false,"boss_relics":[{"not_picked":["Cursed Key","Fusion Hammer"],"picked":"Ring of the Serpent"}],"items_purged_floors":[14,20],"is_endless":false,"potions_floor_spawned":[1,3,11,12,24,28,30],"killed_by":"Automaton","ascension_level":0}