{"gold_per_floor":[109,34,52,202,202,202,23,43,120,135,135,135,92,108,108,206,206,227,227,248,47,47,47,97,12,12,12],"floor_reached":27,"playtime":851,"items_purged":["Defend_G","Doubt","Strike_G"],"score":398,"play_id":"76d545d1-e92b-4f65-912e-bec8a9c13fed","local_time":"20190210123639","is_ascension_mode":true,"campfire_choices":[{"data":"Neutralize","floor":6.0,"key":"SMITH"},{"data":"Well Laid Plans","floor":12.0,"key":"SMITH"},{"data":"Noxious Fumes","floor":15.0,"key":"SMITH"},{"data":"Reflex","floor":23.0,"key":"SMITH"}],"neow_cost":"NONE","seed_source_timestamp":13576597060742,"circlet_count":0,"master_deck":["AscendersBane","Defend_G","Defend_G","Defend_G","Defend_G","Survivor","Neutralize+1","Well Laid Plans+1","Reflex+1","Noxious Fumes+1","Adrenaline","Adrenaline","Acrobatics","Ghostly","Ghostly","Ghostly","Concentrate+1","Well Laid Plans","Outmaneuver","Backstab"],"special_seed":0,"relics":["Ring of the Snake","Golden Idol","Kunai","Sozu","Oddly Smooth Stone"],"potions_floor_usage":[27,27],"damage_taken":[{"damage":1.0,"enemies":"Small Slimes","floor":1.0,"turns":5.0},{"damage":0.0,"enemies":"2 Louse","floor":3.0,"turns":3.0},{"damage":0.0,"enemies":"Cultist","floor":8.0,"turns":4.0},{"damage":1.0,"enemies":"Looter","floor":10.0,"turns":4.0},{"damage":16.0,"enemies":"3 Louse","floor":14.0,"turns":4.0},{"damage":30.0,"enemies":"Slime Boss","floor":16.0,"turns":12.0},{"damage":2.0,"enemies":"Chosen","floor":18.0,"turns":7.0},{"damage":0.0,"enemies":"Spheric Guardian","floor":20.0,"turns":7.0},{"damage":24,"enemies":"Cultist and Chosen","floor":27,"turns":8}],"seed_played":"-1240501324714880827","potions_obtained":[{"floor":3.0,"key":"PowerPotion"},{"floor":8.0,"key":"EssenceOfSteel"},{"floor":16.0,"key":"FearPotion"}],"is_trial":false,"path_per_floor":["M","$","M","?","?","R","$","M","T","M","?","R","$","M","R","B",null,"M","?","M","$","?","R","?","?","T","M"],"character_chosen":"THE_SILENT","items_purchased":["Well Laid Plans","Noxious Fumes","Well Laid Plans"],"campfire_rested":0,"item_purchase_floors":[7,13,21],"current_hp_per_floor":[58,58,58,58,58,58,58,58,58,57,57,57,57,41,41,11,48,46,30,30,30,30,30,30,30,30,6],"gold":12,"neow_bonus":"REMOVE_CARD","is_prod":false,"is_daily":false,"chose_seed":false,"campfire_upgraded":4,"win_rate":0,"timestamp":1549773399,"path_taken":["M","$","M","?","?","R","$","M","T","M","?","R","$","?","R","BOSS","M","?","M","$","?","R","?","?","T","M"],"build_version":"2019-01-23","purchased_purges":3,"victory":false,"max_hp_per_floor":[66,66,66,66,60,60,60,60,60,60,60,60,60,60,60,60,60,60,30,30,30,30,30,30,30,30,30],"card_choices":[{"not_picked":["Underhanded Strike","Distraction","Quick Slash"],"picked":"SKIP","floor":1.0},{"not_picked":["Choke","Blade Dance","Slice"],"picked":"SKIP","floor":3.0},{"not_picked":["Sucker Punch","Setup","Deflect"],"picked":"SKIP","floor":8.0},{"not_picked":["Dagger Throw","Quick Slash"],"picked":"Reflex","floor":10.0},{"not_picked":["Predator","Slice"],"picked":"Adrenaline","floor":14.0},{"not_picked":["Night Terror","Bullet Time"],"picked":"Adrenaline","floor":16.0},{"not_picked":["Backflip","Poisoned Stab+1"],"picked":"Acrobatics","floor":18.0},{"not_picked":["Infinite Blades","Heel Hook+1"],"picked":"Concentrate+1","floor":20.0}],"player_experience":2567545,"relics_obtained":[{"floor":9.0,"key":"Kunai"}],"event_choices":[{"damage_healed":0.0,"max_hp_gain":0.0,"max_hp_loss":0.0,"gold_gain":150.0,"event_name":"Liars Game","player_choice":"AGREE","floor":4.0,"gold_loss":0.0,"damage_taken":0.0,"cards_obtained":["Doubt"]},{"damage_healed":0.0,"max_hp_gain":0.0,"max_hp_loss":6.0,"gold_gain":0.0,"event_name":"Golden Idol","player_choice":"Lose Max HP","floor":5.0,"gold_loss":0.0,"damage_taken":0.0,"relics_obtained":["Golden Idol"]},{"cards_removed":["Strike_G"],"damage_healed":0.0,"max_hp_gain":0.0,"max_hp_loss":0.0,"gold_gain":0.0,"event_name":"Purifier","player_choice":"Purged","floor":11.0,"gold_loss":0.0,"damage_taken":0.0},{"damage_healed":0.0,"max_hp_gain":0.0,"max_hp_loss":30.0,"gold_gain":0.0,"event_name":"Ghosts","player_choice":"Became a Ghost","floor":19.0,"gold_loss":0.0,"damage_taken":0.0,"cards_obtained":["Ghostly","Ghostly","Ghostly"]},{"damage_healed":0.0,"max_hp_gain":0.0,"max_hp_loss":0.0,"gold_gain":0.0,"cards_transformed":["Strike_G","Strike_G"],"event_name":"Drug Dealer","player_choice":"Became Test Subject","floor":22.0,"gold_loss":0.0,"damage_taken":0.0,"cards_obtained":["Outmaneuver","Backstab"]},{"damage_healed":0.0,"max_hp_gain":0.0,"max_hp_loss":0.0,"gold_gain":50.0,"event_name":"Nest","player_choice":"Stole From Cult","floor":24.0,"gold_loss":0.0,"damage_taken":0.0},{"damage_healed":0.0,"max_hp_gain":0.0,"max_hp_loss":0.0,"gold_gain":0.0,"event_name":"Addict","player_choice":"Obtained Relic","floor":25.0,"gold_loss":85.0,"damage_taken":0.0,"relics_obtained":["Oddly Smooth Stone"]}],"is_beta":false,"boss_relics":[{"not_picked":["WristBlade","Tiny House"],"picked":"Sozu"}],"items_purged_floors":[2,7,21],"is_endless":false,"potions_floor_spawned":[3,8,16],"killed_by":"Cultist and Chosen","ascension_level":20}