{"gold_per_floor":[111,128,128,128,128,128,15,51,51,69,90,111,127,54,54,179,179,198,198,61,82,101,101,101,101,128,141,141,141,141,157,157,254,254,273,75,175,186,203,229,242,242,314,314,334,36,36,36,36,36],"floor_reached":50,"playtime":1480,"items_purged":["Strike_G","Strike_G","Flying Knee","Underhanded Strike"],"score":522,"play_id":"5045365a-503f-48b7-9a55-ba937ceb4fd7","local_time":"20181106225340","is_ascension_mode":false,"campfire_choices":[{"data":"Cloak And Dagger","floor":6.0,"key":"SMITH"},{"data":"Accuracy","floor":15.0,"key":"SMITH"},{"data":"Cloak And Dagger","floor":23,"key":"SMITH"},{"data":"Blade Dance","floor":25,"key":"SMITH"},{"data":"Cloak And Dagger","floor":30,"key":"SMITH"},{"data":"Cloak And Dagger","floor":32,"key":"SMITH"},{"data":"Accuracy","floor":42,"key":"SMITH"},{"floor":47,"key":"REST"},{"floor":49,"key":"RECALL"}],"neow_cost":"NONE","seed_source_timestamp":560469403954025,"circlet_count":0,"master_deck":["Survivor","Neutralize","Cloak And Dagger+1","Infinite Blades","PiercingWail","Cloak And Dagger+1","Die Die Die","Accuracy+1","Burst","Well Laid Plans","Finisher+1","Blade Dance+1","Cloak And Dagger+1","Cloak And Dagger+1","Envenom","Sucker Punch","Quick Slash","Acrobatics","All Out Attack","Sucker Punch","Prepared","Infinite Blades","Accuracy+1","Blade Dance","Blade Dance+1"],"special_seed":0,"relics":["Ring of the Snake","NeowsBlessing","Bloody Idol","Orichalcum","Bottled Lightning","WristBlade","Omamori","Pandora\u0027s Box","Pen Nib","Frozen Egg 2","Molten Egg 2","Ancient Tea Set"],"potions_floor_usage":[33,39,39],"damage_taken":[{"damage":0.0,"enemies":"Small Slimes","floor":1.0,"turns":1.0},{"damage":0.0,"enemies":"2 Louse","floor":2.0,"turns":1.0},{"damage":0.0,"enemies":"Gremlin Nob","floor":8.0,"turns":1.0},{"damage":0.0,"enemies":"Jaw Worm","floor":10.0,"turns":4.0},{"damage":5.0,"enemies":"Large Slime","floor":11.0,"turns":8.0},{"damage":1.0,"enemies":"Exordium Thugs","floor":12.0,"turns":4.0},{"damage":0.0,"enemies":"2 Fungi Beasts","floor":13.0,"turns":3.0},{"damage":29.0,"enemies":"Hexaghost","floor":16.0,"turns":11.0},{"damage":6.0,"enemies":"3 Byrds","floor":18.0,"turns":8.0},{"damage":5,"enemies":"Shell Parasite","floor":21,"turns":4},{"damage":18,"enemies":"Snecko","floor":22,"turns":5},{"damage":15,"enemies":"Snake Plant","floor":27,"turns":4},{"damage":8,"enemies":"Cultist and Chosen","floor":31,"turns":7},{"damage":25,"enemies":"Champ","floor":33,"turns":9},{"damage":11,"enemies":"Orb Walker","floor":35,"turns":3},{"damage":27,"enemies":"3 Darklings","floor":38,"turns":3},{"damage":12,"enemies":"Jaw Worm Horde","floor":39,"turns":3},{"damage":7,"enemies":"Giant Head","floor":40,"turns":5},{"damage":22,"enemies":"Maw","floor":41,"turns":5},{"damage":26,"enemies":"Writhing Mass","floor":45,"turns":4},{"damage":34,"enemies":"Awakened One","floor":50,"turns":3}],"seed_played":"-4284660047351758212","potions_obtained":[{"floor":10.0,"key":"Poison Potion"},{"floor":21,"key":"PowerPotion"},{"floor":33,"key":"Explosive Potion"},{"floor":35,"key":"Block Potion"},{"floor":41,"key":"Ancient Potion"}],"is_trial":false,"path_per_floor":["M","M","?","?","?","R","$","E","T","M","M","M","M","$","R","B",null,"M","?","$","M","M","R","T","R","T","M","?","?","R","M","R","B",null,"M","$","?","M","M","E","M","R","T","T","M","$","R","$","R","B"],"character_chosen":"THE_SILENT","items_purchased":["Infinite Blades","Accuracy","Well Laid Plans","Accuracy","Ancient Tea Set"],"campfire_rested":1,"item_purchase_floors":[7,14,20,36,46],"current_hp_per_floor":[70,70,75,60,42,42,42,42,42,42,37,36,36,36,36,7,75,69,69,69,64,46,46,46,46,46,31,31,31,31,28,28,8,75,69,69,74,52,45,43,26,26,31,31,10,10,32,32,32,0],"gold":36,"neow_bonus":"THREE_ENEMY_KILL","is_prod":false,"is_daily":false,"chose_seed":false,"campfire_upgraded":7,"win_rate":0,"timestamp":1541516020,"path_taken":["M","M","?","?","?","R","$","E","T","M","M","M","?","$","R","BOSS","M","?","$","M","M","R","?","R","T","M","?","?","R","M","R","BOSS","M","$","?","M","?","E","?","R","T","?","M","?","R","?","R","BOSS"],"build_version":"2018-11-05","purchased_purges":4,"victory":false,"max_hp_per_floor":[70,70,75,75,75,75,75,75,75,75,75,75,75,75,75,75,75,75,75,75,75,75,75,75,75,75,75,75,75,75,75,75,75,75,75,75,75,75,75,75,75,75,75,75,75,75,75,75,75,75],"card_choices":[{"not_picked":["Blade Dance","Dodge and Roll"],"picked":"Cloak And Dagger","floor":1.0},{"not_picked":["Distraction","Outmaneuver","Endless Agony"],"picked":"SKIP","floor":2.0},{"not_picked":["Crippling Poison","Eviscerate","Concentrate"],"picked":"SKIP","floor":8.0},{"not_picked":["Bane","Sucker Punch"],"picked":"PiercingWail","floor":10.0},{"not_picked":["Slice","Underhanded Strike","Deflect"],"picked":"SKIP","floor":11.0},{"not_picked":["Poisoned Stab","Quick Slash"],"picked":"Cloak And Dagger","floor":12.0},{"not_picked":["Dodge and Roll","Endless Agony"],"picked":"Die Die Die","floor":13.0},{"not_picked":["Corpse Explosion","Phantasmal Killer"],"picked":"Burst","floor":16.0},{"not_picked":["Prepared","Masterful Stab","Distraction"],"picked":"SKIP","floor":18.0},{"not_picked":["Flechettes","Endless Agony"],"picked":"Finisher+1","floor":21},{"not_picked":["Dagger Throw","Eviscerate+1"],"picked":"Blade Dance","floor":22},{"not_picked":["Predator","Expertise"],"picked":"Cloak And Dagger","floor":27},{"not_picked":["Tactician","Calculated Gamble"],"picked":"Cloak And Dagger","floor":31},{"not_picked":["Storm of Steel","Doppelganger"],"picked":"Envenom","floor":33},{"not_picked":["Skewer+1","Slice+1"],"picked":"Infinite Blades","floor":35},{"not_picked":["Outmaneuver+1","Dagger Throw+1"],"picked":"Blade Dance","floor":38},{"not_picked":["Setup","Catalyst+1","Underhanded Strike"],"picked":"SKIP","floor":39},{"not_picked":["Dodge and Roll+1","Finisher","Flying Knee"],"picked":"SKIP","floor":40},{"not_picked":["Flying Knee+1","Sucker Punch"],"picked":"Blade Dance+1","floor":41},{"not_picked":["Expertise+1","Venomology","Setup+1"],"picked":"SKIP","floor":45}],"player_experience":458755,"relics_obtained":[{"floor":8.0,"key":"Orichalcum"},{"floor":9.0,"key":"Bottled Lightning"},{"floor":26,"key":"Omamori"},{"floor":40,"key":"Pen Nib"},{"floor":43,"key":"Frozen Egg 2"},{"floor":44,"key":"Molten Egg 2"}],"event_choices":[{"damage_healed":0.0,"max_hp_gain":5.0,"max_hp_loss":0.0,"gold_gain":0.0,"event_name":"Big Fish","player_choice":"Donut","floor":3.0,"gold_loss":0.0,"damage_taken":0.0},{"damage_healed":0.0,"max_hp_gain":0.0,"max_hp_loss":0.0,"gold_gain":0.0,"event_name":"Shining Light","player_choice":"Entered Light","floor":4.0,"gold_loss":0.0,"damage_taken":15.0,"cards_upgraded":["Strike_G","Strike_G"]},{"damage_healed":0.0,"max_hp_gain":0.0,"max_hp_loss":0.0,"gold_gain":0.0,"event_name":"Golden Idol","player_choice":"Take Damage","floor":5.0,"gold_loss":0.0,"damage_taken":18.0,"relics_obtained":["Golden Idol"]},{"damage_healed":0,"gold_gain":0,"player_choice":"Ignored","damage_taken":0,"max_hp_gain":0,"max_hp_loss":0,"event_name":"Cursed Tome","floor":19,"gold_loss":0},{"damage_healed":0,"gold_gain":0,"player_choice":"Ignored","damage_taken":0,"max_hp_gain":0,"max_hp_loss":0,"event_name":"Vampires","floor":28,"gold_loss":0},{"damage_healed":0,"gold_gain":0,"player_choice":"Gave Idol","damage_taken":0,"relics_obtained":["Bloody Idol"],"max_hp_gain":0,"max_hp_loss":0,"event_name":"Forgotten Altar","floor":29,"relics_lost":["Golden Idol"],"gold_loss":0},{"damage_healed":0,"gold_gain":100,"player_choice":"Pray","damage_taken":0,"max_hp_gain":0,"max_hp_loss":0,"event_name":"Golden Shrine","floor":37,"gold_loss":0}],"is_beta":true,"boss_relics":[{"not_picked":["Lizard Tail","Philosopher\u0027s Stone"],"picked":"WristBlade"},{"not_picked":["Snecko Eye","Velvet Choker"],"picked":"Pandora\u0027s Box"}],"items_purged_floors":[7,20,36,46],"is_endless":false,"potions_floor_spawned":[10,21,33,35,38,41],"killed_by":"Awakened One","ascension_level":0}