{"gold_per_floor":[113,113,123,138,26,26,54,54,136,151,151,51,51,70,70,149,149,163,173,173,188,63,63,97,97,121,121,151,162,162,162,162,241,241,253,268,288,44,62,95,95,126,151,151,165,191,191,201,201,201,201,201,201,26,52,52],"floor_reached":57,"playtime":3601,"items_purged":["Strike_G","Defend_G","Strike_G","Strike_G","Strike_G"],"score":3250,"play_id":"db8b4f47-16fb-4775-b326-d968d4ea0a47","local_time":"20190524162208","is_ascension_mode":true,"campfire_choices":[{"data":"Well Laid Plans","floor":6.0,"key":"SMITH"},{"data":"Cloak And Dagger","floor":8.0,"key":"SMITH"},{"data":"Neutralize","floor":11.0,"key":"SMITH"},{"data":"Backflip","floor":13.0,"key":"SMITH"},{"data":"Blur","floor":15.0,"key":"SMITH"},{"data":"Terror","floor":23.0,"key":"SMITH"},{"floor":25.0,"key":"RECALL"},{"data":"Grand Finale","floor":27.0,"key":"SMITH"},{"data":"Prepared","floor":30.0,"key":"SMITH"},{"data":"Leg Sweep","floor":32.0,"key":"SMITH"},{"data":"Adrenaline","floor":41.0,"key":"SMITH"},{"data":"Purity","floor":44.0,"key":"SMITH"},{"data":"Acrobatics","floor":49.0,"key":"SMITH"},{"data":"Survivor","floor":53.0,"key":"SMITH"}],"neow_cost":"PERCENT_DAMAGE","seed_source_timestamp":13181811157905,"circlet_count":0,"master_deck":["AscendersBane","Defend_G","Defend_G+1","Defend_G+1","Defend_G","Survivor+1","Neutralize+1","Terror+1","Leg Sweep+1","Well Laid Plans+1","Cloak And Dagger+1","Backflip+1","Blur+1","Grand Finale+1","Tactician+1","Prepared+1","Adrenaline+1","Purity+1","Acrobatics+1"],"special_seed":0,"relics":["Ring of the Snake","Dead Branch","Odd Mushroom","Meat on the Bone","Runic Dome","Red Mask","War Paint","Gremlin Horn","Enchiridion","White Beast Statue","Pen Nib","Lantern","Strawberry","Ancient Tea Set","Centennial Puzzle"],"potions_floor_usage":[56,56],"damage_taken":[{"damage":0.0,"enemies":"Jaw Worm","floor":1.0,"turns":2.0},{"damage":5.0,"enemies":"Cultist","floor":3.0,"turns":6.0},{"damage":0.0,"enemies":"2 Louse","floor":4.0,"turns":3.0},{"damage":11.0,"enemies":"The Mushroom Lair","floor":7.0,"turns":8.0},{"damage":1.0,"enemies":"Large Slime","floor":10.0,"turns":4.0},{"damage":0.0,"enemies":"Lots of Slimes","floor":14.0,"turns":1.0},{"damage":11.0,"enemies":"Hexaghost","floor":16.0,"turns":10.0},{"damage":0.0,"enemies":"Shell Parasite","floor":18.0,"turns":3.0},{"damage":0.0,"enemies":"3 Byrds","floor":19.0,"turns":4.0},{"damage":0.0,"enemies":"Centurion and Healer","floor":21.0,"turns":5.0},{"damage":0.0,"enemies":"Masked Bandits","floor":24.0,"turns":2.0},{"damage":0.0,"enemies":"Slavers","floor":28.0,"turns":3.0},{"damage":10.0,"enemies":"Snake Plant","floor":29.0,"turns":3.0},{"damage":3.0,"enemies":"Automaton","floor":33.0,"turns":10.0},{"damage":0.0,"enemies":"3 Shapes","floor":35.0,"turns":3.0},{"damage":0.0,"enemies":"Orb Walker","floor":36.0,"turns":4.0},{"damage":0.0,"enemies":"4 Shapes","floor":37.0,"turns":4.0},{"damage":0.0,"enemies":"Spire Growth","floor":39.0,"turns":4.0},{"damage":0.0,"enemies":"Reptomancer","floor":40.0,"turns":2.0},{"damage":0.0,"enemies":"Giant Head","floor":42.0,"turns":6.0},{"damage":0.0,"enemies":"3 Darklings","floor":45.0,"turns":3.0},{"damage":0.0,"enemies":"Reptomancer","floor":46.0,"turns":3.0},{"damage":0.0,"enemies":"Transient","floor":48.0,"turns":6.0},{"damage":0.0,"enemies":"Donu and Deca","floor":50.0,"turns":10.0},{"damage":0.0,"enemies":"Time Eater","floor":51.0,"turns":5.0},{"damage":0.0,"enemies":"Shield and Spear","floor":55.0,"turns":2.0},{"damage":64,"enemies":"The Heart","floor":56,"turns":9}],"seed_played":"3950170401493550278","potions_obtained":[{"floor":3.0,"key":"PowerPotion"},{"floor":4.0,"key":"Block Potion"},{"floor":16.0,"key":"SpeedPotion"},{"floor":20.0,"key":"Swift Potion"},{"floor":35.0,"key":"FairyPotion"},{"floor":37.0,"key":"AttackPotion"},{"floor":39.0,"key":"PowerPotion"},{"floor":48.0,"key":"PowerPotion"}],"is_trial":false,"path_per_floor":["M","?","M","M","$","R","?","R","T","M","R","$","R","M","R","B",null,"M","M","?","M","$","R","?","R","T","R","E","M","R","?","R","B",null,"M","M","M","$","M","E","R","E","T","R","M","E","?","M","R","B","B",null,"R","$","E","B",null],"character_chosen":"THE_SILENT","items_purchased":["Well Laid Plans","Purity"],"campfire_rested":0,"item_purchase_floors":[5,38],"current_hp_per_floor":[44,44,39,39,39,39,28,28,28,39,39,39,39,39,39,40,60,60,60,60,60,60,60,60,60,60,60,60,50,50,29,29,38,59,59,59,59,59,59,59,59,59,59,59,59,66,66,66,66,66,66,71,71,71,71,19],"gold":52,"neow_bonus":"ONE_RARE_RELIC","is_prod":false,"is_daily":false,"chose_seed":false,"campfire_upgraded":13,"win_rate":0,"timestamp":1558686128,"path_taken":["M","?","?","M","$","R","?","R","T","M","R","$","R","M","R","BOSS","M","M","?","?","$","R","?","R","T","R","E","M","R","?","R","BOSS","M","M","M","$","M","E","R","E","T","R","M","E","?","M","R","BOSS","BOSS","R","$","E","BOSS"],"build_version":"2019-01-23","purchased_purges":5,"victory":true,"max_hp_per_floor":[66,66,66,66,66,66,66,66,66,66,66,66,66,66,66,66,66,66,66,66,66,66,66,66,66,66,66,66,66,66,66,66,66,66,66,66,66,66,66,66,66,66,66,66,66,73,73,73,73,73,73,73,73,73,73,73],"card_choices":[{"not_picked":["Acrobatics","Bane"],"picked":"Terror","floor":1.0},{"not_picked":["Choke","Sucker Punch"],"picked":"Leg Sweep","floor":3.0},{"not_picked":["Setup","Dodge and Roll","Terror"],"picked":"SKIP","floor":4.0},{"not_picked":["Backflip","Underhanded Strike"],"picked":"Cloak And Dagger","floor":7.0},{"not_picked":["All Out Attack","Deflect"],"picked":"Backflip","floor":10.0},{"not_picked":["Deflect","Riddle With Holes"],"picked":"Blur","floor":14.0},{"not_picked":["Venomology","Die Die Die"],"picked":"Grand Finale","floor":16.0},{"not_picked":["Dodge and Roll","Outmaneuver"],"picked":"Tactician+1","floor":18.0},{"not_picked":["Backflip","Sucker Punch+1","Skewer"],"picked":"SKIP","floor":19.0},{"not_picked":["Dagger Spray","Infinite Blades","Backflip"],"picked":"SKIP","floor":21.0},{"not_picked":["Flying Knee","Flechettes"],"picked":"Prepared","floor":28.0},{"not_picked":["Burst","Blur","Dagger Spray"],"picked":"SKIP","floor":29.0},{"not_picked":["Die Die Die","Wraith Form v2"],"picked":"Adrenaline","floor":33.0},{"not_picked":["Poisoned Stab+1","Finisher","Cloak And Dagger"],"picked":"SKIP","floor":35.0},{"not_picked":["Predator","Prepared","Setup"],"picked":"SKIP","floor":36.0},{"not_picked":["Dash","Flying Knee","Dodge and Roll"],"picked":"SKIP","floor":37.0},{"not_picked":["Blur","Heel Hook","Sucker Punch"],"picked":"SKIP","floor":39.0},{"not_picked":["Slice","Deflect","Backstab"],"picked":"SKIP","floor":40.0},{"not_picked":["Slice","Quick Slash+1","Dagger Throw+1"],"picked":"SKIP","floor":42.0},{"not_picked":["Blade Dance","Deflect","Quick Slash"],"picked":"SKIP","floor":45.0},{"not_picked":["Bane","Sucker Punch"],"picked":"Acrobatics","floor":46.0},{"not_picked":["Quick Slash","Riddle With Holes","Unload"],"picked":"SKIP","floor":48.0},{"not_picked":["Setup","Reflex","Riddle With Holes+1"],"picked":"SKIP","floor":55.0}],"player_experience":4820178,"relics_obtained":[{"floor":7.0,"key":"Odd Mushroom"},{"floor":9.0,"key":"Meat on the Bone"},{"floor":24.0,"key":"Red Mask"},{"floor":26.0,"key":"War Paint"},{"floor":28.0,"key":"Gremlin Horn"},{"floor":31.0,"key":"Enchiridion"},{"floor":40.0,"key":"Pen Nib"},{"floor":42.0,"key":"Lantern"},{"floor":46.0,"key":"Strawberry"},{"floor":55.0,"key":"Centennial Puzzle"}],"event_choices":[{"cards_removed":["Strike_G"],"damage_healed":0.0,"max_hp_gain":0.0,"max_hp_loss":0.0,"gold_gain":0.0,"event_name":"Bonfire Elementals","player_choice":"Offered Basic","floor":2.0,"gold_loss":0.0,"damage_taken":0.0},{"damage_healed":0.0,"max_hp_gain":0.0,"max_hp_loss":0.0,"gold_gain":0.0,"event_name":"Mushrooms","player_choice":"Fought Mushrooms","floor":7.0,"gold_loss":0.0,"damage_taken":0.0},{"damage_healed":0.0,"max_hp_gain":0.0,"max_hp_loss":0.0,"gold_gain":0.0,"event_name":"Lab","player_choice":"Got Potions","floor":20.0,"gold_loss":0.0,"damage_taken":0.0},{"damage_healed":0.0,"max_hp_gain":0.0,"max_hp_loss":0.0,"gold_gain":0.0,"event_name":"Masked Bandits","player_choice":"Fought Bandits","floor":24.0,"gold_loss":0.0,"damage_taken":0.0},{"damage_healed":0.0,"max_hp_gain":0.0,"max_hp_loss":0.0,"gold_gain":0.0,"event_name":"Cursed Tome","player_choice":"Obtained Book","floor":31.0,"gold_loss":0.0,"damage_taken":21.0},{"damage_healed":0.0,"max_hp_gain":0.0,"max_hp_loss":0.0,"gold_gain":0.0,"event_name":"WeMeetAgain","player_choice":"Gave Potion","floor":47.0,"gold_loss":0.0,"damage_taken":0.0,"relics_obtained":["Ancient Tea Set"]}],"is_beta":false,"boss_relics":[{"not_picked":["Cursed Key","Ring of the Serpent"],"picked":"Runic Dome"},{"not_picked":["Fusion Hammer","Velvet Choker"],"picked":"White Beast Statue"}],"items_purged_floors":[5,12,22,38,54],"is_endless":false,"potions_floor_spawned":[3,4,16,19,24,35,36,37,39,40,42,45,46,48,55],"ascension_level":20}