{"gold_per_floor":[117,117,117,267,278,278,313,313,313,348,372,80,80,98,98,194,194,214,214],"floor_reached":19,"playtime":562,"items_purged":["Doubt"],"score":400,"play_id":"f53dd059-88fd-4c10-8a75-69456e34abd3","local_time":"20181115200754","is_ascension_mode":true,"campfire_choices":[{"data":"Seeing Red","floor":6.0,"key":"SMITH"},{"data":"Discovery","floor":15.0,"key":"SMITH"}],"neow_cost":"NONE","seed_source_timestamp":1329003445980777,"circlet_count":0,"master_deck":["AscendersBane","Strike_R","Strike_R+1","Strike_R+1","Strike_R","Defend_R","Defend_R","Defend_R","Defend_R","Bash","Seeing Red+1","Evolve","Pommel Strike","True Grit","Second Wind","Discovery+1","Metallicize","Immolate"],"special_seed":0,"relics":["Burning Blood","NeowsBlessing","Singing Bowl","Golden Idol","Bottled Tornado","Vajra","Shovel","Philosopher\u0027s Stone"],"potions_floor_usage":[],"damage_taken":[{"damage":0.0,"enemies":"2 Louse","floor":1.0,"turns":1.0},{"damage":0.0,"enemies":"Small Slimes","floor":5.0,"turns":1.0},{"damage":0.0,"enemies":"Lagavulin","floor":7.0,"turns":1.0},{"damage":40.0,"enemies":"3 Sentries","floor":10.0,"turns":13.0},{"damage":21.0,"enemies":"Jaw Worm","floor":11.0,"turns":6.0},{"damage":15.0,"enemies":"Exordium Thugs","floor":14.0,"turns":5.0},{"damage":13,"enemies":"Slime Boss","floor":16,"turns":7},{"damage":36,"enemies":"Spheric Guardian","floor":18,"turns":7},{"damage":0,"enemies":"Colosseum Slavers","floor":19,"turns":1}],"seed_played":"-5797135035239237080","potions_obtained":[{"floor":5.0,"key":"Regen Potion"},{"floor":11.0,"key":"SpeedPotion"},{"floor":14.0,"key":"Ancient Potion"}],"is_trial":false,"path_per_floor":["M","?","?","?","M","R","E","?","T","E","M","$","T","M","R","B",null,"M","?"],"character_chosen":"IRONCLAD","items_purchased":["Second Wind","Discovery","Metallicize"],"campfire_rested":0,"item_purchase_floors":[12,12,12],"current_hp_per_floor":[74,67,44,44,50,50,56,56,56,37,22,22,22,15,15,8,55,27,27],"gold":214,"neow_bonus":"THREE_ENEMY_KILL","is_prod":false,"is_daily":false,"chose_seed":false,"campfire_upgraded":2,"win_rate":0,"timestamp":1542283674,"path_taken":["M","?","?","?","?","R","E","?","T","E","M","$","?","M","R","BOSS","M","?"],"build_version":"2018-11-14","purchased_purges":1,"victory":false,"max_hp_per_floor":[75,75,75,75,75,75,75,68,68,68,68,68,68,70,70,70,70,72,72],"card_choices":[{"not_picked":["Heavy Blade","Flex","Twin Strike"],"picked":"SKIP","floor":1.0},{"not_picked":["Heavy Blade","Clothesline"],"picked":"Seeing Red","floor":5.0},{"not_picked":["Clash","Ghostly Armor"],"picked":"Evolve","floor":7.0},{"not_picked":["Blood for Blood","Hemokinesis"],"picked":"Pommel Strike","floor":10.0},{"not_picked":["Rampage","Body Slam"],"picked":"True Grit","floor":11.0},{"not_picked":["Blood for Blood","Hemokinesis","Iron Wave"],"picked":"Singing Bowl","floor":14.0},{"not_picked":["Double Tap","Fiend Fire"],"picked":"Immolate","floor":16},{"not_picked":["Anger","Cleave","Clash"],"picked":"Singing Bowl","floor":18}],"player_experience":489835,"relics_obtained":[{"floor":7.0,"key":"Singing Bowl"},{"floor":9.0,"key":"Bottled Tornado"},{"floor":10.0,"key":"Vajra"},{"floor":13.0,"key":"Shovel"}],"event_choices":[{"cards_removed":["Strike_R"],"damage_healed":0.0,"max_hp_gain":0.0,"max_hp_loss":0.0,"gold_gain":0.0,"event_name":"Golden Wing","player_choice":"Card Removal","floor":2.0,"gold_loss":0.0,"damage_taken":7.0},{"damage_healed":0.0,"max_hp_gain":0.0,"max_hp_loss":0.0,"gold_gain":0.0,"event_name":"Shining Light","player_choice":"Entered Light","floor":3.0,"gold_loss":0.0,"damage_taken":23.0,"cards_upgraded":["Strike_R","Strike_R"]},{"damage_healed":0.0,"max_hp_gain":0.0,"max_hp_loss":0.0,"gold_gain":150.0,"event_name":"Liars Game","player_choice":"AGREE","floor":4.0,"gold_loss":0.0,"damage_taken":0.0,"cards_obtained":["Doubt"]},{"damage_healed":0.0,"max_hp_gain":0.0,"max_hp_loss":7.0,"gold_gain":0.0,"event_name":"Golden Idol","player_choice":"Lose Max HP","floor":8.0,"gold_loss":0.0,"damage_taken":0.0,"relics_obtained":["Golden Idol"]},{"damage_healed":0,"gold_gain":0,"player_choice":"Fight","damage_taken":0,"max_hp_gain":0,"max_hp_loss":0,"event_name":"Colosseum","floor":19,"gold_loss":0}],"is_beta":true,"boss_relics":[{"not_picked":["Busted Crown","Tiny House"],"picked":"Philosopher\u0027s Stone"}],"items_purged_floors":[12],"is_endless":false,"potions_floor_spawned":[5,11,14,16],"killed_by":"Colosseum Slavers","ascension_level":20}