{"gold_per_floor":[359,203,203,203,203,203,234,234,234,234,247,280,280,355,355,427,427,447,68,68,87,100,100,100],"floor_reached":24,"playtime":561,"items_purged":["Strike_B","Strike_B"],"score":400,"play_id":"43525d9f-51ab-4f2a-97ec-2e094f32c6e2","local_time":"20190110140815","is_ascension_mode":true,"campfire_choices":[{"data":"Sunder","floor":6,"key":"SMITH"},{"data":"Defragment","floor":8,"key":"SMITH"},{"data":"Zap","floor":10,"key":"SMITH"},{"data":"Dualcast","floor":13,"key":"SMITH"},{"floor":15,"key":"REST"},{"data":"Self Repair","floor":23,"key":"SMITH"}],"neow_cost":"TEN_PERCENT_HP_LOSS","seed_source_timestamp":7917090491421,"circlet_count":0,"master_deck":["AscendersBane","Strike_B","Defend_B","Defend_B","Defend_B","Defend_B","Zap+1","Dualcast+1","Sunder+1","Defragment+1","Genetic Algorithm","Rainbow","Genetic Algorithm","BootSequence","Self Repair+1"],"relics":["Cracked Core","Bag of Marbles","Ancient Tea Set","Sundial","StoneCalendar","Coffee Dripper","Pantograph"],"potions_floor_usage":[12,18,22],"damage_taken":[{"damage":1,"enemies":"Cultist","floor":1,"turns":3},{"damage":25,"enemies":"3 Sentries","floor":7,"turns":7},{"damage":2,"enemies":"2 Louse","floor":11,"turns":2},{"damage":12,"enemies":"Lagavulin","floor":12,"turns":4},{"damage":20,"enemies":"The Guardian","floor":16,"turns":7},{"damage":15,"enemies":"3 Byrds","floor":18,"turns":5},{"damage":23,"enemies":"Chosen","floor":21,"turns":7},{"damage":11,"enemies":"Sentry and Sphere","floor":22,"turns":7},{"damage":0,"enemies":"Gremlin Leader","floor":24,"turns":1}],"seed_played":"4199615172967567579","potions_obtained":[{"floor":7,"key":"SpeedPotion"},{"floor":16,"key":"Poison Potion"},{"floor":18,"key":"Block Potion"}],"is_trial":false,"path_per_floor":["M","$","?","?","?","R","E","R","T","R","M","E","R","?","R","B",null,"M","$","?","M","M","R","E"],"character_chosen":"DEFECT","items_purchased":["Defragment","Pantograph"],"campfire_rested":1,"item_purchase_floors":[2,19],"current_hp_per_floor":[63,63,58,63,56,56,31,31,31,31,29,17,17,6,26,6,53,38,38,38,15,4,4,4],"gold":100,"neow_bonus":"TWO_FIFTY_GOLD","is_prod":false,"is_daily":false,"chose_seed":false,"campfire_upgraded":5,"win_rate":0,"timestamp":1547100495,"path_taken":["M","$","?","?","?","R","E","R","T","R","M","E","R","?","R","BOSS","M","$","?","M","?","R","E"],"build_version":"2019-01-03v4","purchased_purges":2,"victory":false,"max_hp_per_floor":[64,64,64,69,69,69,69,69,69,69,69,69,69,69,69,69,69,69,69,69,69,69,69,69],"card_choices":[{"not_picked":["Beam Cell","Reprogram"],"picked":"Sunder","floor":1},{"not_picked":["Compile Driver","Cold Snap"],"picked":"Genetic Algorithm","floor":7},{"not_picked":["Streamline","Steam","Aggregate"],"picked":"SKIP","floor":11},{"not_picked":["Stack","Turbo","Scrape"],"picked":"SKIP","floor":12},{"not_picked":["Thunder Strike","All For One"],"picked":"Rainbow","floor":16},{"not_picked":["Steam","Rebound","Ball Lightning"],"picked":"SKIP","floor":18},{"not_picked":["Capacitor","Cold Snap"],"picked":"BootSequence","floor":21},{"not_picked":["Streamline","Turbo"],"picked":"Self Repair","floor":22}],"player_experience":1905908,"relics_obtained":[{"floor":7,"key":"Ancient Tea Set"},{"floor":9,"key":"Sundial"},{"floor":12,"key":"StoneCalendar"}],"event_choices":[{"damage_healed":0,"gold_gain":0,"player_choice":"Success","damage_taken":5,"relics_obtained":["Bag of Marbles"],"max_hp_gain":0,"max_hp_loss":0,"event_name":"Scrap Ooze","floor":3,"gold_loss":0},{"damage_healed":0,"gold_gain":0,"player_choice":"Donut","damage_taken":0,"max_hp_gain":5,"max_hp_loss":0,"event_name":"Big Fish","floor":4,"gold_loss":0},{"cards_removed":["Strike_B"],"damage_healed":0,"gold_gain":0,"player_choice":"Card Removal","damage_taken":7,"max_hp_gain":0,"max_hp_loss":0,"event_name":"Golden Wing","floor":5,"gold_loss":0},{"damage_healed":0,"gold_gain":75,"player_choice":"Gather Gold","damage_taken":11,"max_hp_gain":0,"max_hp_loss":0,"event_name":"World of Goop","floor":14,"gold_loss":0},{"damage_healed":0,"gold_gain":0,"player_choice":"Copied","damage_taken":0,"max_hp_gain":0,"max_hp_loss":0,"event_name":"Duplicator","floor":20,"gold_loss":0,"cards_obtained":["Genetic Algorithm"]}],"is_beta":false,"boss_relics":[{"not_picked":["Runic Dome","Philosopher\u0027s Stone"],"picked":"Coffee Dripper"}],"items_purged_floors":[2,19],"is_endless":false,"potions_floor_spawned":[7,16,18],"killed_by":"Gremlin Leader","ascension_level":20}