{"gold_per_floor":[114,34,34,45,45,45,9,41,41,41,41,73,73,106,106,181,181,195,195,77,77,35,35,35,35],"floor_reached":25,"playtime":591,"items_purged":["Strike_B"],"score":497,"play_id":"fefee7d2-d9a1-4c01-be57-cb9577cb5e9c","local_time":"20190807172610","is_ascension_mode":true,"campfire_choices":[{"data":"Zap","floor":6.0,"key":"SMITH"},{"data":"Defragment","floor":11.0,"key":"SMITH"},{"floor":13.0,"key":"REST"},{"data":"Rip and Tear","floor":15.0,"key":"SMITH"},{"data":"Rainbow","floor":23.0,"key":"SMITH"}],"neow_cost":"NONE","seed_source_timestamp":951879049316900,"circlet_count":0,"master_deck":["AscendersBane","Strike_B","Strike_B+1","Defend_B","Defend_B","Defend_B","Defend_B","Zap+1","Dualcast","Cold Snap","Recycle+1","Turbo","Defragment+1","Coolheaded","Glacier","Rip and Tear+1","Rainbow+1","Hologram+1","Defragment","Compile Driver","Blizzard"],"special_seed":0,"relics":["Cracked Core","NeowsBlessing","Strawberry","Mango","Blood Vial","Regal Pillow","Cursed Key"],"potions_floor_usage":[25],"damage_taken":[{"damage":0.0,"enemies":"Cultist","floor":1.0,"turns":1.0},{"damage":0.0,"enemies":"Small Slimes","floor":4.0,"turns":1.0},{"damage":0.0,"enemies":"Lagavulin","floor":8.0,"turns":1.0},{"damage":46.0,"enemies":"Gremlin Nob","floor":12.0,"turns":5.0},{"damage":13.0,"enemies":"3 Sentries","floor":14.0,"turns":12.0},{"damage":25.0,"enemies":"Slime Boss","floor":16.0,"turns":17.0},{"damage":17.0,"enemies":"3 Byrds","floor":18.0,"turns":6.0},{"damage":22,"enemies":"Slavers","floor":25,"turns":4}],"seed_played":"3940143198970391864","potions_obtained":[{"floor":3.0,"key":"Dexterity Potion"},{"floor":3.0,"key":"EssenceOfSteel"},{"floor":16.0,"key":"GamblersBrew"}],"is_trial":false,"path_per_floor":["M","$","?","M","?","R","$","E","T","?","R","E","R","E","R","B",null,"M","?","$","?","$","R","?","E"],"character_chosen":"DEFECT","items_purchased":["Recycle","Defragment","Defragment","Blizzard"],"campfire_rested":1,"item_purchase_floors":[2,7,20,22],"current_hp_per_floor":[64,64,64,64,64,64,64,71,85,57,57,11,38,27,27,4,70,55,55,55,55,55,55,28,8],"gold":35,"neow_bonus":"THREE_ENEMY_KILL","is_prod":false,"is_daily":false,"chose_seed":false,"campfire_upgraded":4,"win_rate":0,"timestamp":1565169970,"path_taken":["M","?","?","?","?","R","$","E","T","?","R","E","R","E","R","BOSS","M","?","$","?","$","R","?","E"],"build_version":"2019-07-17","purchased_purges":1,"victory":false,"max_hp_per_floor":[71,71,71,71,71,71,71,78,92,92,92,92,92,92,92,92,92,92,92,92,92,92,92,97,97],"card_choices":[{"not_picked":["Reprogram","Stack"],"picked":"Cold Snap","floor":1.0},{"not_picked":["Genetic Algorithm","Rebound"],"picked":"Turbo","floor":4.0},{"not_picked":["Thunder Strike","Leap"],"picked":"Coolheaded","floor":8.0},{"not_picked":["Beam Cell","Stack"],"picked":"Glacier","floor":12.0},{"not_picked":["Go for the Eyes","Static Discharge","Rip and Tear"],"picked":"SKIP","floor":14.0},{"not_picked":["Go for the Eyes","Static Discharge"],"picked":"Rip and Tear","floor":14.0},{"not_picked":["Amplify","All For One"],"picked":"Rainbow","floor":16.0},{"not_picked":["Gash","Redo"],"picked":"Hologram+1","floor":18.0}],"player_experience":751378,"relics_obtained":[{"floor":8.0,"key":"Strawberry"},{"floor":9.0,"key":"Mango"},{"floor":12.0,"key":"Blood Vial"},{"floor":14.0,"key":"Regal Pillow"}],"event_choices":[{"damage_healed":0.0,"max_hp_gain":0.0,"max_hp_loss":0.0,"gold_gain":0.0,"event_name":"Lab","player_choice":"Got Potions","floor":3.0,"gold_loss":0.0,"damage_taken":0.0},{"cards_removed":["Strike_B"],"damage_healed":0.0,"max_hp_gain":0.0,"max_hp_loss":0.0,"gold_gain":0.0,"event_name":"Living Wall","player_choice":"Forget","floor":5.0,"gold_loss":0.0,"damage_taken":0.0},{"damage_healed":0.0,"max_hp_gain":0.0,"max_hp_loss":0.0,"gold_gain":0.0,"event_name":"Shining Light","player_choice":"Entered Light","floor":10.0,"gold_loss":0.0,"damage_taken":28.0,"cards_upgraded":["Recycle","Strike_B"]},{"damage_healed":0.0,"max_hp_gain":0.0,"max_hp_loss":0.0,"gold_gain":0.0,"event_name":"The Mausoleum","player_choice":"Ignored","floor":19.0,"gold_loss":0.0,"damage_taken":0.0},{"damage_healed":0.0,"max_hp_gain":0.0,"max_hp_loss":0.0,"gold_gain":0.0,"event_name":"The Library","player_choice":"Read","floor":21.0,"gold_loss":0.0,"damage_taken":0.0,"cards_obtained":["Compile Driver"]},{"damage_healed":0.0,"max_hp_gain":5.0,"max_hp_loss":0.0,"gold_gain":0.0,"event_name":"Forgotten Altar","player_choice":"Shed Blood","floor":24.0,"gold_loss":0.0,"damage_taken":32.0}],"is_beta":false,"boss_relics":[{"not_picked":["Black Star","Eternal Feather"],"picked":"Cursed Key"}],"items_purged_floors":[20],"is_endless":false,"potions_floor_spawned":[8,16],"killed_by":"Slavers","ascension_level":20}