{"gold_per_floor":[112,112,125,186,111,111,123,22,22,83,83,112,112,124,124,124],"floor_reached":16,"playtime":429,"items_purged":["Strike_G","Strike_G"],"score":204,"play_id":"8116b302-8a4c-46cd-b699-ffb806dd8043","local_time":"20190126204130","is_ascension_mode":true,"campfire_choices":[{"data":"Acrobatics","floor":6.0,"key":"SMITH"},{"data":"Deadly Poison","floor":11.0,"key":"SMITH"},{"data":"Catalyst","floor":13.0,"key":"SMITH"},{"data":"Tactician","floor":15.0,"key":"SMITH"}],"neow_cost":"NONE","seed_source_timestamp":43339401498104,"circlet_count":0,"master_deck":["AscendersBane","Defend_G","Defend_G","Defend_G","Defend_G","Defend_G","Strike_G","Strike_G","Strike_G","Survivor","Neutralize","Tactician+1","Acrobatics+1","Catalyst+1","Deadly Poison+1"],"special_seed":0,"relics":["Ring of the Snake","NeowsBlessing","SsserpentHead","Paper Crane","The Specimen"],"potions_floor_usage":[16,16],"damage_taken":[{"damage":0.0,"enemies":"Jaw Worm","floor":1.0,"turns":1.0},{"damage":0.0,"enemies":"Cultist","floor":3.0,"turns":1.0},{"damage":0.0,"enemies":"Small Slimes","floor":4.0,"turns":1.0},{"damage":3.0,"enemies":"Blue Slaver","floor":7.0,"turns":6.0},{"damage":1.0,"enemies":"Exordium Wildlife","floor":10.0,"turns":5.0},{"damage":25.0,"enemies":"3 Sentries","floor":12.0,"turns":10.0},{"damage":13.0,"enemies":"Exordium Thugs","floor":14.0,"turns":5.0},{"damage":14,"enemies":"Slime Boss","floor":16,"turns":4}],"seed_played":"4567770989658409146","potions_obtained":[{"floor":1.0,"key":"SteroidPotion"},{"floor":10.0,"key":"Swift Potion"},{"floor":12.0,"key":"Poison Potion"},{"floor":14.0,"key":"SkillPotion"}],"is_trial":false,"path_per_floor":["M","?","M","M","$","R","M","$","T","M","R","E","R","M","R","B"],"character_chosen":"THE_SILENT","items_purchased":["Deadly Poison"],"campfire_rested":0,"item_purchase_floors":[8],"current_hp_per_floor":[59,59,59,59,59,59,56,56,56,55,55,30,30,17,17,3],"gold":124,"neow_bonus":"THREE_ENEMY_KILL","is_prod":false,"is_daily":false,"chose_seed":false,"campfire_upgraded":4,"win_rate":0,"timestamp":1548506490,"path_taken":["M","?","M","?","$","R","M","?","T","?","R","E","R","M","R","BOSS"],"build_version":"2019-01-23","purchased_purges":2,"victory":false,"max_hp_per_floor":[66,66,66,66,66,66,66,66,66,66,66,66,66,66,66,66],"card_choices":[{"not_picked":["Dodge and Roll","Dash"],"picked":"Tactician","floor":1.0},{"not_picked":["Flying Knee","Sucker Punch"],"picked":"Acrobatics","floor":3.0},{"not_picked":["Eviscerate","Dagger Throw","Sucker Punch"],"picked":"SKIP","floor":4.0},{"not_picked":["Accuracy","Crippling Poison"],"picked":"Catalyst","floor":7.0},{"not_picked":["Dash","Cloak And Dagger","Slice"],"picked":"SKIP","floor":10.0},{"not_picked":["Eviscerate","Accuracy","Endless Agony"],"picked":"SKIP","floor":12.0},{"not_picked":["Die Die Die","Cloak And Dagger","Crippling Poison"],"picked":"SKIP","floor":14.0}],"player_experience":2293358,"relics_obtained":[{"floor":9.0,"key":"Paper Crane"},{"floor":12.0,"key":"The Specimen"}],"event_choices":[{"damage_healed":0.0,"max_hp_gain":0.0,"max_hp_loss":0.0,"gold_gain":0.0,"event_name":"FaceTrader","player_choice":"Trade","floor":2.0,"gold_loss":0.0,"damage_taken":0.0,"relics_obtained":["SsserpentHead"]}],"is_beta":false,"boss_relics":[],"items_purged_floors":[5,8],"is_endless":false,"potions_floor_spawned":[1,10,12,14],"killed_by":"Slime Boss","ascension_level":20}