{"gold_per_floor":[114,130,148,73,73,73,106,120,120,131,131,142,142,62,62,135,135,151,51,51,51,65,65,65,90,90,90,90,90,120,170,170,244,244,254,270,286,161,161,172,22,57,57,57,89,0,0,29,29,29,29,29,29,29,58,58],"floor_reached":57,"playtime":2726,"items_purged":["Strike_G","All Out Attack+1","Survivor","Neutralize"],"score":3023,"play_id":"0a5626fb-2e84-42a4-86e1-7c52c983bff3","local_time":"20190708235105","is_ascension_mode":true,"campfire_choices":[{"data":"Poisoned Stab","floor":6.0,"key":"SMITH"},{"data":"All Out Attack","floor":11.0,"key":"SMITH"},{"data":"Footwork","floor":13.0,"key":"SMITH"},{"data":"Noxious Fumes","floor":15.0,"key":"SMITH"},{"data":"Calculated Gamble","floor":23.0,"key":"SMITH"},{"data":"Reflex","floor":27.0,"key":"SMITH"},{"floor":29.0,"key":"REST"},{"data":"Well Laid Plans","floor":32.0,"key":"SMITH"},{"data":"Acrobatics","floor":44.0,"key":"SMITH"},{"data":"Eviscerate","floor":47.0,"key":"SMITH"},{"floor":49.0,"key":"RECALL"},{"data":"Adrenaline","floor":53.0,"key":"SMITH"}],"neow_cost":"NONE","seed_source_timestamp":878216799927600,"circlet_count":0,"master_deck":["AscendersBane","Well Laid Plans+1","Footwork+1","Corpse Explosion","Dodge and Roll","Reflex+1","Footwork","Calculated Gamble+1","Doppelganger","Eviscerate+1","Deflect","Infinite Blades","Adrenaline+1","Malaise+1","Well Laid Plans+1","Wraith Form v2+1","Acrobatics+1","Reflex+1"],"special_seed":0,"relics":["Ring of the Snake","Letter Opener","Bird Faced Urn","Pandora\u0027s Box","Prayer Wheel","Vajra","Du-Vu Doll","Astrolabe","Dodecahedron","Pantograph","Red Mask","Nunchaku"],"potions_floor_usage":[56],"damage_taken":[{"damage":4.0,"enemies":"Cultist","floor":1.0,"turns":4.0},{"damage":0.0,"enemies":"Small Slimes","floor":2.0,"turns":3.0},{"damage":0.0,"enemies":"Jaw Worm","floor":3.0,"turns":3.0},{"damage":43.0,"enemies":"Lagavulin","floor":7.0,"turns":11.0},{"damage":0.0,"enemies":"Looter","floor":8.0,"turns":3.0},{"damage":4.0,"enemies":"Exordium Wildlife","floor":10.0,"turns":5.0},{"damage":0.0,"enemies":"3 Louse","floor":12.0,"turns":2.0},{"damage":10.0,"enemies":"Slime Boss","floor":16.0,"turns":9.0},{"damage":13.0,"enemies":"Shell Parasite","floor":18.0,"turns":5.0},{"damage":8.0,"enemies":"3 Byrds","floor":22.0,"turns":2.0},{"damage":41.0,"enemies":"Book of Stabbing","floor":25.0,"turns":8.0},{"damage":2.0,"enemies":"Slavers","floor":30.0,"turns":3.0},{"damage":25.0,"enemies":"Collector","floor":33.0,"turns":7.0},{"damage":4.0,"enemies":"3 Darklings","floor":35.0,"turns":3.0},{"damage":2.0,"enemies":"3 Shapes","floor":36.0,"turns":5.0},{"damage":3.0,"enemies":"Transient","floor":37.0,"turns":6.0},{"damage":2.0,"enemies":"3 Darklings","floor":40.0,"turns":3.0},{"damage":6.0,"enemies":"Giant Head","floor":42.0,"turns":4.0},{"damage":0.0,"enemies":"Nemesis","floor":45.0,"turns":3.0},{"damage":0.0,"enemies":"Giant Head","floor":48.0,"turns":3.0},{"damage":2.0,"enemies":"Donu and Deca","floor":50.0,"turns":3.0},{"damage":0.0,"enemies":"Awakened One","floor":51.0,"turns":4.0},{"damage":0.0,"enemies":"Shield and Spear","floor":55.0,"turns":2.0},{"damage":32,"enemies":"The Heart","floor":56,"turns":8}],"seed_played":"-7805884552296297924","potions_obtained":[{"floor":3.0,"key":"Block Potion"},{"floor":7.0,"key":"GhostInAJar"},{"floor":12.0,"key":"PowerPotion"},{"floor":22.0,"key":"Weak Potion"},{"floor":25.0,"key":"Block Potion"},{"floor":33.0,"key":"Swift Potion"},{"floor":35.0,"key":"Block Potion"},{"floor":40.0,"key":"AttackPotion"}],"is_trial":false,"path_per_floor":["M","M","M","$","?","R","E","M","T","M","R","M","R","$","R","B",null,"M","$","?","?","M","R","$","E","T","R","?","R","E","?","R","B",null,"M","M","M","$","?","M","$","E","T","R","E","?","R","E","R","B","B",null,"R","$","E","B",null],"character_chosen":"THE_SILENT","items_purchased":["Noxious Fumes"],"campfire_rested":1,"item_purchase_floors":[14],"current_hp_per_floor":[55,55,55,55,55,55,12,12,12,10,10,12,12,12,12,8,52,49,49,49,49,47,47,47,16,16,16,16,35,43,43,43,28,57,62,66,65,65,65,66,66,66,66,66,66,66,66,66,66,66,66,66,66,66,66,46],"gold":58,"neow_bonus":"THREE_CARDS","is_prod":false,"is_daily":false,"chose_seed":false,"campfire_upgraded":10,"win_rate":0,"timestamp":1562601065,"path_taken":["M","?","M","?","?","R","E","M","T","?","R","M","R","$","R","BOSS","M","?","?","?","?","R","$","E","T","R","?","R","E","?","R","BOSS","M","M","?","$","?","M","?","E","T","R","E","?","R","E","R","BOSS","BOSS","R","$","E","BOSS"],"build_version":"2019-07-05","purchased_purges":4,"victory":true,"max_hp_per_floor":[66,66,66,66,66,66,66,66,66,66,66,66,66,66,66,66,66,66,66,66,66,66,66,66,66,66,66,66,66,66,66,66,66,66,66,66,66,66,66,66,66,66,66,66,66,66,66,66,66,66,66,66,66,66,66,66],"card_choices":[{"not_picked":["Expertise","Underhanded Strike"],"picked":"Backstab","floor":0.0},{"not_picked":["Deflect","Slice"],"picked":"Escape Plan","floor":1.0},{"not_picked":["Underhanded Strike","Dodge and Roll"],"picked":"Poisoned Stab","floor":2.0},{"not_picked":["Prepared","Flechettes","Endless Agony"],"picked":"SKIP","floor":3.0},{"not_picked":["Prepared","Underhanded Strike"],"picked":"Well Laid Plans","floor":7.0},{"not_picked":["Poisoned Stab","Flying Knee","Quick Slash"],"picked":"SKIP","floor":8.0},{"not_picked":["Backflip","Blur"],"picked":"All Out Attack","floor":10.0},{"not_picked":["Venomology","Riddle With Holes"],"picked":"Footwork","floor":12.0},{"not_picked":["Die Die Die","Phantasmal Killer"],"picked":"Corpse Explosion","floor":16.0},{"not_picked":["Reflex","Outmaneuver"],"picked":"Deflect","floor":18.0},{"not_picked":["PiercingWail","Outmaneuver","Deflect"],"picked":"SKIP","floor":22.0},{"not_picked":["PiercingWail","Outmaneuver","Deflect"],"picked":"SKIP","floor":22.0},{"not_picked":["Concentrate","Dash+1","Catalyst"],"picked":"SKIP","floor":25.0},{"not_picked":["All Out Attack","Reflex","Underhanded Strike"],"picked":"SKIP","floor":30.0},{"not_picked":["Corpse Explosion","Bullet Time"],"picked":"Adrenaline","floor":33.0},{"not_picked":["All Out Attack","Bane","Slice+1"],"picked":"SKIP","floor":35.0},{"not_picked":["PiercingWail","Deadly Poison","Setup+1"],"picked":"SKIP","floor":35.0},{"not_picked":["Underhanded Strike","Finisher","Expertise+1"],"picked":"SKIP","floor":36.0},{"not_picked":["PiercingWail","Prepared+1","Night Terror"],"picked":"SKIP","floor":36.0},{"not_picked":["Sucker Punch+1","Noxious Fumes"],"picked":"Acrobatics","floor":37.0},{"not_picked":["Cloak And Dagger","Slice","Masterful Stab"],"picked":"SKIP","floor":37.0},{"not_picked":["Bane","Eviscerate"],"picked":"Reflex+1","floor":40.0},{"not_picked":["Riddle With Holes+1","Bane","Dodge and Roll"],"picked":"SKIP","floor":40.0},{"not_picked":["Footwork","Terror+1","Calculated Gamble"],"picked":"SKIP","floor":42.0},{"not_picked":["Poisoned Stab+1","Backflip","Deadly Poison"],"picked":"SKIP","floor":45.0},{"not_picked":["Outmaneuver","PiercingWail","Flechettes+1"],"picked":"SKIP","floor":48.0},{"not_picked":["Bane","Terror+1","Accuracy"],"picked":"SKIP","floor":55}],"player_experience":645593,"relics_obtained":[{"floor":7.0,"key":"Letter Opener"},{"floor":9.0,"key":"Bird Faced Urn"},{"floor":25.0,"key":"Prayer Wheel"},{"floor":26.0,"key":"Vajra"},{"floor":30.0,"key":"Du-Vu Doll"},{"floor":42.0,"key":"Dodecahedron"},{"floor":45.0,"key":"Pantograph"},{"floor":48.0,"key":"Nunchaku"}],"event_choices":[{"cards_removed":["Strike_G"],"damage_healed":0.0,"max_hp_gain":0.0,"max_hp_loss":0.0,"gold_gain":0.0,"event_name":"Purifier","player_choice":"Purged","floor":5.0,"gold_loss":0.0,"damage_taken":0.0},{"cards_removed":["Poisoned Stab"],"damage_healed":0.0,"max_hp_gain":0.0,"max_hp_loss":0.0,"gold_gain":0.0,"event_name":"Back to Basics","player_choice":"Elegance","floor":20.0,"gold_loss":0.0,"damage_taken":0.0},{"damage_healed":0.0,"max_hp_gain":0.0,"max_hp_loss":0.0,"gold_gain":0.0,"event_name":"Vampires","player_choice":"Ignored","floor":21.0,"gold_loss":0.0,"damage_taken":0.0},{"damage_healed":0.0,"max_hp_gain":0.0,"max_hp_loss":0.0,"gold_gain":0.0,"cards_transformed":["A Thousand Cuts","Bullet Time"],"event_name":"Drug Dealer","player_choice":"Became Test Subject","floor":28.0,"gold_loss":0.0,"damage_taken":0.0,"cards_obtained":["Underhanded Strike","Infinite Blades"]},{"damage_healed":0.0,"max_hp_gain":0.0,"max_hp_loss":0.0,"gold_gain":50.0,"event_name":"Golden Shrine","player_choice":"Pray","floor":31.0,"gold_loss":0.0,"damage_taken":0.0},{"cards_removed":["Backstab"],"damage_healed":0.0,"max_hp_gain":0.0,"max_hp_loss":0.0,"gold_gain":0.0,"event_name":"Falling","player_choice":"Removed Attack","floor":39.0,"gold_loss":0.0,"damage_taken":0.0},{"damage_healed":0.0,"max_hp_gain":0.0,"max_hp_loss":0.0,"gold_gain":0.0,"event_name":"Tomb of Lord Red Mask","player_choice":"Paid","floor":46.0,"gold_loss":89.0,"damage_taken":0.0,"relics_obtained":["Red Mask"]}],"is_beta":false,"boss_relics":[{"not_picked":["Runic Pyramid","Tiny House"],"picked":"Pandora\u0027s Box"},{"not_picked":["WristBlade","White Beast Statue"],"picked":"Astrolabe"}],"items_purged_floors":[4,19,38,41],"is_endless":false,"potions_floor_spawned":[3,7,12,16,22,25,33,35,40,48],"ascension_level":20}