{"gold_per_floor":[112,112,37,37,37,71,221,252,278,296,308,328,228,248,248,325,325],"floor_reached":17,"playtime":307,"items_purged":["Strike_G","Doubt"],"score":480,"play_id":"0c238442-ed1d-46f9-ad3e-c0043649d969","local_time":"20190313223516","is_ascension_mode":true,"campfire_choices":[{"data":"Catalyst","floor":15,"key":"SMITH"}],"neow_cost":"NONE","seed_source_timestamp":24796286099457,"circlet_count":0,"master_deck":["AscendersBane","Defend_G","Defend_G","Defend_G","Defend_G","Defend_G+1","Strike_G+1","Strike_G","Strike_G","Survivor","Neutralize","All Out Attack","Night Terror","Backflip","Backstab","Catalyst+1","Poisoned Stab","Grand Finale","Clumsy","Decay","Parasite"],"relics":["Ring of the Snake","NeowsBlessing","Dream Catcher","Juzu Bracelet","Potion Belt","Calling Bell"],"potions_floor_usage":[16,16],"damage_taken":[{"damage":0,"enemies":"2 Louse","floor":1,"turns":1},{"damage":0,"enemies":"Lagavulin","floor":6,"turns":1},{"damage":0,"enemies":"3 Sentries","floor":8,"turns":2},{"damage":7,"enemies":"Small Slimes","floor":10,"turns":2},{"damage":1,"enemies":"Jaw Worm","floor":11,"turns":4},{"damage":8,"enemies":"3 Louse","floor":12,"turns":3},{"damage":21,"enemies":"Large Slime","floor":14,"turns":9},{"damage":6,"enemies":"Hexaghost","floor":16,"turns":5}],"seed_played":"7969175564353549897","potions_obtained":[{"floor":1,"key":"Strength Potion"},{"floor":8,"key":"Poison Potion"},{"floor":11,"key":"GhostInAJar"}],"is_trial":false,"path_per_floor":["M","?","$","?","?","E","?","E","T","M","M","M","$","M","R","B",null],"character_chosen":"THE_SILENT","items_purchased":[],"campfire_rested":0,"item_purchase_floors":[],"current_hp_per_floor":[59,59,59,39,44,44,44,44,44,37,36,28,28,7,7,1,1],"gold":325,"neow_bonus":"THREE_ENEMY_KILL","is_prod":false,"is_daily":false,"chose_seed":false,"campfire_upgraded":1,"win_rate":0,"timestamp":1552487716,"path_taken":["M","?","$","?","?","E","?","E","T","M","M","M","$","M","R","BOSS"],"build_version":"2019-01-23","purchased_purges":2,"victory":false,"max_hp_per_floor":[66,66,66,66,71,71,71,71,71,71,71,71,71,71,71,71,71],"card_choices":[{"not_picked":["Sucker Punch","Terror"],"picked":"All Out Attack","floor":1},{"not_picked":["Blade Dance","Underhanded Strike"],"picked":"Backflip","floor":6},{"not_picked":["Acrobatics","Poisoned Stab"],"picked":"Backstab","floor":8},{"not_picked":["Dagger Throw","Finisher","Storm of Steel"],"picked":"SKIP","floor":10},{"not_picked":["Escape Plan","Underhanded Strike","Bane"],"picked":"SKIP","floor":11},{"not_picked":["PiercingWail","Infinite Blades"],"picked":"Catalyst","floor":12},{"not_picked":["Choke","Slice"],"picked":"Poisoned Stab","floor":14},{"not_picked":["After Image","Envenom"],"picked":"Grand Finale","floor":16}],"player_experience":3558378,"relics_obtained":[{"floor":6,"key":"Dream Catcher"},{"floor":8,"key":"Juzu Bracelet"},{"floor":9,"key":"Potion Belt"}],"event_choices":[{"damage_healed":0,"gold_gain":0,"cards_transformed":["Strike_G"],"player_choice":"Change","damage_taken":0,"max_hp_gain":0,"max_hp_loss":0,"event_name":"Living Wall","floor":2,"gold_loss":0,"cards_obtained":["Night Terror"]},{"damage_healed":0,"gold_gain":0,"player_choice":"Entered Light","damage_taken":20,"max_hp_gain":0,"max_hp_loss":0,"event_name":"Shining Light","floor":4,"gold_loss":0,"cards_upgraded":["Defend_G","Strike_G"]},{"damage_healed":0,"gold_gain":0,"player_choice":"Donut","damage_taken":0,"max_hp_gain":5,"max_hp_loss":0,"event_name":"Big Fish","floor":5,"gold_loss":0},{"damage_healed":0,"gold_gain":150,"player_choice":"AGREE","damage_taken":0,"max_hp_gain":0,"max_hp_loss":0,"event_name":"Liars Game","floor":7,"gold_loss":0,"cards_obtained":["Doubt"]}],"is_beta":false,"boss_relics":[{"not_picked":["Busted Crown","Black Star"],"picked":"Calling Bell"}],"items_purged_floors":[3,13],"is_endless":false,"potions_floor_spawned":[1,8,11],"ascension_level":20}