{"gold_per_floor":[118,4,4,4,20,20,59,59,82,95,95,129,50,50,50,146,146,164,164,164,179,197,197,240,240,540,540,583,599,619,317,317,413,476,491,491,326,342,39,80,103,143,143,143,177,198,213,234,234,234,234,234,234,2,37,37],"floor_reached":57,"playtime":2390,"items_purged":["Strike_B","Strike_B","Strike_B","Strike_B","Defend_B"],"score":2901,"play_id":"26a22994-75e5-4fdc-86f0-6f84042e3d6f","local_time":"20190323163829","is_ascension_mode":true,"campfire_choices":[{"data":"Sunder","floor":6.0,"key":"SMITH"},{"data":"Zap","floor":8.0,"key":"SMITH"},{"data":"Dualcast","floor":11.0,"key":"SMITH"},{"data":"Static Discharge","floor":15.0,"key":"SMITH"},{"data":"Defragment","floor":23.0,"key":"SMITH"},{"data":"Reinforced Body","floor":25.0,"key":"SMITH"},{"data":"Self Repair","floor":27.0,"key":"SMITH"},{"data":"Loop","floor":32.0,"key":"SMITH"},{"floor":44.0,"key":"RECALL"},{"data":"Rainbow","floor":49.0,"key":"SMITH"},{"data":"Skim","floor":53.0,"key":"SMITH"}],"neow_cost":"NONE","seed_source_timestamp":15987950816929,"circlet_count":0,"master_deck":["AscendersBane","Defend_B","Defend_B+1","Defend_B","Zap+1","Dualcast+1","Sunder+1","Self Repair+1","Cold Snap","Self Repair","Static Discharge+1","Self Repair","Rainbow+1","Compile Driver+1","Necronomicurse","Defragment+1","Chill+1","Reinforced Body+1","Turbo+1","Loop+1","Echo Form","White Noise","Loop+1","White Noise+1","Skim+1","Defragment"],"special_seed":0,"relics":["Cracked Core","NeowsBlessing","Golden Idol","Anchor","DataDisk","Regal Pillow","Coffee Dripper","Necronomicon","Vajra","Old Coin","Singing Bowl","Bag of Preparation","Tiny House","Bronze Scales","Membership Card","Strawberry","Omamori","Molten Egg 2","Mummified Hand","Turnip"],"potions_floor_usage":[56],"damage_taken":[{"damage":0.0,"enemies":"2 Louse","floor":1.0,"turns":1.0},{"damage":0.0,"enemies":"Small Slimes","floor":5.0,"turns":1.0},{"damage":0.0,"enemies":"Gremlin Nob","floor":7.0,"turns":1.0},{"damage":2.0,"enemies":"Jaw Worm","floor":10.0,"turns":2.0},{"damage":17.0,"enemies":"3 Sentries","floor":12.0,"turns":5.0},{"damage":43.0,"enemies":"Hexaghost","floor":16.0,"turns":8.0},{"damage":9.0,"enemies":"Chosen","floor":18.0,"turns":3.0},{"damage":3.0,"enemies":"3 Byrds","floor":21.0,"turns":3.0},{"damage":33.0,"enemies":"Snake Plant","floor":22.0,"turns":3.0},{"damage":21.0,"enemies":"Book of Stabbing","floor":24.0,"turns":4.0},{"damage":28.0,"enemies":"Slavers","floor":28.0,"turns":4.0},{"damage":9.0,"enemies":"Snecko","floor":29.0,"turns":3.0},{"damage":2.0,"enemies":"Shelled Parasite and Fungi","floor":30.0,"turns":4.0},{"damage":38.0,"enemies":"Automaton","floor":33.0,"turns":7.0},{"damage":0.0,"enemies":"3 Shapes","floor":35.0,"turns":4.0},{"damage":7.0,"enemies":"3 Darklings","floor":38.0,"turns":5.0},{"damage":31.0,"enemies":"Nemesis","floor":40.0,"turns":5.0},{"damage":10.0,"enemies":"Sphere and 2 Shapes","floor":41.0,"turns":5.0},{"damage":20.0,"enemies":"Giant Head","floor":42.0,"turns":9.0},{"damage":33.0,"enemies":"Nemesis","floor":45.0,"turns":7.0},{"damage":22.0,"enemies":"4 Shapes","floor":46.0,"turns":8.0},{"damage":7.0,"enemies":"Maw","floor":47.0,"turns":5.0},{"damage":4.0,"enemies":"Sphere and 2 Shapes","floor":48.0,"turns":7.0},{"damage":61.0,"enemies":"Time Eater","floor":50.0,"turns":8.0},{"damage":30.0,"enemies":"Donu and Deca","floor":51.0,"turns":8.0},{"damage":16.0,"enemies":"Shield and Spear","floor":55.0,"turns":8.0},{"damage":76,"enemies":"The Heart","floor":56,"turns":9}],"seed_played":"-9048776904516784236","potions_obtained":[{"floor":5.0,"key":"Ancient Potion"},{"floor":16.0,"key":"SmokeBomb"},{"floor":28.0,"key":"Dexterity Potion"},{"floor":34.0,"key":"Ancient Potion"},{"floor":42.0,"key":"Fire Potion"},{"floor":45.0,"key":"Block Potion"}],"is_trial":false,"path_per_floor":["M","$","?","$","M","R","E","R","T","M","R","E","$","?","R","B",null,"M","?","?","M","M","R","E","R","T","R","E","M","M","$","R","B",null,"M","?","$","M","$","E","M","E","T","R","E","M","M","M","R","B","B",null,"R","$","E","B",null],"character_chosen":"DEFECT","items_purchased":["Self Repair","Self Repair","Bag of Preparation","Loop","White Noise","Membership Card","Mummified Hand"],"campfire_rested":0,"item_purchase_floors":[2,13,31,31,37,39,54],"current_hp_per_floor":[64,64,40,40,47,47,47,47,47,52,52,42,42,47,47,25,63,61,61,40,58,39,39,39,39,39,39,30,45,69,69,69,55,81,89,89,89,91,91,96,100,100,100,100,102,104,104,106,106,62,63,95,95,95,106,54],"gold":37,"neow_bonus":"THREE_ENEMY_KILL","is_prod":false,"is_daily":false,"chose_seed":false,"campfire_upgraded":10,"win_rate":0,"timestamp":1553330309,"path_taken":["M","$","?","$","M","R","E","R","T","M","R","E","$","?","R","BOSS","M","?","?","?","?","R","E","R","T","R","E","M","M","$","R","BOSS","M","?","?","M","$","E","M","E","T","R","E","M","M","M","R","BOSS","BOSS","R","$","E","BOSS"],"build_version":"2019-01-23","purchased_purges":5,"victory":true,"max_hp_per_floor":[71,71,71,71,71,71,71,71,71,71,71,71,71,76,76,76,76,76,76,76,76,76,76,76,76,76,76,78,78,80,80,80,80,87,89,89,89,91,91,100,100,100,100,100,102,104,104,106,106,106,106,106,106,106,106,106],"card_choices":[{"not_picked":["Beam Cell","Go for the Eyes"],"picked":"Sunder","floor":1.0},{"not_picked":["Go for the Eyes","Compile Driver","Streamline"],"picked":"SKIP","floor":5.0},{"not_picked":["Doom and Gloom","Scrape"],"picked":"Cold Snap","floor":7.0},{"not_picked":["Barrage","Tempest"],"picked":"Self Repair","floor":10.0},{"not_picked":["Redo","Melter"],"picked":"Static Discharge","floor":12.0},{"not_picked":["Machine Learning","Meteor Strike"],"picked":"Rainbow","floor":16.0},{"not_picked":["Doom and Gloom+1","Rebound+1"],"picked":"Compile Driver+1","floor":18.0},{"not_picked":["Rebound","White Noise"],"picked":"Defragment","floor":21.0},{"not_picked":["Reinforced Body","Auto Shields+1"],"picked":"Chill+1","floor":22.0},{"not_picked":["Sweeping Beam","Auto Shields"],"picked":"Reinforced Body","floor":24.0},{"not_picked":["Hello World","Ball Lightning","Compile Driver"],"picked":"Singing Bowl","floor":28.0},{"not_picked":["Fusion","Streamline"],"picked":"Turbo+1","floor":29.0},{"not_picked":["Ball Lightning","Go for the Eyes+1","Machine Learning"],"picked":"Singing Bowl","floor":30.0},{"not_picked":["Creative AI","Thunder Strike"],"picked":"Echo Form","floor":33.0},{"not_picked":["Sunder","Conserve Battery","Reprogram"],"picked":"Singing Bowl","floor":34.0},{"not_picked":["Rip and Tear","Barrage","Compile Driver"],"picked":"Singing Bowl","floor":35.0},{"not_picked":["Leap","Beam Cell","Reinforced Body"],"picked":"Singing Bowl","floor":38.0},{"not_picked":["Reprogram","Cold Snap","Auto Shields+1"],"picked":"Singing Bowl","floor":40.0},{"not_picked":["Melter","Doom and Gloom"],"picked":"Loop+1","floor":41.0},{"not_picked":["All For One","Consume"],"picked":"White Noise+1","floor":42.0},{"not_picked":["Compile Driver","Fusion","Steam Power"],"picked":"Singing Bowl","floor":45.0},{"not_picked":["FTL+1","Rebound+1","Streamline+1"],"picked":"Singing Bowl","floor":46.0},{"not_picked":["Compile Driver+1","Redo"],"picked":"Skim","floor":47.0},{"not_picked":["Stack","Gash+1","Beam Cell+1"],"picked":"Singing Bowl","floor":48.0},{"not_picked":["Doom and Gloom+1","Go for the Eyes+1"],"picked":"Defragment","floor":55.0}],"player_experience":3812646,"relics_obtained":[{"floor":7.0,"key":"Anchor"},{"floor":9.0,"key":"DataDisk"},{"floor":12.0,"key":"Regal Pillow"},{"floor":20.0,"key":"Necronomicon"},{"floor":24.0,"key":"Vajra"},{"floor":26.0,"key":"Old Coin"},{"floor":28.0,"key":"Singing Bowl"},{"floor":40.0,"key":"Strawberry"},{"floor":42.0,"key":"Omamori"},{"floor":45.0,"key":"Molten Egg 2"},{"floor":55.0,"key":"Turnip"}],"event_choices":[{"damage_healed":0.0,"max_hp_gain":0.0,"max_hp_loss":0.0,"gold_gain":0.0,"event_name":"Golden Idol","player_choice":"Take Damage","floor":3.0,"gold_loss":0.0,"damage_taken":24.0,"relics_obtained":["Golden Idol"]},{"damage_healed":0.0,"max_hp_gain":5.0,"max_hp_loss":0.0,"gold_gain":0.0,"event_name":"Big Fish","player_choice":"Donut","floor":14.0,"gold_loss":0.0,"damage_taken":0.0},{"damage_healed":0.0,"max_hp_gain":0.0,"max_hp_loss":0.0,"gold_gain":0.0,"event_name":"Ghosts","player_choice":"Ignored","floor":19.0,"gold_loss":0.0,"damage_taken":0.0},{"damage_healed":0.0,"max_hp_gain":0.0,"max_hp_loss":0.0,"gold_gain":0.0,"event_name":"Cursed Tome","player_choice":"Obtained Book","floor":20.0,"gold_loss":0.0,"damage_taken":21.0},{"damage_healed":0.0,"max_hp_gain":0.0,"max_hp_loss":0.0,"gold_gain":0.0,"event_name":"WeMeetAgain","player_choice":"Gave Potion","floor":36.0,"gold_loss":0.0,"damage_taken":0.0,"relics_obtained":["Bronze Scales"]}],"is_beta":false,"boss_relics":[{"not_picked":["White Beast Statue","Velvet Choker"],"picked":"Coffee Dripper"},{"not_picked":["Calling Bell","Eternal Feather"],"picked":"Tiny House"}],"items_purged_floors":[2,31,37,39,54],"is_endless":false,"potions_floor_spawned":[5,16,21,22,28,35,42,45,48],"ascension_level":20}