{"gold_per_floor":[114,131,131,144,157,157,191,215,242,261,261,293,169,169,169,267,267,278,278,278,290,306,306,27,27,27,27,54,54,87,106,106,201,201,221,151,151,171,171],"floor_reached":39,"playtime":900,"items_purged":["Defend_R","Bash"],"score":883,"play_id":"cdbf2239-fbf8-4cdc-b132-e2da48533bfe","local_time":"20181020005436","is_ascension_mode":true,"campfire_choices":[{"data":"Perfected Strike","floor":6,"key":"SMITH"},{"data":"Perfected Strike","floor":11,"key":"SMITH"},{"data":"Inflame","floor":15,"key":"SMITH"},{"data":"Uppercut","floor":23,"key":"SMITH"},{"data":"Berserk","floor":25,"key":"SMITH"},{"data":"Pommel Strike","floor":29,"key":"SMITH"},{"data":"Impervious","floor":32,"key":"SMITH"}],"neow_cost":"NONE","seed_source_timestamp":197282550911796,"circlet_count":0,"master_deck":["Strike_R","Strike_R","Strike_R","Strike_R+1","Strike_R","AscendersBane","Perfected Strike+1","Perfected Strike+1","Twin Strike","Pommel Strike+1","Berserk+1","Shrug It Off","Inflame+1","Impervious+1","Uppercut+1","Pommel Strike+1","Reaper","Thunderclap","Shockwave"],"relics":["Burning Blood","NeowsBlessing","Art of War","Odd Mushroom","PreservedInsect","Bag of Marbles","Coffee Dripper","Whetstone","Bottled Flame","Unceasing Top","Juzu Bracelet","Runic Dome"],"potions_floor_usage":[7,8,33,33],"damage_taken":[{"damage":0,"enemies":"Cultist","floor":1,"turns":1},{"damage":0,"enemies":"Small Slimes","floor":2,"turns":1},{"damage":0,"enemies":"Jaw Worm","floor":4,"turns":1},{"damage":12,"enemies":"Exordium Wildlife","floor":5,"turns":3},{"damage":0,"enemies":"Gremlin Nob","floor":7,"turns":2},{"damage":25,"enemies":"The Mushroom Lair","floor":8,"turns":5},{"damage":1,"enemies":"2 Fungi Beasts","floor":10,"turns":2},{"damage":0,"enemies":"Lagavulin","floor":12,"turns":4},{"damage":0,"enemies":"Slime Boss","floor":16,"turns":6},{"damage":15,"enemies":"Shell Parasite","floor":18,"turns":3},{"damage":3,"enemies":"2 Thieves","floor":21,"turns":3},{"damage":23,"enemies":"Centurion and Healer","floor":22,"turns":4},{"damage":0,"enemies":"Gremlin Leader","floor":28,"turns":4},{"damage":14,"enemies":"Book of Stabbing","floor":30,"turns":2},{"damage":0,"enemies":"3 Cultists","floor":31,"turns":3},{"damage":44,"enemies":"Automaton","floor":33,"turns":8},{"damage":37,"enemies":"3 Darklings","floor":35,"turns":3},{"damage":3,"enemies":"Orb Walker","floor":38,"turns":3},{"damage":66,"enemies":"Writhing Mass","floor":39,"turns":3}],"seed_played":"1785504484887470507","potions_obtained":[{"floor":2,"key":"FearPotion"},{"floor":4,"key":"SteroidPotion"},{"floor":12,"key":"EssenceOfSteel"},{"floor":18,"key":"SteroidPotion"},{"floor":30,"key":"EntropicBrew"},{"floor":38,"key":"Ancient Potion"}],"is_trial":false,"path_per_floor":["M","M","?","M","M","R","E","?","T","M","R","E","$","?","R","B",null,"M","?","?","M","M","R","$","R","T","$","E","R","E","M","R","B",null,"M","$","$","M"],"character_chosen":"IRONCLAD","items_purchased":["Shrug It Off","Pommel Strike","Whetstone","Shockwave"],"campfire_rested":0,"item_purchase_floors":[13,24,24,36],"current_hp_per_floor":[78,80,80,80,74,74,80,61,61,66,66,72,72,72,72,78,80,71,56,56,59,42,42,42,42,42,42,48,48,40,46,46,8,66,52,52,52,61,0],"gold":171,"neow_bonus":"THREE_ENEMY_KILL","is_prod":false,"is_daily":false,"chose_seed":false,"campfire_upgraded":7,"win_rate":0,"timestamp":1539968076,"path_taken":["M","M","?","M","M","R","E","?","T","M","R","E","$","?","R","BOSS","M","?","?","M","M","R","$","R","T","?","E","R","E","M","R","BOSS","M","?","$","M","M"],"build_version":"2018-10-18","purchased_purges":2,"victory":false,"max_hp_per_floor":[80,80,80,80,80,80,80,80,80,80,80,80,80,80,80,80,80,80,85,85,85,85,85,85,85,85,85,85,85,85,85,85,85,85,85,85,85,85,85],"card_choices":[{"not_picked":["Armaments","Infernal Blade"],"picked":"Perfected Strike","floor":1},{"not_picked":["Iron Wave","Body Slam"],"picked":"Perfected Strike","floor":2},{"not_picked":["Flex","Disarm"],"picked":"Twin Strike","floor":4},{"not_picked":["Rupture","Twin Strike"],"picked":"Pommel Strike","floor":5},{"not_picked":["Berserk","Rampage","Heavy Blade"],"picked":"SKIP","floor":7},{"not_picked":["Rampage","Heavy Blade"],"picked":"Berserk","floor":7},{"not_picked":["Cleave","Anger","Iron Wave"],"picked":"SKIP","floor":10},{"not_picked":["Feel No Pain","True Grit","Flame Barrier"],"picked":"SKIP","floor":12},{"not_picked":["Juggernaut","Bludgeon"],"picked":"Impervious","floor":16},{"not_picked":["Fire Breathing","Rampage","Heavy Blade"],"picked":"SKIP","floor":18},{"not_picked":["Iron Wave","Twin Strike"],"picked":"Uppercut","floor":21},{"not_picked":["Dual Wield","Sword Boomerang","Clothesline+1"],"picked":"SKIP","floor":22},{"not_picked":["Sword Boomerang+1","Fire Breathing","Cleave"],"picked":"SKIP","floor":28},{"not_picked":["Inflame","Sword Boomerang","Evolve"],"picked":"SKIP","floor":30},{"not_picked":["Evolve","Immolate","Warcry"],"picked":"SKIP","floor":31},{"not_picked":["Exhume","Fiend Fire"],"picked":"Reaper","floor":33},{"not_picked":["Body Slam+1","True Grit"],"picked":"Thunderclap","floor":35},{"not_picked":["Whirlwind","Headbutt","Heavy Blade"],"picked":"SKIP","floor":38}],"player_experience":342766,"relics_obtained":[{"floor":7,"key":"Art of War"},{"floor":8,"key":"Odd Mushroom"},{"floor":9,"key":"PreservedInsect"},{"floor":12,"key":"Bag of Marbles"},{"floor":26,"key":"Bottled Flame"},{"floor":28,"key":"Unceasing Top"},{"floor":30,"key":"Juzu Bracelet"}],"event_choices":[{"cards_removed":["Defend_R"],"damage_healed":0,"gold_gain":0,"player_choice":"Offered Basic","damage_taken":0,"max_hp_gain":0,"max_hp_loss":0,"event_name":"Bonfire Elementals","floor":3,"gold_loss":0},{"damage_healed":0,"gold_gain":0,"player_choice":"Fought Mushrooms","damage_taken":0,"max_hp_gain":0,"max_hp_loss":0,"event_name":"Mushrooms","floor":8,"gold_loss":0},{"damage_healed":0,"gold_gain":0,"cards_transformed":["Defend_R"],"player_choice":"Change","damage_taken":0,"max_hp_gain":0,"max_hp_loss":0,"event_name":"Living Wall","floor":14,"gold_loss":0,"cards_obtained":["Inflame"]},{"damage_healed":0,"gold_gain":0,"player_choice":"Shed Blood","damage_taken":20,"max_hp_gain":5,"max_hp_loss":0,"event_name":"Forgotten Altar","floor":19,"gold_loss":0},{"cards_removed":["Defend_R"],"damage_healed":0,"gold_gain":0,"player_choice":"Purged","damage_taken":0,"max_hp_gain":0,"max_hp_loss":0,"event_name":"Purifier","floor":20,"gold_loss":0}],"is_beta":false,"boss_relics":[{"not_picked":["Busted Crown","Eternal Feather"],"picked":"Coffee Dripper"},{"not_picked":["Velvet Choker","White Beast Statue"],"picked":"Runic Dome"}],"items_purged_floors":[13,24],"is_endless":false,"potions_floor_spawned":[2,4,5,12,18,28,30,31,38],"killed_by":"Writhing Mass","ascension_level":12}