{"gold_per_floor":[15,31,31,51,1,1,34,45,71,71,22,41,51,71,71,167,167,186,186,186,35,48,80,44,44,44,62,62,89,17,30,30,132,132,151,151,151,200,200,228,228,256,256,285,302,302,302,313,313,313,313,313,15,15],"floor_reached":54,"playtime":2869,"items_purged":["Strike_G"],"score":1204,"play_id":"fedd4f83-94ca-4cb7-b914-e3102e6615e3","local_time":"20190312225040","is_ascension_mode":true,"campfire_choices":[{"data":"Noxious Fumes","floor":6.0,"key":"SMITH"},{"data":"Footwork","floor":10.0,"key":"SMITH"},{"data":"Footwork","floor":15.0,"key":"SMITH"},{"data":"Catalyst","floor":25.0,"key":"SMITH"},{"data":"Noxious Fumes","floor":32.0,"key":"SMITH"},{"floor":41.0,"key":"DIG"},{"floor":46.0,"key":"DIG"},{"floor":49.0,"key":"RECALL"},{"floor":52.0,"key":"DIG"}],"neow_cost":"NO_GOLD","seed_source_timestamp":91574511400339,"circlet_count":0,"master_deck":["Defend_G+1","Defend_G+1","Defend_G+1","Defend_G+1","Strike_G+1","Survivor+1","Neutralize+1","Noxious Fumes+1","Footwork+1","Backflip+1","Acrobatics+1","Footwork+1","PiercingWail+1","Noxious Fumes+1","Blur+1","Well Laid Plans+1","Catalyst+1","Noxious Fumes+1","Concentrate+1","Well Laid Plans+1","Wraith Form v2+1","Noxious Fumes+1","Leg Sweep+1","Tactician+1","Bouncing Flask+1"],"special_seed":0,"relics":["Ring of the Snake","Centennial Puzzle","Omamori","Runic Dome","Pen Nib","Pocketwatch","Nunchaku","Orrery","Shovel","Mark of the Bloom","Bronze Scales","Calipers","Blood Vial","Mercury Hourglass","Ancient Tea Set","Sundial","Ice Cream"],"potions_floor_usage":[],"damage_taken":[{"damage":8.0,"enemies":"Jaw Worm","floor":1.0,"turns":7.0},{"damage":0.0,"enemies":"2 Louse","floor":2.0,"turns":4.0},{"damage":1.0,"enemies":"Small Slimes","floor":4.0,"turns":5.0},{"damage":16.0,"enemies":"3 Sentries","floor":7.0,"turns":9.0},{"damage":3.0,"enemies":"2 Fungi Beasts","floor":8.0,"turns":5.0},{"damage":0.0,"enemies":"Large Slime","floor":12.0,"turns":11.0},{"damage":0.0,"enemies":"3 Louse","floor":13.0,"turns":5.0},{"damage":0.0,"enemies":"Red Slaver","floor":14.0,"turns":6.0},{"damage":5.0,"enemies":"The Guardian","floor":16.0,"turns":15.0},{"damage":0.0,"enemies":"3 Byrds","floor":18.0,"turns":6.0},{"damage":5.0,"enemies":"Colosseum Slavers","floor":19.0,"turns":6.0},{"damage":0.0,"enemies":"Shell Parasite","floor":22.0,"turns":8.0},{"damage":15.0,"enemies":"Gremlin Leader","floor":23.0,"turns":9.0},{"damage":5.0,"enemies":"Snake Plant","floor":27.0,"turns":5.0},{"damage":14.0,"enemies":"Slavers","floor":29.0,"turns":8.0},{"damage":1.0,"enemies":"3 Cultists","floor":31.0,"turns":6.0},{"damage":4.0,"enemies":"Champ","floor":33.0,"turns":11.0},{"damage":7.0,"enemies":"3 Shapes","floor":35.0,"turns":4.0},{"damage":13.0,"enemies":"2 Orb Walkers","floor":38.0,"turns":7.0},{"damage":0.0,"enemies":"Giant Head","floor":40.0,"turns":7.0},{"damage":3.0,"enemies":"Reptomancer","floor":42.0,"turns":8.0},{"damage":0.0,"enemies":"Giant Head","floor":44.0,"turns":9.0},{"damage":0.0,"enemies":"3 Darklings","floor":45.0,"turns":5.0},{"damage":0.0,"enemies":"Maw","floor":48.0,"turns":8.0},{"damage":10.0,"enemies":"Awakened One","floor":50.0,"turns":12.0},{"damage":25,"enemies":"Shield and Spear","floor":54,"turns":3}],"seed_played":"3608514513965836636","potions_obtained":[{"floor":4.0,"key":"GhostInAJar"},{"floor":7.0,"key":"EssenceOfSteel"},{"floor":27.0,"key":"SpeedPotion"},{"floor":38.0,"key":"Swift Potion"},{"floor":45.0,"key":"FearPotion"}],"is_trial":false,"path_per_floor":["M","M","$","M","?","R","E","M","T","R","$","M","M","M","R","B",null,"M","?","?","$","M","E","$","R","T","M","$","E","$","M","R","B",null,"M","?","?","?","?","E","R","E","T","E","M","R","?","M","R","B",null,"R","$","E"],"character_chosen":"THE_SILENT","items_purchased":["Swift Potion","Well Laid Plans","Catalyst","Well Laid Plans","Ice Cream"],"campfire_rested":0,"item_purchase_floors":[11,21,24,30,53],"current_hp_per_floor":[55,55,55,54,54,54,38,35,35,35,35,35,35,35,35,30,60,60,55,55,55,55,40,40,40,40,35,35,21,21,20,20,16,57,50,50,50,37,37,37,37,34,34,34,34,34,34,34,34,24,24,24,24,0],"gold":15,"neow_bonus":"TRANSFORM_TWO_CARDS","is_prod":false,"is_daily":false,"chose_seed":false,"campfire_upgraded":5,"win_rate":0,"timestamp":1552398640,"path_taken":["M","M","$","M","?","R","E","M","T","R","$","M","M","M","R","BOSS","M","?","?","$","M","E","?","R","T","M","$","E","$","M","R","BOSS","M","?","?","?","?","E","R","E","T","E","M","R","?","M","R","BOSS","R","$","E"],"build_version":"2019-01-23","purchased_purges":1,"victory":false,"max_hp_per_floor":[70,70,70,70,70,70,70,70,70,70,70,70,70,70,70,70,70,70,70,70,70,70,70,70,70,70,70,70,70,70,70,70,70,70,70,70,70,70,70,70,70,70,70,70,70,70,70,70,70,70,70,70,70,70],"card_choices":[{"not_picked":["PiercingWail","Bane"],"picked":"Backflip","floor":1.0},{"not_picked":["Bane","Masterful Stab"],"picked":"Acrobatics","floor":2.0},{"not_picked":["Blade Dance","Prepared","Outmaneuver"],"picked":"SKIP","floor":4.0},{"not_picked":["Quick Slash","Phantasmal Killer"],"picked":"Footwork","floor":7.0},{"not_picked":["Skewer","Prepared","Dagger Spray"],"picked":"SKIP","floor":8.0},{"not_picked":["Riddle With Holes","Backstab"],"picked":"PiercingWail","floor":12.0},{"not_picked":["Expertise","Acrobatics","Poisoned Stab"],"picked":"SKIP","floor":13.0},{"not_picked":["Deflect","Dagger Spray","Setup"],"picked":"SKIP","floor":14.0},{"not_picked":["Bane+1","Finisher"],"picked":"Noxious Fumes","floor":18.0},{"not_picked":["Deflect","Quick Slash","Bane"],"picked":"SKIP","floor":22.0},{"not_picked":["Predator","Slice","Masterful Stab"],"picked":"SKIP","floor":23.0},{"not_picked":["Reflex+1","Bane+1"],"picked":"Noxious Fumes","floor":27.0},{"not_picked":["Deflect","Expertise+1"],"picked":"Concentrate","floor":29.0},{"not_picked":["Dagger Throw","PiercingWail","Choke"],"picked":"SKIP","floor":31.0},{"not_picked":["Doppelganger","Unload"],"picked":"Wraith Form v2","floor":33.0},{"not_picked":["Deadly Poison","Poisoned Stab"],"picked":"Noxious Fumes","floor":34.0},{"not_picked":["Glass Knife","Dagger Spray"],"picked":"Leg Sweep+1","floor":34.0},{"not_picked":["Quick Slash","Predator"],"picked":"Tactician","floor":34.0},{"not_picked":["Quick Slash","Terror","Expertise+1"],"picked":"SKIP","floor":35.0},{"not_picked":["Flying Knee+1","Heel Hook+1"],"picked":"Bouncing Flask+1","floor":38.0},{"not_picked":["PiercingWail","Setup+1","Outmaneuver+1"],"picked":"SKIP","floor":40.0},{"not_picked":["PiercingWail","Setup+1","Outmaneuver+1"],"picked":"SKIP","floor":40.0},{"not_picked":["Endless Agony","Leg Sweep","Backflip"],"picked":"SKIP","floor":42.0},{"not_picked":["Underhanded Strike+1","Bane+1","Unload"],"picked":"SKIP","floor":44.0},{"not_picked":["Flying Knee","Caltrops","Bane"],"picked":"SKIP","floor":45.0},{"not_picked":["Predator+1","Prepared","Outmaneuver"],"picked":"SKIP","floor":48.0}],"player_experience":69172,"relics_obtained":[{"floor":7.0,"key":"Centennial Puzzle"},{"floor":9.0,"key":"Omamori"},{"floor":23.0,"key":"Pen Nib"},{"floor":26.0,"key":"Pocketwatch"},{"floor":29.0,"key":"Nunchaku"},{"floor":38.0,"key":"Shovel"},{"floor":40.0,"key":"Bronze Scales"},{"floor":41.0,"key":"Calipers"},{"floor":42.0,"key":"Blood Vial"},{"floor":44.0,"key":"Mercury Hourglass"},{"floor":46.0,"key":"Ancient Tea Set"},{"floor":52.0,"key":"Sundial"}],"event_choices":[{"cards_removed":["Strike_G"],"damage_healed":0.0,"max_hp_gain":0.0,"max_hp_loss":0.0,"gold_gain":0.0,"event_name":"The Cleric","player_choice":"Card Removal","floor":5.0,"gold_loss":50.0,"damage_taken":0.0},{"damage_healed":0.0,"max_hp_gain":0.0,"max_hp_loss":0.0,"gold_gain":0.0,"event_name":"Colosseum","player_choice":"Fight","floor":19.0,"gold_loss":0.0,"damage_taken":0.0},{"damage_healed":0.0,"max_hp_gain":0.0,"max_hp_loss":0.0,"gold_gain":0.0,"event_name":"Colosseum","player_choice":"Fled From Nobs","floor":19.0,"gold_loss":0.0,"damage_taken":0.0},{"damage_healed":0.0,"max_hp_gain":0.0,"max_hp_loss":0.0,"gold_gain":0.0,"event_name":"The Library","player_choice":"Read","floor":20.0,"gold_loss":0.0,"damage_taken":0.0,"cards_obtained":["Blur"]},{"damage_healed":0.0,"max_hp_gain":0.0,"max_hp_loss":0.0,"gold_gain":0.0,"event_name":"Tomb of Lord Red Mask","player_choice":"Ignored","floor":36.0,"gold_loss":0.0,"damage_taken":0.0},{"damage_healed":0.0,"max_hp_gain":0.0,"max_hp_loss":0.0,"gold_gain":0.0,"event_name":"SensoryStone","player_choice":"Memory 1","floor":37.0,"gold_loss":0.0,"damage_taken":0.0},{"damage_healed":0.0,"max_hp_gain":0.0,"max_hp_loss":0.0,"gold_gain":0.0,"event_name":"Mysterious Sphere","player_choice":"Fight","floor":38.0,"gold_loss":0.0,"damage_taken":0.0},{"damage_healed":0.0,"max_hp_gain":0.0,"max_hp_loss":0.0,"gold_gain":0.0,"event_name":"MindBloom","player_choice":"Upgrade","floor":39.0,"gold_loss":0.0,"damage_taken":0.0,"cards_upgraded":["Defend_G","Defend_G","Defend_G","Defend_G","Defend_G","Strike_G","Survivor","Neutralize","Backflip","Acrobatics","PiercingWail","Blur","Well Laid Plans","Noxious Fumes","Concentrate","Well Laid Plans","Wraith Form v2","Noxious Fumes","Tactician"],"relics_obtained":["Mark of the Bloom"]},{"cards_removed":["Defend_G"],"damage_healed":0.0,"max_hp_gain":0.0,"max_hp_loss":0.0,"gold_gain":0.0,"event_name":"Falling","player_choice":"Removed Skill","floor":47.0,"gold_loss":0.0,"damage_taken":0.0}],"is_beta":false,"boss_relics":[{"not_picked":["Astrolabe","Sozu"],"picked":"Runic Dome"},{"not_picked":["Velvet Choker","Pandora\u0027s Box"],"picked":"Orrery"}],"items_purged_floors":[21],"is_endless":false,"potions_floor_spawned":[4,7,13,14,18,27,29,33,38,45],"killed_by":"Shield and Spear","ascension_level":9}