{"gold_per_floor":[119,132,145,145,156,156,174,174,174,203,8,19,31,49,49,126,126,145,125,145,30,41,67,87,37,64,1,0,0,14,48,48,48],"floor_reached":33,"playtime":1623,"items_purged":["Strike_R","Strike_R","Strike_R"],"score":509,"play_id":"9c1e28aa-3482-41bf-a5f5-efd31ecdff91","local_time":"20190804203127","is_ascension_mode":true,"campfire_choices":[{"data":"Shockwave","floor":6.0,"key":"SMITH"},{"data":"Havoc","floor":8.0,"key":"SMITH"},{"data":"Rampage","floor":15.0,"key":"SMITH"},{"floor":29.0,"key":"REST"},{"floor":32,"key":"REST"}],"neow_cost":"NONE","seed_source_timestamp":19022056136912,"circlet_count":0,"master_deck":["AscendersBane","Strike_R","Defend_R","Defend_R","Defend_R","Defend_R","Bash+1","Headbutt","Clothesline","Shockwave+1","Seeing Red","Havoc+1","Whirlwind","Rampage+1","Ghostly Armor","Bludgeon","Spot Weakness+1","Disarm","Pummel","Shrug It Off","Pommel Strike"],"special_seed":0,"relics":["Burning Blood","Charon\u0027s Ashes","Letter Opener","Membership Card","Lizard Tail","Strawberry","Ice Cream","Vajra","Champion Belt"],"potions_floor_usage":[31,31],"damage_taken":[{"damage":1.0,"enemies":"Cultist","floor":1.0,"turns":3.0},{"damage":8.0,"enemies":"Jaw Worm","floor":2.0,"turns":4.0},{"damage":3.0,"enemies":"2 Louse","floor":3.0,"turns":3.0},{"damage":18.0,"enemies":"Exordium Thugs","floor":5.0,"turns":6.0},{"damage":6.0,"enemies":"2 Fungi Beasts","floor":7.0,"turns":4.0},{"damage":31.0,"enemies":"Gremlin Nob","floor":10.0,"turns":4.0},{"damage":3.0,"enemies":"3 Louse","floor":12.0,"turns":2.0},{"damage":9.0,"enemies":"Red Slaver","floor":13.0,"turns":2.0},{"damage":5.0,"enemies":"Blue Slaver","floor":14.0,"turns":3.0},{"damage":15.0,"enemies":"Hexaghost","floor":16.0,"turns":7.0},{"damage":22.0,"enemies":"Spheric Guardian","floor":18.0,"turns":4.0},{"damage":7.0,"enemies":"3 Byrds","floor":20.0,"turns":3.0},{"damage":29.0,"enemies":"Centurion and Healer","floor":22.0,"turns":5.0},{"damage":15.0,"enemies":"Book of Stabbing","floor":23.0,"turns":6.0},{"damage":8.0,"enemies":"Snecko","floor":24.0,"turns":4.0},{"damage":11.0,"enemies":"Snake Plant","floor":30.0,"turns":4.0},{"damage":29,"enemies":"Slavers","floor":31,"turns":4},{"damage":94,"enemies":"Collector","floor":33,"turns":7}],"seed_played":"-290055813576519109","potions_obtained":[{"floor":3.0,"key":"Dexterity Potion"},{"floor":12.0,"key":"Block Potion"},{"floor":24.0,"key":"Energy Potion"},{"floor":30.0,"key":"AttackPotion"}],"is_trial":false,"path_per_floor":["M","M","M","?","M","R","M","R","T","E","$","M","M","M","R","B",null,"M","?","M","$","M","E","M","$","T","$","?","R","M","E","R","B"],"character_chosen":"IRONCLAD","items_purchased":["Membership Card","Strawberry"],"campfire_rested":2,"item_purchase_floors":[11,21],"current_hp_per_floor":[73,71,74,67,55,55,55,55,55,30,30,33,30,31,31,22,62,46,46,45,52,29,20,18,18,18,18,18,42,37,14,38,0],"gold":48,"neow_bonus":"UPGRADE_CARD","is_prod":false,"is_daily":false,"chose_seed":false,"campfire_upgraded":3,"win_rate":0,"timestamp":1564965087,"path_taken":["M","?","M","?","M","R","M","R","T","E","$","M","M","M","R","BOSS","M","?","M","$","M","E","M","$","T","?","?","R","M","E","R","BOSS"],"build_version":"2019-07-17","purchased_purges":3,"victory":false,"max_hp_per_floor":[75,75,75,75,75,75,75,75,75,75,75,75,75,75,75,75,75,75,75,75,82,82,82,82,82,82,82,82,82,82,82,82,82],"card_choices":[{"not_picked":["True Grit","Armaments"],"picked":"Headbutt","floor":1.0},{"not_picked":["Havoc","Power Through"],"picked":"Clothesline","floor":2.0},{"not_picked":["Second Wind","Flex"],"picked":"Shockwave","floor":3.0},{"not_picked":["Sentinel","Clothesline"],"picked":"Seeing Red","floor":5.0},{"not_picked":["Sentinel","Shockwave"],"picked":"Havoc","floor":7.0},{"not_picked":["Clash","Fiend Fire"],"picked":"Whirlwind","floor":10.0},{"not_picked":["Perfected Strike","Hemokinesis"],"picked":"Rampage","floor":12.0},{"not_picked":["Clash","Armaments","Anger"],"picked":"SKIP","floor":13.0},{"not_picked":["Evolve","Shockwave"],"picked":"Ghostly Armor","floor":14.0},{"not_picked":["Double Tap","Brutality"],"picked":"Bludgeon","floor":16.0},{"not_picked":["Fire Breathing","Second Wind"],"picked":"Spot Weakness+1","floor":18.0},{"not_picked":["Body Slam","Iron Wave","Perfected Strike"],"picked":"SKIP","floor":20.0},{"not_picked":["Perfected Strike","Flex"],"picked":"Disarm","floor":22.0},{"not_picked":["Infernal Blade","Thunderclap","Sword Boomerang"],"picked":"SKIP","floor":23.0},{"not_picked":["Clash","Warcry"],"picked":"Pummel","floor":24.0},{"not_picked":["Flex","Searing Blow"],"picked":"Shrug It Off","floor":30.0},{"not_picked":["Thunderclap","Bludgeon"],"picked":"Pommel Strike","floor":31}],"player_experience":471119,"relics_obtained":[{"floor":9.0,"key":"Charon\u0027s Ashes"},{"floor":10.0,"key":"Letter Opener"},{"floor":23.0,"key":"Ice Cream"},{"floor":26.0,"key":"Vajra"},{"floor":31,"key":"Champion Belt"}],"event_choices":[{"cards_removed":["Strike_R"],"damage_healed":0.0,"max_hp_gain":0.0,"max_hp_loss":0.0,"gold_gain":0.0,"event_name":"Golden Wing","player_choice":"Card Removal","floor":4.0,"gold_loss":0.0,"damage_taken":7.0},{"damage_healed":0.0,"max_hp_gain":0.0,"max_hp_loss":0.0,"gold_gain":0.0,"event_name":"The Woman in Blue","player_choice":"Bought 1 Potion","floor":19.0,"gold_loss":0.0,"damage_taken":0.0},{"damage_healed":0.0,"max_hp_gain":0.0,"max_hp_loss":0.0,"gold_gain":0.0,"event_name":"Masked Bandits","player_choice":"Paid Fearfully","floor":28.0,"gold_loss":1.0,"damage_taken":0.0}],"is_beta":false,"boss_relics":[{"not_picked":["Pandora\u0027s Box","Black Star"],"picked":"Lizard Tail"}],"items_purged_floors":[21,25,27],"is_endless":false,"potions_floor_spawned":[3,12,13,14,16,20,24,30],"killed_by":"Collector","ascension_level":15}