{"gold_per_floor":[212,212,212,227,227,227,248,16,16,56,56,79,99,39,39,132,195,215,236,161,176,200,200,200],"floor_reached":24,"playtime":860,"items_purged":["Strike_G"],"score":396,"play_id":"98a9c540-177c-4350-8ded-fc7370c7cd48","local_time":"20190407095344","is_ascension_mode":true,"campfire_choices":[{"data":"Catalyst","floor":6.0,"key":"SMITH"},{"data":"Noxious Fumes","floor":11.0,"key":"SMITH"},{"data":"Poisoned Stab","floor":15.0,"key":"SMITH"},{"data":"Well Laid Plans","floor":23,"key":"SMITH"}],"neow_cost":"NONE","seed_source_timestamp":16454706832691,"circlet_count":0,"master_deck":["AscendersBane","Defend_G","Defend_G","Defend_G","Defend_G+1","Defend_G","Strike_G","Strike_G","Strike_G","Survivor","Neutralize","Poisoned Stab+1","Catalyst+1","Noxious Fumes+1","Venomology","After Image","Well Laid Plans+1","Backflip","Deflect+1"],"special_seed":0,"relics":["Ring of the Snake","Bronze Scales","Golden Idol","The Courier","ClockworkSouvenir","Juzu Bracelet","Molten Egg 2","Tiny House"],"potions_floor_usage":[18,18,19,21,22,24],"damage_taken":[{"damage":5.0,"enemies":"Small Slimes","floor":1.0,"turns":7.0},{"damage":0.0,"enemies":"Jaw Worm","floor":4.0,"turns":3.0},{"damage":1.0,"enemies":"Cultist","floor":7.0,"turns":3.0},{"damage":20.0,"enemies":"Gremlin Nob","floor":10.0,"turns":4.0},{"damage":4.0,"enemies":"Looter","floor":12.0,"turns":4.0},{"damage":6.0,"enemies":"Exordium Thugs","floor":13.0,"turns":4.0},{"damage":13.0,"enemies":"Slime Boss","floor":16.0,"turns":8.0},{"damage":3,"enemies":"2 Thieves","floor":18,"turns":5},{"damage":0,"enemies":"Shell Parasite","floor":19,"turns":5},{"damage":13,"enemies":"Snake Plant","floor":21,"turns":6},{"damage":1,"enemies":"Centurion and Healer","floor":22,"turns":7},{"damage":0,"enemies":"Slavers","floor":24,"turns":1}],"seed_played":"8803753684514341006","potions_obtained":[{"floor":10.0,"key":"Explosive Potion"},{"floor":16.0,"key":"Block Potion"},{"floor":21,"key":"Fruit Juice"}],"is_trial":false,"path_per_floor":["M","?","?","M","T","R","M","$","T","E","R","M","M","$","R","B",null,"M","M","?","M","M","R","E"],"character_chosen":"THE_SILENT","items_purchased":["Noxious Fumes","ClockworkSouvenir"],"campfire_rested":0,"item_purchase_floors":[8,8],"current_hp_per_floor":[54,49,49,49,49,49,48,48,48,28,28,24,18,18,18,5,51,48,48,48,40,39,39,39],"gold":200,"neow_bonus":"HUNDRED_GOLD","is_prod":false,"is_daily":false,"chose_seed":false,"campfire_upgraded":4,"win_rate":0,"timestamp":1554602024,"path_taken":["M","?","?","M","?","R","M","$","T","E","R","M","M","?","R","BOSS","M","M","?","M","M","R","E"],"build_version":"2019-01-23","purchased_purges":1,"victory":false,"max_hp_per_floor":[66,66,60,60,60,60,60,60,60,60,60,60,60,60,60,60,65,65,65,65,70,70,70,70],"card_choices":[{"not_picked":["Deflect","Expertise"],"picked":"Poisoned Stab","floor":1.0},{"not_picked":["Backflip","Bane"],"picked":"Catalyst","floor":4.0},{"not_picked":["Accuracy","Acrobatics","Prepared"],"picked":"SKIP","floor":7.0},{"not_picked":["Accuracy","Acrobatics","Prepared"],"picked":"SKIP","floor":7.0},{"not_picked":["Dodge and Roll","Backflip"],"picked":"Venomology","floor":10.0},{"not_picked":["Crippling Poison","Prepared","Riddle With Holes+1"],"picked":"SKIP","floor":12.0},{"not_picked":["Dagger Throw+1","Acrobatics","Bane+1"],"picked":"SKIP","floor":13.0},{"not_picked":["Phantasmal Killer","Doppelganger"],"picked":"After Image","floor":16.0},{"not_picked":["All Out Attack+1","Blade Dance"],"picked":"Well Laid Plans","floor":17.0},{"not_picked":["Blade Dance","Masterful Stab+1"],"picked":"Backflip","floor":18},{"not_picked":["Deflect","Dagger Throw+1","Prepared"],"picked":"SKIP","floor":19},{"not_picked":["Bane+1","Dodge and Roll","Dagger Throw+1"],"picked":"SKIP","floor":21},{"not_picked":["Blur","Flechettes+1"],"picked":"Deflect+1","floor":22}],"player_experience":4115647,"relics_obtained":[{"floor":5.0,"key":"The Courier"},{"floor":9.0,"key":"Juzu Bracelet"},{"floor":10.0,"key":"Molten Egg 2"}],"event_choices":[{"damage_healed":0.0,"max_hp_gain":0.0,"max_hp_loss":0.0,"gold_gain":0.0,"event_name":"Scrap Ooze","player_choice":"Success","floor":2.0,"gold_loss":0.0,"damage_taken":5.0,"relics_obtained":["Bronze Scales"]},{"damage_healed":0.0,"max_hp_gain":0.0,"max_hp_loss":6.0,"gold_gain":0.0,"event_name":"Golden Idol","player_choice":"Lose Max HP","floor":3.0,"gold_loss":0.0,"damage_taken":0.0,"relics_obtained":["Golden Idol"]},{"cards_removed":["Strike_G"],"damage_healed":0,"gold_gain":0,"player_choice":"Gave Gold","damage_taken":0,"max_hp_gain":0,"max_hp_loss":0,"event_name":"Beggar","floor":20,"gold_loss":75}],"is_beta":false,"boss_relics":[{"not_picked":["Black Star","HoveringKite"],"picked":"Tiny House"}],"items_purged_floors":[14],"is_endless":false,"potions_floor_spawned":[10,13,16,21],"killed_by":"Slavers","ascension_level":20}