{"gold_per_floor":[215,19,34,34,84,84,47,66,66,366,379,379,391,406,406,479,529,540,198,198,248,262,262,262,162,189,189,189],"floor_reached":28,"playtime":645,"items_purged":["Strike_B","Strike_B"],"score":391,"play_id":"22d8ab9c-7106-498c-a2bc-2fd0960801fa","local_time":"20181219131538","is_ascension_mode":true,"campfire_choices":[{"data":"Apotheosis","floor":6.0,"key":"SMITH"},{"floor":12.0,"key":"REST"},{"floor":15.0,"key":"REST"},{"floor":23,"key":"REST"},{"floor":27,"key":"RECALL"}],"neow_cost":"NONE","seed_source_timestamp":13973569687307,"circlet_count":0,"master_deck":["AscendersBane","Strike_B","Strike_B","Defend_B","Defend_B","Defend_B","Defend_B","Zap","Dualcast","Streamline","Apotheosis+1","Loop","Glacier","Loop+1","Leap","Multi-Cast","Defragment","Coolheaded","Multi-Cast","Capacitor"],"special_seed":0,"relics":["Cracked Core","Mummified Hand","Old Coin","Tiny House","Question Card","Regal Pillow"],"potions_floor_usage":[18,28],"damage_taken":[{"damage":7.0,"enemies":"Small Slimes","floor":1.0,"turns":4.0},{"damage":7.0,"enemies":"Jaw Worm","floor":3.0,"turns":3.0},{"damage":2.0,"enemies":"2 Louse","floor":8.0,"turns":3.0},{"damage":4.0,"enemies":"2 Fungi Beasts","floor":11.0,"turns":3.0},{"damage":3.0,"enemies":"Looter","floor":13.0,"turns":2.0},{"damage":0.0,"enemies":"Blue Slaver","floor":14.0,"turns":5.0},{"damage":24.0,"enemies":"Slime Boss","floor":16.0,"turns":10.0},{"damage":23,"enemies":"3 Byrds","floor":18,"turns":4},{"damage":14,"enemies":"Colosseum Slavers","floor":20,"turns":7},{"damage":9,"enemies":"Spheric Guardian","floor":22,"turns":7},{"damage":49,"enemies":"Gremlin Leader","floor":28,"turns":5}],"seed_played":"-8320310974154878986","potions_obtained":[{"floor":3.0,"key":"Block Potion"},{"floor":11.0,"key":"Regen Potion"},{"floor":17.0,"key":"Fire Potion"},{"floor":18,"key":"Swift Potion"},{"floor":22,"key":"Explosive Potion"}],"is_trial":false,"path_per_floor":["M","$","M","?","T","R","$","M","T","?","M","R","M","M","R","B",null,"M","$","?","?","M","R","?","$","T","R","E"],"character_chosen":"DEFECT","items_purchased":["Apotheosis","Loop","Question Card"],"campfire_rested":3,"item_purchase_floors":[2,7,19],"current_hp_per_floor":[57,57,50,50,50,50,50,48,48,13,9,30,27,27,48,39,68,45,45,31,31,22,44,44,44,44,44,0],"gold":189,"neow_bonus":"HUNDRED_GOLD","is_prod":false,"is_daily":false,"chose_seed":false,"campfire_upgraded":1,"win_rate":0,"timestamp":1545196538,"path_taken":["M","$","M","?","?","R","$","M","T","?","M","R","M","M","R","BOSS","M","$","?","?","M","R","?","?","T","R","E"],"build_version":"2018-12-13","purchased_purges":2,"victory":false,"max_hp_per_floor":[71,71,71,71,71,71,71,71,71,71,71,71,71,71,71,71,76,76,76,76,76,76,76,76,76,76,76,76],"card_choices":[{"not_picked":["Conserve Battery","FTL"],"picked":"Streamline","floor":1.0},{"not_picked":["Tempest","Force Field","Steam"],"picked":"SKIP","floor":3.0},{"not_picked":["Heatsinks","Steam","Stack"],"picked":"SKIP","floor":8.0},{"not_picked":["Leap","Hello World"],"picked":"Glacier","floor":11.0},{"not_picked":["Steam","Darkness"],"picked":"Loop","floor":13.0},{"not_picked":["Gash","FTL"],"picked":"Leap","floor":14.0},{"not_picked":["Rainbow","Thunder Strike"],"picked":"Multi-Cast","floor":16.0},{"not_picked":["Turbo","Conserve Battery"],"picked":"Defragment","floor":17.0},{"not_picked":["Go for the Eyes","Streamline"],"picked":"Coolheaded","floor":18},{"not_picked":["FTL","Redo","Auto Shields"],"picked":"Multi-Cast","floor":22}],"player_experience":1374656,"relics_obtained":[{"floor":9.0,"key":"Mummified Hand"},{"floor":26,"key":"Regal Pillow"}],"event_choices":[{"damage_healed":0.0,"max_hp_gain":0.0,"max_hp_loss":0.0,"gold_gain":0.0,"event_name":"The Cleric","player_choice":"Leave","floor":4.0,"gold_loss":0.0,"damage_taken":0.0},{"damage_healed":0.0,"max_hp_gain":0.0,"max_hp_loss":0.0,"gold_gain":0.0,"event_name":"Scrap Ooze","player_choice":"Success","floor":10.0,"gold_loss":0.0,"damage_taken":35.0,"relics_obtained":["Old Coin"]},{"damage_healed":0,"gold_gain":0,"player_choice":"Fight","damage_taken":0,"max_hp_gain":0,"max_hp_loss":0,"event_name":"Colosseum","floor":20,"gold_loss":0},{"damage_healed":0,"gold_gain":0,"player_choice":"Fled From Nobs","damage_taken":0,"max_hp_gain":0,"max_hp_loss":0,"event_name":"Colosseum","floor":20,"gold_loss":0},{"damage_healed":0,"gold_gain":50,"player_choice":"Stole From Cult","damage_taken":0,"max_hp_gain":0,"max_hp_loss":0,"event_name":"Nest","floor":21,"gold_loss":0},{"damage_healed":0,"gold_gain":0,"player_choice":"Read","damage_taken":0,"max_hp_gain":0,"max_hp_loss":0,"event_name":"The Library","floor":24,"gold_loss":0,"cards_obtained":["Capacitor"]}],"is_beta":false,"boss_relics":[{"not_picked":["Calling Bell","Ectoplasm"],"picked":"Tiny House"}],"items_purged_floors":[19,25],"is_endless":false,"potions_floor_spawned":[3,11,18,22],"killed_by":"Gremlin Leader","ascension_level":18}