{"gold_per_floor":[112,28,28,28,46,74,74,149,149,149,74,74,109,109,109,109],"floor_reached":16,"playtime":241,"items_purged":["Regret"],"score":258,"play_id":"54fb4d47-e4ea-4fb0-9016-0aa16fbdac66","local_time":"20181120233929","is_ascension_mode":true,"campfire_choices":[{"data":"Footwork","floor":7,"key":"SMITH"},{"data":"Prepared","floor":12,"key":"SMITH"},{"data":"Neutralize","floor":15,"key":"SMITH"}],"neow_cost":"NONE","seed_source_timestamp":17615823848227,"circlet_count":0,"master_deck":["AscendersBane","Defend_G","Defend_G","Defend_G","Defend_G","Defend_G","Strike_G","Strike_G","Strike_G","Survivor","Neutralize+1","Prepared+1","Footwork+1","Adrenaline","Outmaneuver"],"relics":["Ring of the Snake","NeowsBlessing","Bird Faced Urn","Orichalcum","Ninja Scroll","Regal Pillow"],"potions_floor_usage":[13],"damage_taken":[{"damage":0,"enemies":"Jaw Worm","floor":1,"turns":1},{"damage":0,"enemies":"Small Slimes","floor":5,"turns":1},{"damage":0,"enemies":"Lagavulin","floor":6,"turns":1},{"damage":10,"enemies":"3 Sentries","floor":13,"turns":9},{"damage":19,"enemies":"The Guardian","floor":16,"turns":9}],"seed_played":"2976919760954920071","potions_obtained":[{"floor":1,"key":"PowerPotion"},{"floor":5,"key":"GhostInAJar"},{"floor":13,"key":"Dexterity Potion"}],"is_trial":false,"path_per_floor":["M","$","?","?","M","E","R","?","T","?","$","R","E","?","R","B"],"character_chosen":"THE_SILENT","items_purchased":["Footwork"],"campfire_rested":0,"item_purchase_floors":[2],"current_hp_per_floor":[59,59,52,52,52,52,52,41,41,41,41,41,35,35,35,18],"gold":109,"neow_bonus":"THREE_ENEMY_KILL","is_prod":false,"is_daily":false,"chose_seed":false,"campfire_upgraded":3,"win_rate":0,"timestamp":1542728369,"path_taken":["M","$","?","?","?","E","R","?","T","?","$","R","E","?","R","BOSS"],"build_version":"2018-11-15","purchased_purges":1,"victory":false,"max_hp_per_floor":[66,66,66,66,66,66,66,66,66,66,66,66,66,66,66,66],"card_choices":[{"not_picked":["Distraction","Dodge and Roll"],"picked":"Prepared","floor":1},{"not_picked":["PiercingWail","Prepared","Quick Slash"],"picked":"SKIP","floor":5},{"not_picked":["Underhanded Strike","Blade Dance"],"picked":"Adrenaline","floor":6},{"not_picked":["Choke","Finisher","Distraction"],"picked":"SKIP","floor":13}],"player_experience":1128371,"relics_obtained":[{"floor":6,"key":"Bird Faced Urn"},{"floor":9,"key":"Orichalcum"},{"floor":13,"key":"Regal Pillow"}],"event_choices":[{"cards_removed":["Strike_G"],"damage_healed":0,"gold_gain":0,"player_choice":"Card Removal","damage_taken":7,"max_hp_gain":0,"max_hp_loss":0,"event_name":"Golden Wing","floor":3,"gold_loss":0},{"damage_healed":0,"gold_gain":0,"player_choice":"Leave","damage_taken":0,"max_hp_gain":0,"max_hp_loss":0,"event_name":"The Cleric","floor":4,"gold_loss":0},{"damage_healed":0,"gold_gain":75,"player_choice":"Gather Gold","damage_taken":11,"max_hp_gain":0,"max_hp_loss":0,"event_name":"World of Goop","floor":8,"gold_loss":0},{"damage_healed":0,"gold_gain":0,"player_choice":"Box","damage_taken":0,"relics_obtained":["Ninja Scroll"],"max_hp_gain":0,"max_hp_loss":0,"event_name":"Big Fish","floor":10,"gold_loss":0,"cards_obtained":["Regret"]},{"damage_healed":0,"gold_gain":0,"cards_transformed":["Strike_G"],"player_choice":"Change","damage_taken":0,"max_hp_gain":0,"max_hp_loss":0,"event_name":"Living Wall","floor":14,"gold_loss":0,"cards_obtained":["Outmaneuver"]}],"is_beta":true,"boss_relics":[],"items_purged_floors":[11],"is_endless":false,"potions_floor_spawned":[1,5,13],"killed_by":"The Guardian","ascension_level":20}