{"path_per_floor":["M","M","M","M","M","R","?","R","T","$","?","E","M","?","R","B",null,"M","?","M","T","$","M","R","?","T","M","E","M","R","M","R","B",null,"M","?","$","M","M","R","E","R","T","M","T","?","M","M","R"],"character_chosen":"DEFECT","items_purchased":["Aggregate","DataDisk"],"gold_per_floor":[114,129,144,159,174,174,174,174,174,30,30,60,75,75,75,175,175,190,190,205,255,255,270,270,270,350,365,395,410,410,425,425,525,525,540,540,390,405,420,420,450,450,450,465,490,490,505,520,520,520],"floor_reached":50,"campfire_rested":0,"playtime":3199,"current_hp_per_floor":[73,72,66,66,58,58,58,58,58,58,63,46,46,46,46,5,69,68,67,66,65,64,63,62,61,60,59,55,52,52,54,54,49,52,47,47,47,44,25,25,12,12,12,21,21,21,24,26,26,0],"items_purged":["Rainbow"],"gold":520,"score":496,"play_id":"1758b2f1-6407-4f20-b7b1-d7578e5ef839","local_time":"20180506115742","daily_mods":["Shiny","Uncertain Future","Terminal"],"is_prod":false,"is_daily":true,"chose_seed":false,"is_ascension_mode":false,"campfire_upgraded":9,"timestamp":1525579062,"path_taken":["M","M","M","M","M","R","?","R","T","$","?","E","M","?","R","BOSS","M","?","M","?","$","M","R","?","T","M","E","M","R","M","R","BOSS","M","?","$","M","M","R","E","R","T","M","?","?","M","M","R","BOSS"],"build_version":"2018-05-03","seed_source_timestamp":0,"purchased_purges":1,"victory":false,"master_deck":["Multi-Cast+1","Hyperbeam","Thunder Strike+1","Biased Cognition","Machine Learning","Seek+1","Meteor Strike+1","Echo Form","All For One","Reboot+1","Nova","Amplify+1","Fusion+1","Creative AI","Fission","Ball Lightning","Beam Cell","Scrape","Leap","Tempest+1","Aggregate+1","Self Repair","Seek+1","Rebound","Axe Kick","Zap+1","Storm+1","Fusion+1","Skim+1","Hologram+1","Double Energy+1","Scrape+1","Loop+1"],"max_hp_per_floor":[73,72,71,70,69,68,74,73,72,71,75,74,73,72,71,70,69,68,67,66,65,64,63,62,61,60,59,58,57,56,55,54,53,52,51,50,49,48,47,46,45,44,43,42,41,40,39,38,37,37],"relics":["Cracked Core","Strawberry","Toxic Egg 2","Dodecahedron","Sozu","Bag of Preparation","Tiny Chest","Blood Vial","Snecko Eye","DataDisk","Oddly Smooth Stone","The Courier","Juzu Bracelet"],"card_choices":[{"not_picked":["Reinforced Body","Stack"],"picked":"Ball Lightning","floor":1},{"not_picked":["Buffer","Hologram"],"picked":"Beam Cell","floor":2},{"not_picked":["Go for the Eyes","Aggregate"],"picked":"Scrape","floor":3},{"not_picked":["Beam Cell","Go for the Eyes"],"picked":"Leap","floor":4},{"not_picked":["Loop","Conserve Battery"],"picked":"Tempest","floor":5},{"not_picked":["BootSequence","Static Discharge"],"picked":"Self Repair","floor":12},{"not_picked":["Fission","Machine Learning"],"picked":"Seek","floor":16},{"not_picked":["Leap","Turbo"],"picked":"Rebound","floor":18},{"not_picked":["Steam Power","Sweeping Beam"],"picked":"Axe Kick","floor":20},{"not_picked":["Loop","Static Discharge"],"picked":"Storm","floor":31},{"not_picked":["Meteor Strike","Creative AI"],"picked":"Fusion","floor":33},{"not_picked":["Ball Lightning","Beam Cell"],"picked":"Skim","floor":35},{"not_picked":["Beam Cell","Ball Lightning"],"picked":"Hologram","floor":38},{"not_picked":["Recycle","Capacitor"],"picked":"Double Energy","floor":44},{"not_picked":["Hologram","Gash"],"picked":"Scrape","floor":47},{"not_picked":["Rebound","Sweeping Beam"],"picked":"Loop","floor":48}],"player_experience":457163,"potions_floor_usage":[12,16,16,28],"damage_taken":[{"damage":0,"enemies":"Small Slimes","floor":1,"turns":1},{"damage":0,"enemies":"Cultist","floor":2,"turns":2},{"damage":6,"enemies":"Jaw Worm","floor":3,"turns":2},{"damage":0,"enemies":"Large Slime","floor":4,"turns":3},{"damage":8,"enemies":"Red Slaver","floor":5,"turns":2},{"damage":17,"enemies":"Gremlin Nob","floor":12,"turns":3},{"damage":0,"enemies":"2 Fungi Beasts","floor":13,"turns":2},{"damage":41,"enemies":"Hexaghost","floor":16,"turns":7},{"damage":0,"enemies":"3 Byrds","floor":18,"turns":1},{"damage":0,"enemies":"Chosen","floor":20,"turns":2},{"damage":0,"enemies":"Snake Plant","floor":23,"turns":1},{"damage":0,"enemies":"Chosen and Byrds","floor":27,"turns":1},{"damage":4,"enemies":"Gremlin Leader","floor":28,"turns":2},{"damage":5,"enemies":"Sentry and Sphere","floor":29,"turns":3},{"damage":0,"enemies":"Snake Plant","floor":31,"turns":2},{"damage":12,"enemies":"Champ","floor":33,"turns":5},{"damage":5,"enemies":"Orb Walker","floor":35,"turns":2},{"damage":5,"enemies":"3 Darklings","floor":38,"turns":2},{"damage":21,"enemies":"Spire Growth","floor":39,"turns":3},{"damage":22,"enemies":"Giant Head","floor":41,"turns":6},{"damage":0,"enemies":"Sphere and 2 Shapes","floor":44,"turns":3},{"damage":13,"enemies":"Maw","floor":47,"turns":3},{"damage":0,"enemies":"Flame Bruiser 2 Orb","floor":48,"turns":2},{"damage":41,"enemies":"Awakened One","floor":50,"turns":3}],"event_choices":[{"event_name":"Scrap Ooze","player_choice":"success","floor":7,"damage_taken":7},{"event_name":"Big Fish","player_choice":"Donut","floor":11,"damage_taken":0},{"event_name":"Liars Game","player_choice":"disagreed","floor":14,"damage_taken":0},{"event_name":"Back to Basics","player_choice":"Elegance","floor":19,"damage_taken":0},{"event_name":"Match and Keep!","player_choice":"1 cards matched","floor":25,"damage_taken":0},{"event_name":"SecretPortal","player_choice":"Rejected Portal.","floor":36,"damage_taken":0},{"event_name":"Purifier","player_choice":"One Purge","floor":46,"damage_taken":0}],"boss_relics":[{"not_picked":["Eternal Feather","Pandora\u0027s Box"],"picked":"Sozu"},{"not_picked":["Lizard Tail","Velvet Choker"],"picked":"Snecko Eye"}],"potions_floor_spawned":[1,3,4,13,18,23,29,35,44,47,48],"seed_played":"-5471539698624743704","killed_by":"Awakened One","ascension_level":0,"is_trial":false}