{"gold_per_floor":[113,68,84,109,119,119,144,161,161,193,193,193],"floor_reached":12,"playtime":260,"items_purged":[],"score":141,"play_id":"9fb401b8-1914-4659-97e2-fb4e18f8f96e","local_time":"20181026132418","is_ascension_mode":true,"campfire_choices":[{"data":"Streamline","floor":6,"key":"SMITH"},{"data":"Defragment","floor":11,"key":"SMITH"}],"neow_cost":"NONE","seed_source_timestamp":79482428291439,"circlet_count":0,"master_deck":["Strike_B","Strike_B","Strike_B","Strike_B","Defend_B","Defend_B","Defend_B","Defend_B","Zap","Dualcast","AscendersBane","Streamline+1","BootSequence","Ball Lightning","Defragment+1","Blizzard","Rainbow"],"relics":["Runic Dome","Bag of Marbles","Calipers","Smiling Mask","Emotion Chip"],"potions_floor_usage":[7,12],"damage_taken":[{"damage":0,"enemies":"Cultist","floor":1,"turns":4},{"damage":6,"enemies":"2 Louse","floor":3,"turns":2},{"damage":2,"enemies":"Jaw Worm","floor":5,"turns":3},{"damage":8,"enemies":"Gremlin Nob","floor":7,"turns":3},{"damage":6,"enemies":"Exordium Wildlife","floor":8,"turns":4},{"damage":30,"enemies":"Lagavulin","floor":10,"turns":5},{"damage":31,"enemies":"Gremlin Nob","floor":12,"turns":3}],"seed_played":"-6003249249253509560","potions_obtained":[{"floor":1,"key":"FocusPotion"},{"floor":3,"key":"Explosive Potion"},{"floor":10,"key":"Fire Potion"}],"is_trial":false,"path_per_floor":["M","$","M","T","M","R","E","M","T","E","R"],"character_chosen":"DEFECT","items_purchased":["Streamline"],"campfire_rested":0,"item_purchase_floors":[2],"current_hp_per_floor":[68,68,62,62,60,60,52,46,46,16,16,0],"gold":193,"neow_bonus":"BOSS_RELIC","is_prod":false,"is_daily":false,"chose_seed":false,"campfire_upgraded":2,"win_rate":0,"timestamp":1540531458,"path_taken":["M","$","?","?","M","R","E","M","T","E","R","E"],"build_version":"2018-10-25","purchased_purges":0,"victory":false,"max_hp_per_floor":[75,75,75,75,75,75,75,75,75,75,75,75],"card_choices":[{"not_picked":["Steam","Gash","Doom and Gloom"],"picked":"SKIP","floor":1},{"not_picked":["Compile Driver","Steam"],"picked":"BootSequence","floor":3},{"not_picked":["Rebound","Stack"],"picked":"Ball Lightning","floor":5},{"not_picked":["Scrape","Streamline"],"picked":"Defragment","floor":7},{"not_picked":["Streamline","Barrage"],"picked":"Blizzard","floor":8},{"not_picked":["Reprogram","Darkness"],"picked":"Rainbow","floor":10}],"player_experience":397481,"relics_obtained":[{"floor":4,"key":"Bag of Marbles"},{"floor":7,"key":"Calipers"},{"floor":9,"key":"Smiling Mask"},{"floor":10,"key":"Emotion Chip"}],"event_choices":[],"is_beta":false,"boss_relics":[],"items_purged_floors":[],"is_endless":false,"potions_floor_spawned":[1,3,10],"killed_by":"Gremlin Nob","ascension_level":12}