{"gold_per_floor":[213,224,238,252,118,118,138,149,172,172,172,172,183,83,83,83],"floor_reached":16,"playtime":442,"items_purged":["Strike_R","Strike_R"],"score":188,"play_id":"7b565d34-ba59-439c-9835-b8ddb503c9ef","local_time":"20190211150407","is_ascension_mode":true,"campfire_choices":[{"data":"True Grit","floor":6.0,"key":"SMITH"},{"data":"Feel No Pain","floor":15,"key":"SMITH"}],"neow_cost":"NONE","seed_source_timestamp":1202791342635217,"circlet_count":0,"master_deck":["AscendersBane","Strike_R","Strike_R","Defend_R+1","Defend_R","Defend_R","Defend_R","Bash+1","Feel No Pain+1","True Grit+1","Shrug It Off"],"special_seed":0,"relics":["Burning Blood","Red Skull","Oddly Smooth Stone"],"potions_floor_usage":[],"damage_taken":[{"damage":2.0,"enemies":"Cultist","floor":1.0,"turns":4.0},{"damage":10.0,"enemies":"Small Slimes","floor":2.0,"turns":3.0},{"damage":12.0,"enemies":"Jaw Worm","floor":3.0,"turns":4.0},{"damage":26.0,"enemies":"3 Louse","floor":4.0,"turns":6.0},{"damage":14.0,"enemies":"2 Fungi Beasts","floor":7.0,"turns":6.0},{"damage":14.0,"enemies":"Blue Slaver","floor":8.0,"turns":9.0},{"damage":0,"enemies":"Red Slaver","floor":13,"turns":5},{"damage":13,"enemies":"Hexaghost","floor":16,"turns":7}],"seed_played":"7516559631389683795","potions_obtained":[{"floor":1.0,"key":"Dexterity Potion"},{"floor":3.0,"key":"Ancient Potion"}],"is_trial":false,"path_per_floor":["M","M","M","M","$","R","M","M","T","?","T","?","M","$","R","B"],"character_chosen":"IRONCLAD","items_purchased":["Shrug It Off"],"campfire_rested":0,"item_purchase_floors":[5],"current_hp_per_floor":[72,68,62,42,42,42,34,26,26,3,3,3,9,9,9,0],"gold":83,"neow_bonus":"HUNDRED_GOLD","is_prod":false,"is_daily":false,"chose_seed":false,"campfire_upgraded":2,"win_rate":0,"timestamp":1549868647,"path_taken":["M","?","?","M","$","R","M","M","T","?","?","?","M","$","R","BOSS"],"build_version":"2019-01-23","purchased_purges":2,"victory":false,"max_hp_per_floor":[75,75,75,75,75,75,75,75,75,75,75,75,75,75,75,75],"card_choices":[{"not_picked":["Infernal Blade","Twin Strike"],"picked":"Feel No Pain","floor":1.0},{"not_picked":["Pummel","Headbutt","Dual Wield"],"picked":"SKIP","floor":2.0},{"not_picked":["Whirlwind","Twin Strike"],"picked":"True Grit","floor":3.0},{"not_picked":["Havoc","Infernal Blade","Dual Wield"],"picked":"SKIP","floor":4.0},{"not_picked":["Twin Strike","Sword Boomerang","Warcry"],"picked":"SKIP","floor":7.0},{"not_picked":["Fire Breathing","Warcry","Searing Blow"],"picked":"SKIP","floor":8.0},{"not_picked":["Armaments","Sentinel","Warcry"],"picked":"SKIP","floor":13}],"player_experience":721090,"relics_obtained":[{"floor":9.0,"key":"Red Skull"},{"floor":11.0,"key":"Oddly Smooth Stone"}],"event_choices":[{"damage_healed":0.0,"max_hp_gain":0.0,"max_hp_loss":0.0,"gold_gain":0.0,"event_name":"Shining Light","player_choice":"Entered Light","floor":10.0,"gold_loss":0.0,"damage_taken":23.0,"cards_upgraded":["Bash","Defend_R"]},{"cards_removed":["Strike_R"],"damage_healed":0,"gold_gain":0,"player_choice":"Forget","damage_taken":0,"max_hp_gain":0,"max_hp_loss":0,"event_name":"Living Wall","floor":12,"gold_loss":0}],"is_beta":false,"boss_relics":[],"items_purged_floors":[5,14],"is_endless":false,"potions_floor_spawned":[1,3],"killed_by":"Hexaghost","ascension_level":20}