{"gold_per_floor":[109,123,134,134,149,149,74,74,74,74],"floor_reached":10,"playtime":227,"items_purged":["Strike_G"],"score":116,"play_id":"ce42d71d-0880-4760-8b0c-d82069ec175a","local_time":"20190204192906","is_ascension_mode":true,"campfire_choices":[{"data":"Neutralize","floor":6,"key":"SMITH"}],"neow_cost":"NONE","seed_source_timestamp":37118417376410,"circlet_count":0,"master_deck":["AscendersBane","Defend_G","Defend_G","Defend_G","Defend_G","Strike_G","Strike_G","Strike_G","Strike_G","Survivor","Neutralize+1","Acrobatics"],"special_seed":0,"relics":["Ring of the Snake","Juzu Bracelet","Gambling Chip","Girya"],"potions_floor_usage":[],"damage_taken":[{"damage":0,"enemies":"2 Louse","floor":1,"turns":4},{"damage":3,"enemies":"Cultist","floor":2,"turns":4},{"damage":1,"enemies":"Small Slimes","floor":3,"turns":4},{"damage":0,"enemies":"2 Fungi Beasts","floor":5,"turns":5}],"seed_played":"-2296392691066792727","potions_obtained":[{"floor":1,"key":"Explosive Potion"},{"floor":2,"key":"FairyPotion"}],"is_trial":false,"path_per_floor":["M","M","M","?","M","R","$","?","T","R"],"character_chosen":"THE_SILENT","items_purchased":[],"campfire_rested":0,"item_purchase_floors":[],"current_hp_per_floor":[59,56,55,55,55,55,55,48,48,48],"gold":74,"neow_bonus":"RANDOM_COMMON_RELIC","is_prod":false,"is_daily":false,"chose_seed":false,"campfire_upgraded":1,"win_rate":0,"timestamp":1549279746,"path_taken":["M","M","M","?","M","R","?","?","T","R"],"build_version":"2019-01-23","purchased_purges":1,"victory":false,"max_hp_per_floor":[66,66,66,66,66,66,66,66,66,66],"card_choices":[{"not_picked":["Slice","Bane"],"picked":"Flechettes","floor":1},{"not_picked":["Crippling Poison","Flying Knee","Bane"],"picked":"SKIP","floor":2},{"not_picked":["Underhanded Strike","Endless Agony","Crippling Poison"],"picked":"SKIP","floor":3},{"not_picked":["Outmaneuver","Bane"],"picked":"Acrobatics","floor":5}],"player_experience":2519103,"relics_obtained":[{"floor":9,"key":"Girya"}],"event_choices":[{"cards_removed":["Flechettes"],"damage_healed":0,"gold_gain":0,"player_choice":"Gave Card","damage_taken":0,"relics_obtained":["Gambling Chip"],"max_hp_gain":0,"max_hp_loss":0,"event_name":"WeMeetAgain","floor":4,"gold_loss":0},{"cards_removed":["Defend_G"],"damage_healed":0,"gold_gain":0,"player_choice":"Card Removal","damage_taken":7,"max_hp_gain":0,"max_hp_loss":0,"event_name":"Golden Wing","floor":8,"gold_loss":0}],"is_beta":false,"boss_relics":[],"items_purged_floors":[7],"is_endless":false,"potions_floor_spawned":[1,2],"ascension_level":20}