{"gold_per_floor":[115,126,140,140,140,140,53,53,102,116,116,20,35,67,67,171,171,189,114,114,128,28,28,39,39,62,73,73,73,84,99,99,201,201,219,94,114,114,114,114,147,147,174,188,201,201,201,219,219,219],"floor_reached":51,"playtime":1455,"items_purged":["Strike_B","Defend_B","Sunder+1"],"score":852,"play_id":"2642f434-5936-416d-90a6-235b70125426","local_time":"20190618194132","is_ascension_mode":false,"campfire_choices":[{"data":"Consume","floor":6.0,"key":"SMITH"},{"data":"Zap","floor":8.0,"key":"SMITH"},{"data":"Dualcast","floor":11.0,"key":"SMITH"},{"data":"Impatience","floor":15.0,"key":"SMITH"},{"data":"Seek","floor":23,"key":"SMITH"},{"data":"Fission","floor":25,"key":"SMITH"},{"data":"Electrodynamics","floor":29,"key":"SMITH"},{"data":"Gash","floor":32,"key":"SMITH"},{"data":"Flash of Steel","floor":40,"key":"SMITH"},{"data":"Undo","floor":42,"key":"SMITH"},{"data":"Defend_B","floor":46,"key":"SMITH"},{"data":"Defend_B","floor":49,"key":"SMITH"}],"neow_cost":"NONE","seed_source_timestamp":33650421021922,"circlet_count":0,"master_deck":["Defend_B+1","Defend_B+1","Zap+1","Dualcast+1","Echo Form","Undo+1","Consume+1","Impatience+1","Flash of Steel+1","Gash+1","Fission+1","Seek+1","Electrodynamics+1","Seek+1"],"special_seed":0,"relics":["Cracked Core","PreservedInsect","Potion Belt","Nuclear Battery","Ancient Tea Set","Busted Crown","Regal Pillow","Anchor","Ice Cream"],"potions_floor_usage":[50],"damage_taken":[{"damage":5.0,"enemies":"Small Slimes","floor":1.0,"turns":5.0},{"damage":1.0,"enemies":"Cultist","floor":2.0,"turns":4.0},{"damage":0.0,"enemies":"2 Louse","floor":3.0,"turns":3.0},{"damage":28.0,"enemies":"Exordium Wildlife","floor":10.0,"turns":4.0},{"damage":0.0,"enemies":"Lots of Slimes","floor":13.0,"turns":4.0},{"damage":0.0,"enemies":"Lagavulin","floor":14.0,"turns":5.0},{"damage":28.0,"enemies":"Hexaghost","floor":16.0,"turns":8.0},{"damage":0,"enemies":"Spheric Guardian","floor":18,"turns":4},{"damage":0,"enemies":"Shell Parasite","floor":21,"turns":3},{"damage":2,"enemies":"Centurion and Healer","floor":24,"turns":3},{"damage":0,"enemies":"3 Cultists","floor":27,"turns":2},{"damage":0,"enemies":"Shelled Parasite and Fungi","floor":30,"turns":1},{"damage":0,"enemies":"Snake Plant","floor":31,"turns":2},{"damage":0,"enemies":"Collector","floor":33,"turns":4},{"damage":0,"enemies":"Orb Walker","floor":35,"turns":2},{"damage":0,"enemies":"3 Darklings","floor":37,"turns":2},{"damage":0,"enemies":"Reptomancer","floor":41,"turns":1},{"damage":0,"enemies":"Writhing Mass","floor":44,"turns":2},{"damage":0,"enemies":"Spire Growth","floor":45,"turns":2},{"damage":0,"enemies":"4 Shapes","floor":48,"turns":2},{"damage":0,"enemies":"Donu and Deca","floor":50,"turns":1}],"seed_played":"2645214170679882439","potions_obtained":[{"floor":1.0,"key":"Explosive Potion"},{"floor":3.0,"key":"Explosive Potion"},{"floor":18,"key":"EssenceOfSteel"},{"floor":24,"key":"SteroidPotion"},{"floor":30,"key":"PowerPotion"},{"floor":44,"key":"Swift Potion"}],"is_trial":false,"path_per_floor":["M","M","M","?","?","R","$","R","T","M","R","$","M","E","R","B",null,"M","$","?","M","$","R","M","R","T","M","$","R","M","M","R","B",null,"M","$","M","?","?","R","E","R","T","M","M","R","?","M","R","B",null],"character_chosen":"DEFECT","items_purchased":["Impatience","Flash of Steel"],"campfire_rested":0,"item_purchase_floors":[7,12],"current_hp_per_floor":[70,69,69,69,62,62,62,62,62,34,34,34,34,34,34,6,75,75,75,75,75,75,75,73,73,73,73,73,73,73,73,73,73,75,75,75,75,75,75,75,75,75,75,75,75,75,75,75,75,75],"gold":219,"neow_bonus":"TRANSFORM_CARD","is_prod":false,"is_daily":false,"chose_seed":false,"campfire_upgraded":12,"win_rate":0,"timestamp":1560858092,"path_taken":["M","M","M","?","?","R","$","R","T","M","R","$","M","E","R","BOSS","M","$","?","M","$","R","M","R","T","M","?","R","M","M","R","BOSS","M","$","M","?","?","R","E","R","T","?","M","R","?","?","R","BOSS"],"build_version":"2019-01-23","purchased_purges":3,"victory":true,"max_hp_per_floor":[75,75,75,75,75,75,75,75,75,75,75,75,75,75,75,75,75,75,75,75,75,75,75,75,75,75,75,75,75,75,75,75,75,75,75,75,75,75,75,75,75,75,75,75,75,75,75,75,75,75],"card_choices":[{"not_picked":["BootSequence","Doom and Gloom"],"picked":"Undo","floor":1.0},{"not_picked":["Sweeping Beam","Barrage","Hello World"],"picked":"SKIP","floor":2.0},{"not_picked":["Ball Lightning","Melter"],"picked":"Consume","floor":3.0},{"not_picked":["Hologram","Doom and Gloom","Stack"],"picked":"SKIP","floor":10.0},{"not_picked":["Aggregate","Gash","Consume"],"picked":"SKIP","floor":13.0},{"not_picked":["Aggregate","Consume"],"picked":"Gash","floor":13.0},{"not_picked":["Streamline","Aggregate","Force Field"],"picked":"SKIP","floor":14.0},{"not_picked":["Meteor Strike","Machine Learning"],"picked":"Fission","floor":16.0},{"not_picked":["Sweeping Beam","Compile Driver"],"picked":"Sunder+1","floor":18},{"not_picked":["Compile Driver","Turbo","Stack"],"picked":"SKIP","floor":21},{"not_picked":["White Noise+1","Rip and Tear"],"picked":"Electrodynamics","floor":24},{"not_picked":["Stack","Fusion","Glacier"],"picked":"SKIP","floor":27},{"not_picked":["Heatsinks","Coolheaded","Reprogram+1"],"picked":"SKIP","floor":30},{"not_picked":["Compile Driver","Streamline","Self Repair+1"],"picked":"SKIP","floor":31},{"not_picked":["Hologram+1"],"picked":"SKIP","floor":35},{"not_picked":["Stack"],"picked":"SKIP","floor":37},{"not_picked":["Stack"],"picked":"SKIP","floor":41},{"not_picked":["Defragment"],"picked":"SKIP","floor":44},{"not_picked":["Barrage"],"picked":"SKIP","floor":45},{"not_picked":["Ball Lightning"],"picked":"SKIP","floor":48}],"player_experience":5413773,"relics_obtained":[{"floor":9.0,"key":"PreservedInsect"},{"floor":14.0,"key":"Potion Belt"},{"floor":26,"key":"Ancient Tea Set"},{"floor":41,"key":"Regal Pillow"},{"floor":43,"key":"Anchor"}],"event_choices":[{"cards_removed":["Strike_B"],"damage_healed":0.0,"max_hp_gain":0.0,"max_hp_loss":0.0,"gold_gain":0.0,"event_name":"Living Wall","player_choice":"Forget","floor":4.0,"gold_loss":0.0,"damage_taken":0.0},{"cards_removed":["Strike_B"],"damage_healed":0.0,"max_hp_gain":0.0,"max_hp_loss":0.0,"gold_gain":0.0,"event_name":"Golden Wing","player_choice":"Card Removal","floor":5.0,"gold_loss":0.0,"damage_taken":7.0},{"damage_healed":0,"gold_gain":0,"cards_transformed":["Defend_B"],"player_choice":"Transformed","damage_taken":0,"max_hp_gain":0,"max_hp_loss":0,"event_name":"Transmorgrifier","floor":20,"gold_loss":0,"cards_obtained":["Seek"]},{"damage_healed":0,"gold_gain":0,"player_choice":"Ignored","damage_taken":0,"max_hp_gain":0,"max_hp_loss":0,"event_name":"Tomb of Lord Red Mask","floor":38,"gold_loss":0},{"damage_healed":0,"gold_gain":0,"player_choice":"Copied","damage_taken":0,"max_hp_gain":0,"max_hp_loss":0,"event_name":"Duplicator","floor":39,"gold_loss":0,"cards_obtained":["Seek"]},{"damage_healed":0,"gold_gain":0,"player_choice":"Gave Potion","damage_taken":0,"relics_obtained":["Ice Cream"],"max_hp_gain":0,"max_hp_loss":0,"event_name":"WeMeetAgain","floor":47,"gold_loss":0}],"is_beta":false,"boss_relics":[{"not_picked":["Eternal Feather","Philosopher\u0027s Stone"],"picked":"Nuclear Battery"},{"not_picked":["Velvet Choker","Cursed Key"],"picked":"Busted Crown"}],"items_purged_floors":[19,22,36],"is_endless":false,"potions_floor_spawned":[1,3,18,24,30,35,41,44],"ascension_level":0}