{"gold_per_floor":[109,109,109,109,384,384,407,446,446,446,462,255,269,284,284,284],"floor_reached":16,"playtime":343,"items_purged":["Regret"],"score":250,"play_id":"16fc586b-0984-4ae9-a49e-3e6f74805a63","local_time":"20181121233549","is_ascension_mode":true,"campfire_choices":[{"data":"Neutralize","floor":6,"key":"SMITH"},{"data":"Flechettes","floor":10,"key":"SMITH"},{"data":"Deep Breath","floor":15,"key":"SMITH"}],"neow_cost":"NONE","seed_source_timestamp":18347743074805,"circlet_count":0,"master_deck":["AscendersBane","Defend_G","Defend_G","Defend_G","Defend_G","Defend_G","Strike_G","Strike_G","Strike_G","Strike_G","Survivor","Neutralize+1","Venomology","Flechettes+1","Backflip","Deep Breath+1","Acrobatics"],"relics":["Ring of the Snake","NeowsBlessing","Golden Idol","Dodecahedron","Omamori"],"potions_floor_usage":[8,13,14,16,16],"damage_taken":[{"damage":0,"enemies":"Jaw Worm","floor":1,"turns":1},{"damage":0,"enemies":"2 Louse","floor":7,"turns":1},{"damage":0,"enemies":"3 Sentries","floor":8,"turns":1},{"damage":10,"enemies":"Small Slimes","floor":11,"turns":5},{"damage":1,"enemies":"Red Slaver","floor":13,"turns":3},{"damage":12,"enemies":"Large Slime","floor":14,"turns":8},{"damage":16,"enemies":"Slime Boss","floor":16,"turns":6}],"seed_played":"817692051583476807","potions_obtained":[{"floor":1,"key":"Explosive Potion"},{"floor":7,"key":"Block Potion"}],"is_trial":false,"path_per_floor":["M","?","?","?","?","R","M","E","T","R","M","$","M","M","R","B"],"character_chosen":"THE_SILENT","items_purchased":["Backflip","Deep Breath"],"campfire_rested":0,"item_purchase_floors":[12,12],"current_hp_per_floor":[59,59,59,59,59,59,59,59,59,59,49,49,48,36,36,20],"gold":284,"neow_bonus":"THREE_ENEMY_KILL","is_prod":false,"is_daily":false,"chose_seed":false,"campfire_upgraded":3,"win_rate":0,"timestamp":1542814549,"path_taken":["M","?","?","?","?","R","M","E","T","R","M","$","M","M","R","BOSS"],"build_version":"2018-11-15","purchased_purges":1,"victory":false,"max_hp_per_floor":[66,60,60,60,60,60,60,60,60,60,60,60,60,60,60,60],"card_choices":[{"not_picked":["Distraction","Setup","PiercingWail"],"picked":"SKIP","floor":1},{"not_picked":["Dagger Throw","Catalyst"],"picked":"Flechettes","floor":7},{"not_picked":["A Thousand Cuts","Quick Slash","Flying Knee"],"picked":"SKIP","floor":8},{"not_picked":["Slice","PiercingWail","Dagger Spray"],"picked":"SKIP","floor":11},{"not_picked":["PiercingWail","Reflex"],"picked":"Acrobatics","floor":13},{"not_picked":["Cloak And Dagger","Slice","Deadly Poison"],"picked":"SKIP","floor":14}],"player_experience":1136621,"relics_obtained":[{"floor":8,"key":"Dodecahedron"},{"floor":9,"key":"Omamori"}],"event_choices":[{"damage_healed":0,"gold_gain":0,"player_choice":"Lose Max HP","damage_taken":0,"relics_obtained":["Golden Idol"],"max_hp_gain":0,"max_hp_loss":6,"event_name":"Golden Idol","floor":2,"gold_loss":0},{"damage_healed":0,"gold_gain":0,"player_choice":"Ignored","damage_taken":0,"max_hp_gain":0,"max_hp_loss":0,"event_name":"Liars Game","floor":3,"gold_loss":0},{"damage_healed":0,"gold_gain":0,"cards_transformed":["Strike_G"],"player_choice":"Change","damage_taken":0,"max_hp_gain":0,"max_hp_loss":0,"event_name":"Living Wall","floor":4,"gold_loss":0,"cards_obtained":["Venomology"]},{"damage_healed":0,"gold_gain":275,"player_choice":"Desecrate","damage_taken":0,"max_hp_gain":0,"max_hp_loss":0,"event_name":"Golden Shrine","floor":5,"gold_loss":0,"cards_obtained":["Regret"]}],"is_beta":true,"boss_relics":[],"items_purged_floors":[12],"is_endless":false,"potions_floor_spawned":[1,7,13],"killed_by":"Slime Boss","ascension_level":20}