{"path_per_floor":["M","M","M","M","$","E","?","R","T","R","M","?","?","E","R","B",null,"M","?","M","M","M","R","E","?","T","M","E","M","E"],"character_chosen":"DEFECT","items_purchased":[],"gold_per_floor":[114,129,144,159,159,189,439,439,464,464,479,479,554,584,584,684,684,699,699,714,729,744,744,774,774,799,814,844,859,889,889],"floor_reached":31,"campfire_rested":0,"playtime":1465,"item_purchase_floors":[],"current_hp_per_floor":[69,68,68,60,60,60,60,60,60,60,62,62,51,65,65,74,89,89,89,87,89,84,84,62,62,62,62,27,29,12,0],"items_purged":[],"gold":889,"score":507,"play_id":"9edfff17-02ff-46f5-9cea-344819611b9f","local_time":"20180604111944","daily_mods":["Insanity","Time Dilation","Lethality"],"is_prod":false,"is_daily":true,"chose_seed":false,"is_ascension_mode":false,"campfire_upgraded":4,"win_rate":0,"timestamp":1528082384,"campfire_choices":[{"data":"Machine Learning","floor":8,"key":"SMITH"},{"data":"Storm","floor":10,"key":"SMITH"},{"data":"Hello World","floor":15,"key":"SMITH"},{"data":"Seek","floor":23,"key":"SMITH"}],"path_taken":["M","M","M","M","$","E","?","R","T","R","M","?","?","E","R","BOSS","M","?","M","M","M","R","E","?","T","?","E","M","E","M"],"build_version":"2018-05-30v2","seed_source_timestamp":0,"purchased_purges":0,"victory":false,"master_deck":["Electrodynamics","Storm+1","Beam Cell","Reprogram","Glacier","Steam Power","Creative AI","BootSequence","Buffer","Redo","Sweeping Beam","White Noise","Redo","Core Surge","Buffer","Lockon","Aggregate","Hyperbeam","Blizzard","Echo Form","Ball Lightning","Go for the Eyes","Machine Learning+1","Hello World+1","Coolheaded","Reboot","Undo","Double Energy","Capacitor","Aggregate","Turbo","Steam Power","Tempest","Conserve Battery","Conserve Battery","Seek+1","Capacitor","Electrodynamics","Creative AI","Rebound","Fission","Defragment","Echo Form","Biased Cognition","Gash","Steam Power","Loop","Rip and Tear","Turbo","Redo","Go for the Eyes","Auto Shields","Conserve Battery","Static Discharge","Heatsinks","White Noise","Undo","Seek+1","Redo","Turbo","Gash","Steam Power","Barrage+1","Pain","Storm","Conserve Battery+1","Tempest+1","Hologram"],"max_hp_per_floor":[75,75,75,75,75,75,75,75,75,75,75,75,75,89,89,89,89,89,89,89,89,89,89,89,89,89,89,89,89,89,89],"relics":["Cracked Core","Toolbox","Blood Vial","Mango","Cursed Key","Dodecahedron","DataDisk","Bottled Tornado","Smiling Mask"],"card_choices":[{"not_picked":["BootSequence","Turbo"],"picked":"Redo","floor":1},{"not_picked":["Streamline","Ball Lightning"],"picked":"Go for the Eyes","floor":2},{"not_picked":["Sweeping Beam","Undo"],"picked":"Auto Shields","floor":3},{"not_picked":["Stack","Redo"],"picked":"Conserve Battery","floor":4},{"not_picked":["Redo","Tempest"],"picked":"Static Discharge","floor":6},{"not_picked":["Streamline","Rebound"],"picked":"Heatsinks","floor":11},{"not_picked":["Auto Shields","Coolheaded"],"picked":"Undo","floor":14},{"not_picked":["Biased Cognition","Meteor Strike"],"picked":"Seek","floor":16},{"not_picked":["Leap","Steam"],"picked":"Redo","floor":18},{"not_picked":["Beam Cell","Steam"],"picked":"Turbo","floor":20},{"not_picked":["Conserve Battery","Rip and Tear"],"picked":"Gash","floor":21},{"not_picked":["Rebound","Melter"],"picked":"Steam Power","floor":22},{"not_picked":["Compile Driver","Reinforced Body"],"picked":"Barrage+1","floor":24},{"not_picked":["Turbo","Hyperbeam"],"picked":"Storm","floor":27},{"not_picked":["Multi-Cast","FTL"],"picked":"Conserve Battery+1","floor":28},{"not_picked":["Skim","Chill+1"],"picked":"Tempest+1","floor":29},{"not_picked":["Gash","Go for the Eyes+1"],"picked":"Hologram","floor":30}],"player_experience":526765,"potions_floor_usage":[14,16,30,30,31],"damage_taken":[{"damage":6,"enemies":"Small Slimes","floor":1,"turns":3},{"damage":1,"enemies":"Cultist","floor":2,"turns":3},{"damage":0,"enemies":"2 Louse","floor":3,"turns":1},{"damage":8,"enemies":"Looter","floor":4,"turns":3},{"damage":0,"enemies":"3 Sentries","floor":6,"turns":2},{"damage":0,"enemies":"Blue Slaver","floor":11,"turns":2},{"damage":2,"enemies":"Lagavulin","floor":14,"turns":4},{"damage":0,"enemies":"Slime Boss","floor":16,"turns":5},{"damage":0,"enemies":"Spheric Guardian","floor":18,"turns":3},{"damage":2,"enemies":"Shell Parasite","floor":20,"turns":3},{"damage":0,"enemies":"Cultist and Chosen","floor":21,"turns":2},{"damage":5,"enemies":"Centurion and Healer","floor":22,"turns":2},{"damage":24,"enemies":"Gremlin Leader","floor":24,"turns":3},{"damage":2,"enemies":"Sentry and Sphere","floor":27,"turns":2},{"damage":37,"enemies":"Slavers","floor":28,"turns":4},{"damage":0,"enemies":"Snecko","floor":29,"turns":2},{"damage":19,"enemies":"Gremlin Leader","floor":30,"turns":3},{"damage":15,"enemies":"Snake Plant","floor":31,"turns":1}],"relics_obtained":[{"floor":6,"key":"Toolbox"},{"floor":9,"key":"Blood Vial"},{"floor":14,"key":"Mango"},{"floor":24,"key":"Dodecahedron"},{"floor":26,"key":"DataDisk"},{"floor":28,"key":"Bottled Tornado"},{"floor":30,"key":"Smiling Mask"}],"event_choices":[{"event_name":"Golden Shrine","player_choice":"Desecrate","floor":7,"damage_taken":0},{"event_name":"Living Wall","player_choice":"Change","floor":12,"damage_taken":0},{"event_name":"World of Goop","player_choice":"Gather Gold","floor":13,"damage_taken":0},{"event_name":"Upgrade Shrine","player_choice":"Upgraded","floor":19,"damage_taken":0},{"event_name":"Fountain of Cleansing","player_choice":"Removed Curse","floor":25,"damage_taken":0}],"boss_relics":[{"not_picked":["Sozu","Pandora\u0027s Box"],"picked":"Cursed Key"}],"items_purged_floors":[],"potions_floor_spawned":[2,3,6,18,24,28],"seed_played":"-8821381142935448114","killed_by":"Snake Plant","ascension_level":0,"potions_obtained":[{"floor":2,"key":"SpeedPotion"},{"floor":3,"key":"Energy Potion"},{"floor":6,"key":"Swift Potion"},{"floor":18,"key":"Block Potion"},{"floor":24,"key":"FocusPotion"}],"is_trial":false}