{"gold_per_floor":[113,37,37,37,55,55,80,5,31,49,84,84,101,101,101,178,178,190,50,50,68,18,18,50,50,126,41,58,108,119,130,130,201,201,220,272,222,233,249,282,282,296,321,321,108,138,138,155,155,155,155,155,155,49,81,81],"floor_reached":57,"playtime":2267,"items_purged":["Strike_G","Strike_G+1","Defend_G","Defend_G","Defend_G","Masterful Stab"],"score":2926,"play_id":"2de325b8-7817-47f7-965a-ef7135df7260","local_time":"20190326171032","is_ascension_mode":true,"campfire_choices":[{"data":"Deadly Poison","floor":6.0,"key":"SMITH"},{"data":"Acrobatics","floor":12.0,"key":"SMITH"},{"data":"Tactician","floor":15.0,"key":"SMITH"},{"data":"Well Laid Plans","floor":23,"key":"SMITH"},{"data":"Malaise","floor":25,"key":"SMITH"},{"data":"Backflip","floor":32,"key":"SMITH"},{"floor":41,"key":"RECALL"},{"data":"Survivor","floor":44,"key":"SMITH"},{"data":"Grand Finale","floor":47,"key":"SMITH"},{"data":"Defend_G","floor":49,"key":"SMITH"},{"data":"Defend_G","floor":53,"key":"SMITH"}],"neow_cost":"NONE","seed_source_timestamp":0,"circlet_count":0,"master_deck":["AscendersBane","Defend_G+1","Defend_G+1","Survivor+1","Neutralize+1","Tactician+1","Deadly Poison+1","Acrobatics+1","Backflip+1","Adrenaline","Malaise+1","Choke+1","Adrenaline+1","Predator+1","Well Laid Plans+1","Grand Finale+1"],"special_seed":0,"relics":["Ring of the Snake","NeowsBlessing","Happy Flower","Smiling Mask","Astrolabe","Mercury Hourglass","Shuriken","The Specimen","Runic Pyramid","Regal Pillow","Question Card","Bronze Scales","Lantern","Boot","Incense Burner"],"potions_floor_usage":[40,50,56,56],"damage_taken":[{"damage":0.0,"enemies":"Jaw Worm","floor":1.0,"turns":1.0},{"damage":0.0,"enemies":"Small Slimes","floor":5.0,"turns":1.0},{"damage":0.0,"enemies":"Lagavulin","floor":7.0,"turns":1.0},{"damage":0.0,"enemies":"Cultist","floor":10.0,"turns":3.0},{"damage":7.0,"enemies":"3 Sentries","floor":11.0,"turns":8.0},{"damage":2.0,"enemies":"3 Louse","floor":13.0,"turns":4.0},{"damage":9.0,"enemies":"The Guardian","floor":16.0,"turns":10.0},{"damage":0,"enemies":"Spheric Guardian","floor":18,"turns":2},{"damage":0,"enemies":"Chosen","floor":21,"turns":5},{"damage":0,"enemies":"Book of Stabbing","floor":24,"turns":4},{"damage":0,"enemies":"Centurion and Healer","floor":28,"turns":3},{"damage":0,"enemies":"Shelled Parasite and Fungi","floor":30,"turns":4},{"damage":0,"enemies":"Snake Plant","floor":31,"turns":3},{"damage":0,"enemies":"Automaton","floor":33,"turns":4},{"damage":0,"enemies":"3 Darklings","floor":35,"turns":3},{"damage":0,"enemies":"Orb Walker","floor":38,"turns":2},{"damage":0,"enemies":"Transient","floor":39,"turns":6},{"damage":31,"enemies":"Nemesis","floor":40,"turns":8},{"damage":0,"enemies":"4 Shapes","floor":42,"turns":4},{"damage":0,"enemies":"Reptomancer","floor":46,"turns":3},{"damage":0,"enemies":"Writhing Mass","floor":48,"turns":2},{"damage":18,"enemies":"Time Eater","floor":50,"turns":9},{"damage":11,"enemies":"Awakened One","floor":51,"turns":8},{"damage":7,"enemies":"Shield and Spear","floor":55,"turns":3},{"damage":41,"enemies":"The Heart","floor":56,"turns":9}],"seed_played":"5327848426772177230","potions_obtained":[{"floor":10.0,"key":"PowerPotion"},{"floor":11.0,"key":"SkillPotion"},{"floor":18,"key":"Block Potion"},{"floor":21,"key":"SpeedPotion"},{"floor":35,"key":"GhostInAJar"},{"floor":48,"key":"Strength Potion"}],"is_trial":false,"path_per_floor":["M","$","?","?","M","R","E","$","T","M","E","R","M","?","R","B",null,"M","$","?","M","$","R","E","R","T","?","M","?","M","M","R","B",null,"M","T","$","M","M","E","R","M","T","R","$","E","R","M","R","B","B",null,"R","$","E","B",null],"character_chosen":"THE_SILENT","items_purchased":["Tactician","Well Laid Plans","Lantern","Dexterity Potion"],"campfire_rested":0,"item_purchase_floors":[2,19,45,54],"current_hp_per_floor":[59,59,39,44,44,44,44,44,44,44,37,37,35,35,35,26,60,60,60,60,60,60,60,60,60,60,60,60,60,60,60,60,60,68,68,68,68,68,68,37,37,37,37,37,37,37,37,37,37,19,8,55,55,55,48,7],"gold":81,"neow_bonus":"THREE_ENEMY_KILL","is_prod":false,"is_daily":false,"chose_seed":false,"campfire_upgraded":10,"win_rate":0,"timestamp":1553591432,"path_taken":["M","$","?","?","M","R","E","$","T","M","E","R","M","?","R","BOSS","M","$","?","M","$","R","E","R","T","?","M","?","M","M","R","BOSS","M","?","$","M","M","E","R","?","T","R","$","E","R","?","R","BOSS","BOSS","R","$","E","BOSS"],"build_version":"2019-01-23","purchased_purges":6,"victory":true,"max_hp_per_floor":[66,66,66,71,71,71,71,71,71,71,71,71,71,71,71,71,71,71,71,71,71,71,71,71,71,71,71,71,71,71,71,71,71,71,71,71,71,71,71,71,71,71,71,71,71,71,71,71,71,71,71,71,71,71,71,71],"card_choices":[{"not_picked":["Prepared","Deflect"],"picked":"Masterful Stab","floor":1.0},{"not_picked":["Prepared","Quick Slash"],"picked":"Deadly Poison","floor":5.0},{"not_picked":["Flying Knee","Poisoned Stab"],"picked":"Acrobatics","floor":7.0},{"not_picked":["Cloak And Dagger","Deadly Poison"],"picked":"Backflip","floor":10.0},{"not_picked":["Dagger Spray","PiercingWail"],"picked":"Adrenaline","floor":11.0},{"not_picked":["Prepared","Heel Hook","Sucker Punch"],"picked":"SKIP","floor":13.0},{"not_picked":["Tools of the Trade","Unload"],"picked":"Malaise","floor":16.0},{"not_picked":["Outmaneuver+1","Heel Hook","Underhanded Strike"],"picked":"SKIP","floor":18},{"not_picked":["Crippling Poison","Poisoned Stab","Deadly Poison"],"picked":"SKIP","floor":21},{"not_picked":["Leg Sweep","Envenom","Riddle With Holes"],"picked":"SKIP","floor":24},{"not_picked":["Backflip","Poisoned Stab","Deflect"],"picked":"SKIP","floor":28},{"not_picked":["Flying Knee","Prepared","Masterful Stab"],"picked":"SKIP","floor":30},{"not_picked":["PiercingWail","Flying Knee","Quick Slash"],"picked":"SKIP","floor":31},{"not_picked":["Setup","Bane","Tactician"],"picked":"SKIP","floor":35},{"not_picked":["Masterful Stab","Catalyst","Concentrate"],"picked":"SKIP","floor":38},{"not_picked":["Dash","Dagger Throw","Reflex"],"picked":"SKIP","floor":39},{"not_picked":["Blur","Prepared","Flying Knee"],"picked":"SKIP","floor":40},{"not_picked":["Dash","PiercingWail","Dodge and Roll","Sucker Punch+1"],"picked":"SKIP","floor":42},{"not_picked":["Die Die Die","Burst","Flying Knee"],"picked":"Grand Finale","floor":46},{"not_picked":["Accuracy","Quick Slash","Sucker Punch","Well Laid Plans"],"picked":"SKIP","floor":48},{"not_picked":["Cloak And Dagger","Dodge and Roll+1","Doppelganger","Bane"],"picked":"SKIP","floor":55}],"player_experience":3884684,"relics_obtained":[{"floor":7.0,"key":"Happy Flower"},{"floor":11.0,"key":"Smiling Mask"},{"floor":24,"key":"Mercury Hourglass"},{"floor":26,"key":"Shuriken"},{"floor":36,"key":"Regal Pillow"},{"floor":40,"key":"Question Card"},{"floor":43,"key":"Bronze Scales"},{"floor":46,"key":"Boot"},{"floor":55,"key":"Incense Burner"}],"event_choices":[{"damage_healed":0.0,"max_hp_gain":0.0,"max_hp_loss":0.0,"gold_gain":0.0,"event_name":"Shining Light","player_choice":"Entered Light","floor":3.0,"gold_loss":0.0,"damage_taken":20.0,"cards_upgraded":["Neutralize","Strike_G"]},{"damage_healed":0.0,"max_hp_gain":5.0,"max_hp_loss":0.0,"gold_gain":0.0,"event_name":"Big Fish","player_choice":"Donut","floor":4.0,"gold_loss":0.0,"damage_taken":0.0},{"damage_healed":0.0,"max_hp_gain":0.0,"max_hp_loss":0.0,"gold_gain":0.0,"event_name":"Match and Keep!","player_choice":"0 cards matched","floor":14.0,"gold_loss":0.0,"damage_taken":0.0,"cards_obtained":[]},{"damage_healed":0,"gold_gain":0,"player_choice":"Ignored","damage_taken":0,"max_hp_gain":0,"max_hp_loss":0,"event_name":"Vampires","floor":20,"gold_loss":0},{"damage_healed":0,"gold_gain":0,"player_choice":"Obtained Relic","damage_taken":0,"relics_obtained":["The Specimen"],"max_hp_gain":0,"max_hp_loss":0,"event_name":"Addict","floor":27,"gold_loss":85},{"damage_healed":0,"gold_gain":100,"player_choice":"Bet on Murderer","damage_taken":0,"max_hp_gain":0,"max_hp_loss":0,"event_name":"The Joust","floor":29,"gold_loss":50}],"is_beta":false,"boss_relics":[{"not_picked":["Orrery","Philosopher\u0027s Stone"],"picked":"Astrolabe"},{"not_picked":["HoveringKite","Ring of the Serpent"],"picked":"Runic Pyramid"}],"items_purged_floors":[8,19,22,37,45,54],"is_endless":false,"potions_floor_spawned":[10,11,18,21,31,33,35,39,48,55],"ascension_level":20}