{"gold_per_floor":[113,263,188,263,339,339,368,368,391,437,466,478,507,519,531,618,630,655,684,175,175,186,186,0,19,19,33,60,60,60,88,88,166,166,177,195,295,295,63,63,88,107,107,136,436,469,485,513,513,513,513,513,513,44,78,78],"floor_reached":57,"playtime":3301,"items_purged":["Strike_G","Pain","Bite","Bite"],"score":3278,"play_id":"bf27eead-dd99-46a1-8ba8-da46310961fe","local_time":"20190409014404","is_ascension_mode":true,"campfire_choices":[{"data":"All Out Attack","floor":6.0,"key":"SMITH"},{"data":"A Thousand Cuts","floor":12.0,"key":"SMITH"},{"data":"Neutralize","floor":15.0,"key":"SMITH"},{"data":"Apotheosis","floor":23.0,"key":"SMITH"},{"data":"Well Laid Plans","floor":30.0,"key":"SMITH"},{"data":"Footwork","floor":32.0,"key":"SMITH"},{"floor":40.0,"key":"DIG"},{"floor":45.0,"key":"DIG"},{"floor":49.0,"key":"RECALL"},{"floor":53.0,"key":"DIG"}],"neow_cost":"NONE","seed_source_timestamp":45997213964209,"circlet_count":0,"master_deck":["AscendersBane","Defend_G","Defend_G","Defend_G+1","Defend_G+1","Survivor","Neutralize+1","A Thousand Cuts+1","Backflip","Glass Knife","Escape Plan","Apotheosis+1","Tactician","Footwork+1","Deadly Poison","Well Laid Plans+1","Bite+1","Tools of the Trade+1","Acrobatics+1","Grand Finale+1","Violence+1","Purity","Calculated Gamble"],"special_seed":0,"relics":["Ring of the Snake","NeowsBlessing","Mummified Hand","Orichalcum","Bag of Marbles","MawBank","Meat on the Bone","Black Star","Happy Flower","WarpedTongs","Tingsha","Gremlin Horn","War Paint","Frozen Egg 2","Whetstone","Astrolabe","Shovel","Mercury Hourglass","Ninja Scroll","Bird Faced Urn","Darkstone Periapt","Art of War","Old Coin","The Specimen","Bronze Scales","Sundial","Letter Opener","Blue Candle","Bottled Tornado","Snake Skull","Incense Burner"],"potions_floor_usage":[56],"damage_taken":[{"damage":0.0,"enemies":"Small Slimes","floor":1.0,"turns":1.0},{"damage":0.0,"enemies":"3 Sentries","floor":7.0,"turns":1.0},{"damage":0.0,"enemies":"Gremlin Nob","floor":10.0,"turns":1.0},{"damage":0.0,"enemies":"Jaw Worm","floor":11.0,"turns":4.0},{"damage":0.0,"enemies":"2 Louse","floor":13.0,"turns":1.0},{"damage":37.0,"enemies":"Slime Boss","floor":16.0,"turns":9.0},{"damage":26.0,"enemies":"Spheric Guardian","floor":18.0,"turns":6.0},{"damage":16.0,"enemies":"2 Thieves","floor":19.0,"turns":3.0},{"damage":27.0,"enemies":"Snecko","floor":22.0,"turns":6.0},{"damage":9.0,"enemies":"Snake Plant","floor":25.0,"turns":4.0},{"damage":3.0,"enemies":"Centurion and Healer","floor":27.0,"turns":6.0},{"damage":0.0,"enemies":"Gremlin Leader","floor":28.0,"turns":6.0},{"damage":25.0,"enemies":"Slavers","floor":31.0,"turns":4.0},{"damage":79.0,"enemies":"Champ","floor":33.0,"turns":21.0},{"damage":17.0,"enemies":"3 Darklings","floor":35.0,"turns":4.0},{"damage":1.0,"enemies":"Orb Walker","floor":36.0,"turns":3.0},{"damage":0.0,"enemies":"Mind Bloom Boss Battle","floor":37.0,"turns":6.0},{"damage":30.0,"enemies":"Reptomancer","floor":41.0,"turns":6.0},{"damage":15.0,"enemies":"Sphere and 2 Shapes","floor":42.0,"turns":4.0},{"damage":20.0,"enemies":"Nemesis","floor":44.0,"turns":9.0},{"damage":0.0,"enemies":"Reptomancer","floor":46.0,"turns":3.0},{"damage":0.0,"enemies":"Transient","floor":47.0,"turns":3.0},{"damage":0.0,"enemies":"Giant Head","floor":48.0,"turns":4.0},{"damage":54.0,"enemies":"Donu and Deca","floor":50.0,"turns":8.0},{"damage":37.0,"enemies":"Time Eater","floor":51.0,"turns":11.0},{"damage":33.0,"enemies":"Shield and Spear","floor":55.0,"turns":10.0},{"damage":70,"enemies":"The Heart","floor":56,"turns":9}],"seed_played":"7399161757290635453","potions_obtained":[{"floor":10.0,"key":"Fruit Juice"},{"floor":11.0,"key":"Strength Potion"},{"floor":16.0,"key":"PowerPotion"},{"floor":25.0,"key":"Energy Potion"},{"floor":27.0,"key":"Dexterity Potion"},{"floor":35.0,"key":"Block Potion"},{"floor":48.0,"key":"GamblersBrew"},{"floor":55.0,"key":"Dexterity Potion"}],"is_trial":false,"path_per_floor":["M","?","?","?","T","R","E","?","T","E","M","R","M","T","R","B",null,"M","M","$","?","M","R","$","M","T","M","E","?","R","E","R","B",null,"M","M","?","?","$","R","E","M","T","E","R","E","M","E","R","B","B",null,"R","$","E","B",null],"character_chosen":"THE_SILENT","items_purchased":["Apotheosis","Tactician","Happy Flower","Footwork","Purity","Bottled Tornado","SkillPotion"],"campfire_rested":0,"item_purchase_floors":[20,20,20,24,39,54,54],"current_hp_per_floor":[59,59,59,48,48,48,48,43,43,43,45,45,47,47,47,29,61,37,35,35,35,22,22,22,27,27,38,40,40,40,42,42,34,62,64,71,71,71,71,71,53,57,57,57,57,71,71,71,71,53,36,62,62,62,61,44],"gold":78,"neow_bonus":"THREE_ENEMY_KILL","is_prod":false,"is_daily":false,"chose_seed":false,"campfire_upgraded":6,"win_rate":0,"timestamp":1554745444,"path_taken":["M","?","?","?","?","R","E","?","T","E","M","R","M","?","R","BOSS","M","M","$","?","?","R","$","M","T","M","E","?","R","E","R","BOSS","M","M","?","?","$","R","E","M","T","E","R","E","M","E","R","BOSS","BOSS","R","$","E","BOSS"],"build_version":"2019-01-23","purchased_purges":4,"victory":true,"max_hp_per_floor":[66,66,66,66,66,66,66,66,66,66,66,66,66,66,66,71,71,71,71,71,71,71,71,71,71,71,71,71,71,71,71,71,71,71,71,71,71,71,71,71,71,71,71,71,71,71,71,71,71,71,71,71,71,71,71,71],"card_choices":[{"not_picked":["Poisoned Stab","Crippling Poison"],"picked":"All Out Attack","floor":1.0},{"not_picked":["Sucker Punch","Bane"],"picked":"A Thousand Cuts","floor":7.0},{"not_picked":["Dagger Spray","Outmaneuver","Prepared"],"picked":"SKIP","floor":10.0},{"not_picked":["Accuracy","Reflex"],"picked":"Backflip","floor":11.0},{"not_picked":["Outmaneuver","Quick Slash","Acrobatics"],"picked":"SKIP","floor":13.0},{"not_picked":["Doppelganger","Unload"],"picked":"Glass Knife","floor":16.0},{"not_picked":["Dash","Dodge and Roll"],"picked":"Escape Plan","floor":18.0},{"not_picked":["Accuracy","Flying Knee","Dagger Spray"],"picked":"SKIP","floor":19.0},{"not_picked":["Slice","Sucker Punch","Heel Hook"],"picked":"SKIP","floor":22.0},{"not_picked":["Bane+1","Prepared"],"picked":"Deadly Poison","floor":25.0},{"not_picked":["Concentrate","Poisoned Stab","Blade Dance"],"picked":"SKIP","floor":27.0},{"not_picked":["Concentrate","Venomology"],"picked":"Well Laid Plans","floor":28.0},{"not_picked":["Flechettes+1","Doppelganger","Prepared"],"picked":"SKIP","floor":31.0},{"not_picked":["Wraith Form v2+1","Night Terror"],"picked":"Tools of the Trade+1","floor":33.0},{"not_picked":["Escape Plan","Cloak And Dagger","Bane+1"],"picked":"SKIP","floor":35.0},{"not_picked":["Underhanded Strike","Flying Knee","All Out Attack"],"picked":"SKIP","floor":36.0},{"not_picked":["Concentrate","Deadly Poison","Grand Finale"],"picked":"SKIP","floor":41.0},{"not_picked":["Dagger Spray","Backstab+1","Catalyst"],"picked":"SKIP","floor":42.0},{"not_picked":["Deadly Poison+1","Dodge and Roll","Quick Slash+1"],"picked":"SKIP","floor":44.0},{"not_picked":["Sucker Punch","Deadly Poison+1","Blur"],"picked":"SKIP","floor":46.0},{"not_picked":["Bouncing Flask","Phantasmal Killer","Distraction"],"picked":"SKIP","floor":47.0},{"not_picked":["Concentrate","Die Die Die","Quick Slash"],"picked":"SKIP","floor":48.0},{"not_picked":["Masterful Stab+1","Endless Agony"],"picked":"Calculated Gamble","floor":55.0}],"player_experience":4174626,"relics_obtained":[{"floor":5.0,"key":"Mummified Hand"},{"floor":7.0,"key":"Orichalcum"},{"floor":9.0,"key":"MawBank"},{"floor":10.0,"key":"Blood Vial"},{"floor":14.0,"key":"Meat on the Bone"},{"floor":26.0,"key":"Tingsha"},{"floor":28.0,"key":"Gremlin Horn"},{"floor":28.0,"key":"War Paint"},{"floor":31.0,"key":"Frozen Egg 2"},{"floor":31.0,"key":"Whetstone"},{"floor":37.0,"key":"Shovel"},{"floor":40.0,"key":"Mercury Hourglass"},{"floor":41.0,"key":"Ninja Scroll"},{"floor":41.0,"key":"Bird Faced Urn"},{"floor":44.0,"key":"Darkstone Periapt"},{"floor":44.0,"key":"Art of War"},{"floor":45.0,"key":"Old Coin"},{"floor":46.0,"key":"The Specimen"},{"floor":46.0,"key":"Bronze Scales"},{"floor":48.0,"key":"Sundial"},{"floor":48.0,"key":"Letter Opener"},{"floor":53.0,"key":"Blue Candle"},{"floor":55.0,"key":"Snake Skull"},{"floor":55.0,"key":"Incense Burner"}],"event_choices":[{"damage_healed":0.0,"max_hp_gain":0.0,"max_hp_loss":0.0,"gold_gain":150.0,"event_name":"Liars Game","player_choice":"AGREE","floor":2.0,"gold_loss":0.0,"damage_taken":0.0,"cards_obtained":["Doubt"]},{"cards_removed":["Doubt"],"damage_healed":0.0,"max_hp_gain":0.0,"max_hp_loss":0.0,"gold_gain":0.0,"event_name":"The Cleric","player_choice":"Card Removal","floor":3.0,"gold_loss":75.0,"damage_taken":0.0},{"damage_healed":0.0,"max_hp_gain":0.0,"max_hp_loss":0.0,"gold_gain":75.0,"event_name":"World of Goop","player_choice":"Gather Gold","floor":4.0,"gold_loss":0.0,"damage_taken":11.0},{"damage_healed":0.0,"max_hp_gain":0.0,"max_hp_loss":0.0,"gold_gain":0.0,"event_name":"Scrap Ooze","player_choice":"Success","floor":8.0,"gold_loss":0.0,"damage_taken":5.0,"relics_obtained":["Bag of Marbles"]},{"damage_healed":0.0,"max_hp_gain":0.0,"max_hp_loss":0.0,"gold_gain":0.0,"event_name":"Accursed Blacksmith","player_choice":"Rummage","floor":21.0,"gold_loss":0.0,"damage_taken":0.0,"relics_obtained":["WarpedTongs"],"cards_obtained":["Pain"]},{"damage_healed":0.0,"max_hp_gain":0.0,"max_hp_loss":0.0,"gold_gain":0.0,"event_name":"Vampires","player_choice":"Became a vampire (Vial)","floor":29.0,"relics_lost":["Blood Vial"],"gold_loss":0.0,"damage_taken":0.0,"cards_obtained":["Bite","Bite","Bite","Bite","Bite"]},{"damage_healed":0.0,"max_hp_gain":0.0,"max_hp_loss":0.0,"gold_gain":0.0,"event_name":"MindBloom","player_choice":"Fight","floor":37.0,"gold_loss":0.0,"damage_taken":0.0},{"cards_removed":["Bite"],"damage_healed":0.0,"max_hp_gain":0.0,"max_hp_loss":0.0,"gold_gain":0.0,"event_name":"Falling","player_choice":"Removed Attack","floor":38.0,"gold_loss":0.0,"damage_taken":0.0}],"is_beta":false,"boss_relics":[{"not_picked":["HoveringKite","Orrery"],"picked":"Black Star"},{"not_picked":["White Beast Statue","Snecko Eye"],"picked":"Astrolabe"}],"items_purged_floors":[20,24,39,54],"is_endless":false,"potions_floor_spawned":[10,11,16,25,27,28,35,41,47,48,55],"ascension_level":20}