{"gold_per_floor":[367,367,241,258,273,273,132,142,142,142,174,193,193,209,209,286,286,296,276,22,22,31,31,60,60,60,86,98,98,114,114,114,187,187,201,51,66,79,92,92,110,139,164,164,174,174,222,254,254,254,254,254,254,44,79,79],"floor_reached":57,"playtime":2178,"items_purged":["Strike_R","Strike_R","Strike_R","Strike_R","Strike_R"],"score":3004,"play_id":"73718673-292e-4d38-a82d-b3598c763f09","local_time":"20190710113428","is_ascension_mode":true,"campfire_choices":[{"data":"Carnage","floor":6.0,"key":"SMITH"},{"data":"Evolve","floor":10.0,"key":"SMITH"},{"data":"Body Slam","floor":15.0,"key":"SMITH"},{"data":"Barricade","floor":23.0,"key":"SMITH"},{"data":"Burning Pact","floor":25.0,"key":"SMITH"},{"data":"Dark Embrace","floor":32.0,"key":"SMITH"},{"data":"Offering","floor":40.0,"key":"SMITH"},{"data":"Entrench","floor":44.0,"key":"SMITH"},{"data":"Feel No Pain","floor":46.0,"key":"SMITH"},{"floor":49.0,"key":"RECALL"},{"data":"Second Wind","floor":53,"key":"SMITH"}],"neow_cost":"CURSE","seed_source_timestamp":1007290782040800,"circlet_count":0,"master_deck":["AscendersBane","Defend_R","Defend_R","Defend_R","Defend_R","Bash","Carnage+1","Shrug It Off","Evolve+1","Body Slam+1","Shrug It Off","Second Wind+1","Barricade+1","Feel No Pain+1","Burning Pact+1","Power Through","Entrench+1","Pommel Strike+1","Dark Embrace+1","Sentinel+1","Offering+1","Parasite"],"special_seed":0,"relics":["Burning Blood","Turnip","Mango","Runic Dome","Ice Cream","Sundial","Matryoshka","Nloth\u0027s Gift","Mark of Pain","Paper Frog","Smiling Mask","FossilizedHelix","Unceasing Top","Lantern","Thread and Needle"],"potions_floor_usage":[56],"damage_taken":[{"damage":8.0,"enemies":"Small Slimes","floor":1.0,"turns":3.0},{"damage":1.0,"enemies":"2 Louse","floor":4.0,"turns":2.0},{"damage":9.0,"enemies":"Cultist","floor":5.0,"turns":4.0},{"damage":9.0,"enemies":"Looter","floor":8.0,"turns":4.0},{"damage":28.0,"enemies":"Lagavulin","floor":11.0,"turns":8.0},{"damage":26.0,"enemies":"Exordium Thugs","floor":12.0,"turns":6.0},{"damage":8.0,"enemies":"Blue Slaver","floor":14.0,"turns":3.0},{"damage":16.0,"enemies":"Slime Boss","floor":16.0,"turns":14.0},{"damage":17.0,"enemies":"Spheric Guardian","floor":18.0,"turns":8.0},{"damage":23.0,"enemies":"2 Thieves","floor":22.0,"turns":4.0},{"damage":20.0,"enemies":"Slavers","floor":24.0,"turns":5.0},{"damage":8.0,"enemies":"Book of Stabbing","floor":27.0,"turns":5.0},{"damage":4.0,"enemies":"Centurion and Healer","floor":28.0,"turns":6.0},{"damage":9.0,"enemies":"Shelled Parasite and Fungi","floor":30.0,"turns":5.0},{"damage":0.0,"enemies":"Automaton","floor":33.0,"turns":4.0},{"damage":6.0,"enemies":"Orb Walker","floor":35.0,"turns":3.0},{"damage":6.0,"enemies":"3 Shapes","floor":37.0,"turns":4.0},{"damage":1.0,"enemies":"Sphere and 2 Shapes","floor":38.0,"turns":4.0},{"damage":12.0,"enemies":"4 Shapes","floor":39.0,"turns":5.0},{"damage":6.0,"enemies":"Writhing Mass","floor":41.0,"turns":3.0},{"damage":0.0,"enemies":"Nemesis","floor":42.0,"turns":5.0},{"damage":6.0,"enemies":"Sphere and 2 Shapes","floor":45.0,"turns":2.0},{"damage":6.0,"enemies":"2 Orb Walkers","floor":47.0,"turns":2.0},{"damage":15.0,"enemies":"Reptomancer","floor":48.0,"turns":3.0},{"damage":14,"enemies":"Awakened One","floor":50,"turns":5},{"damage":35,"enemies":"Time Eater","floor":51,"turns":4},{"damage":0,"enemies":"Shield and Spear","floor":55,"turns":5},{"damage":0,"enemies":"The Heart","floor":56,"turns":6}],"seed_played":"5496588653570053333","potions_obtained":[{"floor":8.0,"key":"Swift Potion"},{"floor":11.0,"key":"Strength Potion"},{"floor":12.0,"key":"Block Potion"},{"floor":16.0,"key":"SkillPotion"},{"floor":19.0,"key":"FairyPotion"},{"floor":30.0,"key":"PowerPotion"},{"floor":42.0,"key":"Fruit Juice"},{"floor":45.0,"key":"Dexterity Potion"},{"floor":55,"key":"Explosive Potion"}],"is_trial":false,"path_per_floor":["M","?","$","M","M","R","$","M","T","R","E","M","?","M","R","B",null,"M","?","$","T","M","R","E","R","T","E","M","?","M","?","R","B",null,"M","$","M","M","M","R","M","E","T","R","M","R","?","E","R","B","B",null,"R","$","E","B",null],"character_chosen":"IRONCLAD","items_purchased":["Shrug It Off","Evolve","Feel No Pain","Burning Pact","Lantern"],"campfire_rested":0,"item_purchase_floors":[3,7,20,20,54],"current_hp_per_floor":[66,59,59,64,61,61,61,58,58,58,50,30,30,28,28,18,71,60,60,60,60,43,43,29,29,29,27,29,29,26,26,26,32,75,75,75,75,80,74,74,74,85,85,85,85,85,85,76,76,68,39,80,80,80,86,92],"gold":79,"neow_bonus":"TWO_FIFTY_GOLD","is_prod":false,"is_daily":false,"chose_seed":false,"campfire_upgraded":10,"win_rate":0,"timestamp":1562729668,"path_taken":["M","?","$","M","M","R","$","M","T","R","E","M","?","?","R","BOSS","M","?","$","?","M","R","E","R","T","E","M","?","M","?","R","BOSS","M","$","M","?","M","R","?","E","T","R","M","R","?","E","R","BOSS","BOSS","R","$","E","BOSS"],"build_version":"2019-07-05","purchased_purges":5,"victory":true,"max_hp_per_floor":[75,75,75,75,75,75,75,75,75,75,89,89,89,89,89,89,89,89,89,89,89,89,89,89,89,89,89,89,89,89,89,89,89,89,89,89,89,89,89,89,89,94,94,94,94,94,94,94,94,94,94,94,94,94,94,94],"card_choices":[{"not_picked":["Warcry","Headbutt"],"picked":"Carnage","floor":1.0},{"not_picked":["Sword Boomerang","Clothesline","Whirlwind"],"picked":"SKIP","floor":4.0},{"not_picked":["Pummel","Combust","Searing Blow"],"picked":"SKIP","floor":5.0},{"not_picked":["Headbutt","Flex","Metallicize"],"picked":"SKIP","floor":8.0},{"not_picked":["Flex","Sever Soul"],"picked":"Body Slam","floor":11.0},{"not_picked":["Sever Soul","Disarm"],"picked":"Shrug It Off","floor":12.0},{"not_picked":["Headbutt","Inflame"],"picked":"Second Wind","floor":14.0},{"not_picked":["Reaper","Demon Form"],"picked":"Barricade","floor":16.0},{"not_picked":["Wild Strike","Thunderclap","Anger"],"picked":"SKIP","floor":18.0},{"not_picked":["Wild Strike","Thunderclap","Anger"],"picked":"SKIP","floor":18.0},{"not_picked":["True Grit","Flex","Infernal Blade"],"picked":"SKIP","floor":22.0},{"not_picked":["Headbutt","Inflame"],"picked":"Power Through","floor":24.0},{"not_picked":["Shrug It Off","Twin Strike"],"picked":"Entrench","floor":27.0},{"not_picked":["Power Through","Corruption","Pommel Strike+1"],"picked":"SKIP","floor":28.0},{"not_picked":["Power Through","Corruption"],"picked":"Pommel Strike+1","floor":28.0},{"not_picked":["Armaments","Carnage+1"],"picked":"Sentinel+1","floor":30.0},{"not_picked":["Feed","Reaper"],"picked":"Offering","floor":33.0},{"not_picked":["Sentinel+1","Wild Strike","Body Slam+1"],"picked":"SKIP","floor":35.0},{"not_picked":["Armaments","Flame Barrier","Clothesline"],"picked":"SKIP","floor":37.0},{"not_picked":["Shrug It Off","Rampage","Clothesline"],"picked":"SKIP","floor":38.0},{"not_picked":["Anger","Evolve","Twin Strike+1"],"picked":"SKIP","floor":39.0},{"not_picked":["Perfected Strike","Heavy Blade","Twin Strike+1"],"picked":"SKIP","floor":41.0},{"not_picked":["Burning Pact+1","Impervious","Twin Strike"],"picked":"SKIP","floor":42.0},{"not_picked":["Uppercut","Barricade","Armaments"],"picked":"SKIP","floor":45.0},{"not_picked":["Brutality","Seeing Red+1","Body Slam"],"picked":"SKIP","floor":48.0},{"not_picked":["Clash","Warcry","Pummel"],"picked":"SKIP","floor":55}],"player_experience":651882,"relics_obtained":[{"floor":9.0,"key":"Turnip"},{"floor":11.0,"key":"Mango"},{"floor":21.0,"key":"Ice Cream"},{"floor":24.0,"key":"Sundial"},{"floor":26.0,"key":"Matryoshka"},{"floor":27.0,"key":"Molten Egg 2"},{"floor":42.0,"key":"Paper Frog"},{"floor":43.0,"key":"Smiling Mask"},{"floor":47.0,"key":"FossilizedHelix"},{"floor":48.0,"key":"Unceasing Top"},{"floor":55,"key":"Thread and Needle"}],"event_choices":[{"cards_removed":["Pain"],"damage_healed":0.0,"max_hp_gain":0.0,"max_hp_loss":0.0,"gold_gain":0.0,"event_name":"Golden Wing","player_choice":"Card Removal","floor":2.0,"gold_loss":0.0,"damage_taken":7.0},{"damage_healed":0.0,"max_hp_gain":0.0,"max_hp_loss":0.0,"gold_gain":0.0,"event_name":"Lab","player_choice":"Got Potions","floor":13.0,"gold_loss":0.0,"damage_taken":0.0},{"damage_healed":0.0,"max_hp_gain":0.0,"max_hp_loss":0.0,"gold_gain":0.0,"event_name":"The Woman in Blue","player_choice":"Bought 1 Potion","floor":19.0,"gold_loss":0.0,"damage_taken":0.0},{"damage_healed":0.0,"max_hp_gain":0.0,"max_hp_loss":0.0,"gold_gain":0.0,"event_name":"The Library","player_choice":"Read","floor":29.0,"gold_loss":0.0,"damage_taken":0.0,"cards_obtained":["Dark Embrace"]},{"damage_healed":0.0,"max_hp_gain":0.0,"max_hp_loss":0.0,"gold_gain":0.0,"event_name":"N\u0027loth","player_choice":"Traded Relic","floor":31.0,"relics_lost":["Molten Egg 2"],"gold_loss":0.0,"damage_taken":0.0,"relics_obtained":["Nloth\u0027s Gift"]},{"damage_healed":0.0,"max_hp_gain":0.0,"max_hp_loss":0.0,"gold_gain":0.0,"event_name":"Mysterious Sphere","player_choice":"Fight","floor":47.0,"gold_loss":0.0,"damage_taken":0.0}],"is_beta":false,"boss_relics":[{"not_picked":["Empty Cage","Orrery"],"picked":"Runic Dome"},{"not_picked":["Philosopher\u0027s Stone","Black Star"],"picked":"Mark of Pain"}],"items_purged_floors":[3,7,20,36,54],"is_endless":false,"potions_floor_spawned":[8,11,12,14,16,22,30,37,39,42,45,55],"ascension_level":20}