{"gold_per_floor":[364,377,388,26,26,26,101,101,101,127,137,155,155],"floor_reached":13,"playtime":310,"items_purged":[],"score":170,"play_id":"3211814c-76b2-4142-a815-8496d7829978","local_time":"20190301225536","is_ascension_mode":true,"campfire_choices":[{"data":"Zap","floor":6,"key":"SMITH"},{"floor":8,"key":"REST"}],"neow_cost":"TEN_PERCENT_HP_LOSS","seed_source_timestamp":113111695255362,"circlet_count":0,"master_deck":["AscendersBane","Strike_B","Strike_B","Strike_B","Strike_B","Defend_B","Defend_B","Defend_B","Defend_B","Zap+1","Dualcast","Cold Snap","Turbo","Go for the Eyes","Skim","Turbo","Skim","BootSequence","Consume"],"relics":["Cracked Core","OrangePellets","Pocketwatch","Shuriken","Regal Pillow"],"potions_floor_usage":[],"damage_taken":[{"damage":1,"enemies":"Cultist","floor":1,"turns":3},{"damage":2,"enemies":"Small Slimes","floor":2,"turns":3},{"damage":14,"enemies":"2 Louse","floor":3,"turns":3},{"damage":29,"enemies":"3 Sentries","floor":10,"turns":8},{"damage":3,"enemies":"Blue Slaver","floor":11,"turns":3},{"damage":3,"enemies":"Large Slime","floor":12,"turns":6},{"damage":0,"enemies":"Gremlin Nob","floor":13,"turns":2}],"seed_played":"-5067481754672709331","potions_obtained":[{"floor":10,"key":"Ancient Potion"}],"is_trial":false,"path_per_floor":["M","M","M","$","?","R","?","R","T","E","M","M","E"],"character_chosen":"DEFECT","items_purchased":["OrangePellets","Skim","Turbo"],"campfire_rested":1,"item_purchase_floors":[4,4,4],"current_hp_per_floor":[63,61,47,47,29,29,18,37,37,8,5,2,2],"gold":155,"neow_bonus":"TWO_FIFTY_GOLD","is_prod":false,"is_daily":false,"chose_seed":false,"campfire_upgraded":1,"win_rate":0,"timestamp":1551452136,"path_taken":["M","M","M","?","?","R","?","R","T","E","M","M","E"],"build_version":"2019-01-23","purchased_purges":0,"victory":false,"max_hp_per_floor":[64,64,64,64,64,64,64,64,64,64,64,64,64],"card_choices":[{"not_picked":["Hologram","Conserve Battery"],"picked":"Cold Snap","floor":1},{"not_picked":["BootSequence","Undo"],"picked":"Turbo","floor":2},{"not_picked":["Reprogram","Leap"],"picked":"Go for the Eyes","floor":3},{"not_picked":["Steam","Turbo"],"picked":"Skim","floor":10},{"not_picked":["Leap","Fission"],"picked":"BootSequence","floor":11},{"not_picked":["Steam Power","Darkness"],"picked":"Consume","floor":12}],"player_experience":1063020,"relics_obtained":[{"floor":9,"key":"Shuriken"},{"floor":10,"key":"Regal Pillow"}],"event_choices":[{"damage_healed":0,"gold_gain":0,"player_choice":"Success","damage_taken":18,"relics_obtained":["Pocketwatch"],"max_hp_gain":0,"max_hp_loss":0,"event_name":"Scrap Ooze","floor":5,"gold_loss":0},{"damage_healed":0,"gold_gain":75,"player_choice":"Gather Gold","damage_taken":11,"max_hp_gain":0,"max_hp_loss":0,"event_name":"World of Goop","floor":7,"gold_loss":0}],"is_beta":false,"boss_relics":[],"items_purged_floors":[],"is_endless":false,"potions_floor_spawned":[10],"killed_by":"Gremlin Nob","ascension_level":20}