{"gold_per_floor":[362,362,362,462,480,504,504,578,601,335,351,386,386,459,459,549,549,573,587,587,600,620,620,520,538,610,199,199,199,233,7,7,102,102,122,138,157,88,421,421,246,271,341,341,355,382,382,0,0,0],"floor_reached":51,"playtime":3397,"items_purged":["Strike_R","Strike_R","Strike_R","Strike_R","Strike_R"],"score":1191,"play_id":"22d756ec-590d-48ee-8b83-3f66578865bd","local_time":"20190805190748","is_ascension_mode":true,"campfire_choices":[{"data":"Whirlwind","floor":7.0,"key":"SMITH"},{"floor":13.0,"key":"REST"},{"floor":15.0,"key":"REST"},{"data":"Double Tap","floor":23,"key":"SMITH"},{"data":"Shockwave","floor":28,"key":"SMITH"},{"data":"Rampage","floor":32,"key":"SMITH"},{"data":"Limit Break","floor":40,"key":"SMITH"},{"floor":44,"key":"REST"},{"data":"Inflame","floor":49,"key":"SMITH"}],"neow_cost":"PERCENT_DAMAGE","seed_source_timestamp":0,"circlet_count":0,"master_deck":["AscendersBane","Defend_R","Defend_R","Defend_R","Defend_R","Bash","Whirlwind+1","Pommel Strike","Flame Barrier","Shrug It Off","Rampage+1","Double Tap+1","Pommel Strike+1","Shockwave+1","Cleave+1","True Grit","Impervious","Limit Break+1","Inflame+1","Headbutt+1","Inflame","Body Slam+1","Armaments+1","Doubt"],"special_seed":0,"relics":["Burning Blood","Shuriken","Happy Flower","PreservedInsect","Ornamental Fan","Red Skull","Philosopher\u0027s Stone","Letter Opener","MealTicket","Oddly Smooth Stone","Velvet Choker","Juzu Bracelet","Mummified Hand","Sundial","Red Mask"],"potions_floor_usage":[22,30,33,33,37,50,50],"damage_taken":[{"damage":3.0,"enemies":"Jaw Worm","floor":1.0,"turns":6.0},{"damage":10.0,"enemies":"Small Slimes","floor":5.0,"turns":3.0},{"damage":5.0,"enemies":"2 Louse","floor":6.0,"turns":3.0},{"damage":6.0,"enemies":"Red Slaver","floor":11.0,"turns":3.0},{"damage":19.0,"enemies":"Lagavulin","floor":12.0,"turns":8.0},{"damage":27.0,"enemies":"Gremlin Nob","floor":14.0,"turns":4.0},{"damage":20.0,"enemies":"Slime Boss","floor":16.0,"turns":9.0},{"damage":33,"enemies":"Chosen","floor":18,"turns":5},{"damage":0,"enemies":"3 Byrds","floor":19,"turns":3},{"damage":0,"enemies":"Cultist and Chosen","floor":21,"turns":3},{"damage":9,"enemies":"Snake Plant","floor":22,"turns":2},{"damage":6,"enemies":"Centurion and Healer","floor":25,"turns":4},{"damage":18,"enemies":"Book of Stabbing","floor":30,"turns":4},{"damage":68,"enemies":"Champ","floor":33,"turns":9},{"damage":3,"enemies":"Orb Walker","floor":35,"turns":3},{"damage":12,"enemies":"3 Darklings","floor":36,"turns":3},{"damage":41,"enemies":"Writhing Mass","floor":37,"turns":5},{"damage":5,"enemies":"Nemesis","floor":42,"turns":5},{"damage":10,"enemies":"Transient","floor":45,"turns":5},{"damage":67,"enemies":"Reptomancer","floor":46,"turns":3},{"damage":68,"enemies":"Time Eater","floor":50,"turns":8}],"seed_played":"-2174114090484656306","potions_obtained":[{"floor":1.0,"key":"GamblersBrew"},{"floor":11.0,"key":"SkillPotion"},{"floor":14.0,"key":"Dexterity Potion"},{"floor":16.0,"key":"FearPotion"},{"floor":19,"key":"Poison Potion"},{"floor":21,"key":"Weak Potion"},{"floor":25,"key":"Strength Potion"},{"floor":33,"key":"Dexterity Potion"},{"floor":35,"key":"Swift Potion"},{"floor":42,"key":"Regen Potion"},{"floor":46,"key":"BloodPotion"}],"is_trial":false,"path_per_floor":["M","?","?","?","M","M","R","T","T","$","M","E","R","?","R","B",null,"M","M","?","M","M","R","$","M","T","$","R","$","E","$","R","B",null,"M","M","M","$","?","R","$","E","T","R","M","E","?","?","R","B",null],"character_chosen":"IRONCLAD","items_purchased":["Shrug It Off","PreservedInsect","Impervious","MealTicket","Regen Potion","Inflame"],"campfire_rested":3,"item_purchase_floors":[10,10,27,27,31,38],"current_hp_per_floor":[53,53,35,35,31,32,32,32,32,32,32,19,41,20,42,28,63,36,42,35,41,38,38,38,38,38,38,38,53,41,56,56,9,59,62,56,21,36,36,36,51,52,52,74,70,9,75,75,75,45],"gold":0,"neow_bonus":"TWO_FIFTY_GOLD","is_prod":false,"is_daily":false,"chose_seed":false,"campfire_upgraded":6,"win_rate":0,"timestamp":1565050068,"path_taken":["M","?","?","?","M","?","R","?","T","$","M","E","R","?","R","BOSS","M","M","?","?","M","R","?","?","T","$","R","$","E","$","R","BOSS","M","?","M","$","?","R","$","E","T","R","M","E","?","?","R","BOSS"],"build_version":"2019-07-17","purchased_purges":5,"victory":true,"max_hp_per_floor":[75,75,75,75,75,75,75,75,75,75,75,75,75,75,75,75,75,75,75,75,75,75,75,75,75,75,75,75,75,75,75,75,75,75,75,75,75,75,75,75,75,75,75,75,75,75,75,75,75,75],"card_choices":[{"not_picked":["Havoc","Battle Trance"],"picked":"Whirlwind","floor":1.0},{"not_picked":["Twin Strike","Disarm"],"picked":"Pommel Strike","floor":5.0},{"not_picked":["Body Slam","Heavy Blade"],"picked":"Flame Barrier","floor":6.0},{"not_picked":["Blood for Blood","Hemokinesis","Cleave"],"picked":"SKIP","floor":11.0},{"not_picked":["Reckless Charge","Perfected Strike","Flex"],"picked":"SKIP","floor":12.0},{"not_picked":["Pummel","Blood for Blood"],"picked":"Rampage","floor":14.0},{"not_picked":["Impervious","Fiend Fire"],"picked":"Double Tap","floor":16.0},{"not_picked":["Corruption","Twin Strike"],"picked":"Pommel Strike+1","floor":18},{"not_picked":["Headbutt+1","Pommel Strike+1"],"picked":"Shockwave","floor":19},{"not_picked":["Havoc","Feel No Pain"],"picked":"Cleave+1","floor":21},{"not_picked":["Warcry","Hemokinesis"],"picked":"True Grit","floor":22},{"not_picked":["Pummel","Perfected Strike","Warcry"],"picked":"SKIP","floor":25},{"not_picked":["Thunderclap","Searing Blow","Wild Strike"],"picked":"SKIP","floor":30},{"not_picked":["Brutality","Berserk"],"picked":"Limit Break","floor":33},{"not_picked":["Evolve","Sword Boomerang","Burning Pact"],"picked":"SKIP","floor":35},{"not_picked":["Clash","Body Slam+1"],"picked":"Inflame","floor":36},{"not_picked":["Twin Strike+1","Havoc"],"picked":"Headbutt+1","floor":37},{"not_picked":["Disarm+1","Armaments"],"picked":"Body Slam+1","floor":42},{"not_picked":["Havoc","Sword Boomerang","Thunderclap"],"picked":"SKIP","floor":45},{"not_picked":["Dark Embrace","Pommel Strike"],"picked":"Armaments+1","floor":46}],"player_experience":450044,"relics_obtained":[{"floor":8.0,"key":"Shuriken"},{"floor":9.0,"key":"Happy Flower"},{"floor":12.0,"key":"Ornamental Fan"},{"floor":14.0,"key":"Red Skull"},{"floor":26,"key":"Letter Opener"},{"floor":30,"key":"Oddly Smooth Stone"},{"floor":42,"key":"Juzu Bracelet"},{"floor":43,"key":"Mummified Hand"},{"floor":46,"key":"Sundial"}],"event_choices":[{"damage_healed":0.0,"max_hp_gain":0.0,"max_hp_loss":0.0,"gold_gain":0.0,"event_name":"Liars Game","player_choice":"Ignored","floor":2.0,"gold_loss":0.0,"damage_taken":0.0},{"damage_healed":0.0,"max_hp_gain":0.0,"max_hp_loss":0.0,"gold_gain":0.0,"event_name":"Golden Idol","player_choice":"Take Damage","floor":3.0,"gold_loss":0.0,"damage_taken":18.0,"relics_obtained":["Golden Idol"]},{"damage_healed":0.0,"max_hp_gain":0.0,"max_hp_loss":0.0,"gold_gain":100.0,"event_name":"Wheel of Change","player_choice":"Gold","floor":4.0,"gold_loss":0.0,"damage_taken":0.0},{"damage_healed":0.0,"max_hp_gain":0.0,"max_hp_loss":0.0,"gold_gain":0.0,"event_name":"Dead Adventurer","player_choice":"Searched \u00272\u0027 times","floor":14.0,"gold_loss":0.0,"damage_taken":0.0},{"damage_healed":0,"gold_gain":0,"player_choice":"","damage_taken":7,"max_hp_gain":0,"max_hp_loss":0,"event_name":"Knowing Skull","floor":20,"potions_obtained":[],"gold_loss":0,"cards_obtained":[]},{"damage_healed":0,"gold_gain":333,"player_choice":"Gave Idol","damage_taken":0,"max_hp_gain":0,"max_hp_loss":0,"event_name":"The Moai Head","floor":39,"relics_lost":["Golden Idol"],"gold_loss":0},{"damage_healed":66,"gold_gain":0,"player_choice":"Heal","damage_taken":0,"max_hp_gain":0,"max_hp_loss":0,"event_name":"MindBloom","floor":47,"gold_loss":0,"cards_obtained":["Doubt"]},{"damage_healed":0,"gold_gain":0,"player_choice":"Paid","damage_taken":0,"relics_obtained":["Red Mask"],"max_hp_gain":0,"max_hp_loss":0,"event_name":"Tomb of Lord Red Mask","floor":48,"gold_loss":382}],"is_beta":false,"boss_relics":[{"not_picked":["Snecko Eye","Fusion Hammer"],"picked":"Philosopher\u0027s Stone"},{"not_picked":["Black Blood","Calling Bell"],"picked":"Velvet Choker"}],"items_purged_floors":[10,24,27,31,41],"is_endless":false,"potions_floor_spawned":[1,11,14,16,19,21,25,33,35,42,46],"ascension_level":14}