{"gold_per_floor":[114,126,136,61,61,61,88,88,112,138,167,202,102,102,102,102],"floor_reached":16,"playtime":433,"items_purged":["Strike_G","Strike_G"],"score":282,"play_id":"d606b44c-5bcd-4de7-8d4e-0d6834b65260","local_time":"20190125220505","is_ascension_mode":true,"campfire_choices":[{"data":"Calculated Gamble","floor":6.0,"key":"SMITH"},{"data":"Acrobatics","floor":8.0,"key":"SMITH"},{"data":"Prepared","floor":15,"key":"SMITH"}],"neow_cost":"NONE","seed_source_timestamp":43515459635504,"circlet_count":0,"master_deck":["AscendersBane","Defend_G","Defend_G","Defend_G","Defend_G","Defend_G","Strike_G","Strike_G","Strike_G","Survivor","Neutralize","Calculated Gamble+1","Acrobatics+1","Eviscerate","Outmaneuver","Terror","Prepared+1"],"special_seed":0,"relics":["Ring of the Snake","NeowsBlessing","Pen Nib","PreservedInsect","Lantern","Darkstone Periapt","Odd Mushroom","Strawberry","Letter Opener"],"potions_floor_usage":[16],"damage_taken":[{"damage":0.0,"enemies":"Jaw Worm","floor":1.0,"turns":1.0},{"damage":0.0,"enemies":"Cultist","floor":2.0,"turns":1.0},{"damage":0.0,"enemies":"Small Slimes","floor":3.0,"turns":1.0},{"damage":2.0,"enemies":"Lagavulin","floor":7.0,"turns":7.0},{"damage":17,"enemies":"3 Sentries","floor":10,"turns":9},{"damage":11,"enemies":"The Mushroom Lair","floor":11,"turns":6},{"damage":0,"enemies":"Gremlin Nob","floor":12,"turns":2},{"damage":0,"enemies":"Slime Boss","floor":16,"turns":3}],"seed_played":"-1796651215657944047","potions_obtained":[{"floor":2.0,"key":"SteroidPotion"},{"floor":3.0,"key":"AttackPotion"},{"floor":12,"key":"PowerPotion"}],"is_trial":false,"path_per_floor":["M","M","M","$","?","R","E","R","T","E","?","E","$","T","R","B"],"character_chosen":"THE_SILENT","items_purchased":[],"campfire_rested":0,"item_purchase_floors":[],"current_hp_per_floor":[59,59,59,59,33,33,31,31,31,14,3,10,10,10,10,10],"gold":102,"neow_bonus":"THREE_ENEMY_KILL","is_prod":false,"is_daily":false,"chose_seed":false,"campfire_upgraded":3,"win_rate":0,"timestamp":1548425105,"path_taken":["M","M","M","$","?","R","E","R","T","E","?","E","?","?","R","BOSS"],"build_version":"2019-01-23","purchased_purges":2,"victory":false,"max_hp_per_floor":[66,66,66,66,66,66,66,66,66,66,66,73,73,73,73,73],"card_choices":[{"not_picked":["Deflect","Flying Knee"],"picked":"Calculated Gamble","floor":1.0},{"not_picked":["Poisoned Stab","Endless Agony"],"picked":"Acrobatics","floor":2.0},{"not_picked":["Cloak And Dagger","Concentrate"],"picked":"Eviscerate","floor":3.0},{"not_picked":["Slice","All Out Attack","Deadly Poison"],"picked":"SKIP","floor":7.0},{"not_picked":["Phantasmal Killer","Backflip"],"picked":"Outmaneuver","floor":10},{"not_picked":["Quick Slash","Noxious Fumes"],"picked":"Terror","floor":11},{"not_picked":["Terror","Storm of Steel"],"picked":"Prepared","floor":12}],"player_experience":1347677,"relics_obtained":[{"floor":7.0,"key":"PreservedInsect"},{"floor":9.0,"key":"Lantern"},{"floor":10,"key":"Darkstone Periapt"},{"floor":11,"key":"Odd Mushroom"},{"floor":12,"key":"Strawberry"},{"floor":14,"key":"Letter Opener"}],"event_choices":[{"damage_healed":0.0,"max_hp_gain":0.0,"max_hp_loss":0.0,"gold_gain":0.0,"event_name":"Scrap Ooze","player_choice":"Success","floor":5.0,"gold_loss":0.0,"damage_taken":26.0,"relics_obtained":["Pen Nib"]},{"damage_healed":0,"gold_gain":0,"player_choice":"Fought Mushrooms","damage_taken":0,"max_hp_gain":0,"max_hp_loss":0,"event_name":"Mushrooms","floor":11,"gold_loss":0}],"is_beta":true,"boss_relics":[],"items_purged_floors":[4,13],"is_endless":false,"potions_floor_spawned":[2,3,12],"killed_by":"Slime Boss","ascension_level":20}