{"gold_per_floor":[112,112,131,142,67,67,67,85,85,97,97,114,114,131,131,206,206,219,219,232,244,244,244,244,244,244,244,83,97,97,113,113,190,190,209,109,109,127,142,142,142,142,214,243,263,294,305,337,337,337,337,337,337,16,47,47],"floor_reached":57,"playtime":2574,"items_purged":["Strike_G","Strike_G","Swift Strike"],"score":3028,"play_id":"d3034ee9-77c8-4589-93f4-a4a50d542537","local_time":"20190103200052","is_ascension_mode":true,"campfire_choices":[{"data":"Footwork","floor":6.0,"key":"SMITH"},{"data":"Catalyst","floor":11.0,"key":"SMITH"},{"data":"Deadly Poison","floor":13.0,"key":"SMITH"},{"data":"Neutralize","floor":15.0,"key":"SMITH"},{"data":"Grand Finale","floor":23.0,"key":"SMITH"},{"data":"Purity","floor":25.0,"key":"SMITH"},{"data":"Survivor","floor":27.0,"key":"SMITH"},{"data":"Calculated Gamble","floor":32.0,"key":"SMITH"},{"data":"Reflex","floor":40.0,"key":"SMITH"},{"floor":42.0,"key":"RECALL"},{"data":"PiercingWail","floor":49.0,"key":"SMITH"},{"data":"Defend_G","floor":53.0,"key":"SMITH"}],"neow_cost":"PERCENT_DAMAGE","seed_source_timestamp":25069999058544,"circlet_count":0,"master_deck":["AscendersBane","Defend_G+1","Defend_G","Defend_G","Defend_G","Survivor+1","Neutralize+1","Purity+1","Footwork+1","Catalyst+1","Calculated Gamble+1","Deadly Poison+1","Grand Finale+1","PiercingWail+1","Reflex+1","Purity"],"special_seed":0,"relics":["Ring of the Snake","Runic Pyramid","Gambling Chip","Coffee Dripper","Kunai","Ornamental Fan","Oddly Smooth Stone","Smiling Mask"],"potions_floor_usage":[56,56],"damage_taken":[{"damage":0.0,"enemies":"2 Louse","floor":1.0,"turns":4.0},{"damage":0.0,"enemies":"Cultist","floor":3.0,"turns":4.0},{"damage":10.0,"enemies":"Jaw Worm","floor":4.0,"turns":7.0},{"damage":13.0,"enemies":"Looter","floor":8.0,"turns":4.0},{"damage":0.0,"enemies":"2 Fungi Beasts","floor":10.0,"turns":5.0},{"damage":0.0,"enemies":"Blue Slaver","floor":12.0,"turns":4.0},{"damage":9.0,"enemies":"Exordium Thugs","floor":14.0,"turns":5.0},{"damage":6.0,"enemies":"The Guardian","floor":16.0,"turns":7.0},{"damage":0.0,"enemies":"3 Byrds","floor":18.0,"turns":3.0},{"damage":0.0,"enemies":"Chosen","floor":20.0,"turns":4.0},{"damage":3.0,"enemies":"Snecko","floor":21.0,"turns":4.0},{"damage":0.0,"enemies":"Sentry and Sphere","floor":29.0,"turns":3.0},{"damage":0.0,"enemies":"Chosen and Byrds","floor":31.0,"turns":4.0},{"damage":0.0,"enemies":"Collector","floor":33.0,"turns":5.0},{"damage":0.0,"enemies":"3 Shapes","floor":35.0,"turns":1.0},{"damage":0.0,"enemies":"3 Darklings","floor":38.0,"turns":2.0},{"damage":0.0,"enemies":"Writhing Mass","floor":39.0,"turns":5.0},{"damage":17.0,"enemies":"Nemesis","floor":44.0,"turns":3.0},{"damage":0.0,"enemies":"Jaw Worm Horde","floor":45.0,"turns":1.0},{"damage":0.0,"enemies":"Giant Head","floor":46.0,"turns":3.0},{"damage":7.0,"enemies":"Maw","floor":47.0,"turns":4.0},{"damage":7.0,"enemies":"Nemesis","floor":48.0,"turns":9.0},{"damage":0.0,"enemies":"Time Eater","floor":50.0,"turns":4.0},{"damage":21.0,"enemies":"Donu and Deca","floor":51.0,"turns":5.0},{"damage":34.0,"enemies":"Shield and Spear","floor":55.0,"turns":5.0},{"damage":14,"enemies":"The Heart","floor":56,"turns":10}],"seed_played":"6411842920150491695","potions_obtained":[{"floor":4.0,"key":"Ancient Potion"},{"floor":8.0,"key":"Poison Potion"},{"floor":16.0,"key":"Poison Potion"},{"floor":20.0,"key":"FearPotion"}],"is_trial":false,"path_per_floor":["M","?","M","M","M","?","R","?","M","T","M","R","M","R","M","R","B",null,"M","?","M","M","?","R","?","R","T","R","$","M","$","M","R","B",null,"M","$","?","M","M","R","?","R","T","E","M","E","M","E","R","B","B",null,"R","$","E","B",null],"character_chosen":"THE_SILENT","items_purchased":["Reflex","Ancient Potion","EssenceOfSteel","Purity"],"campfire_rested":0,"item_purchase_floors":[28,54,54,54],"current_hp_per_floor":[44,44,44,34,34,34,34,21,21,21,21,21,21,12,12,6,51,51,51,51,48,48,48,48,48,48,48,48,48,48,48,48,48,62,62,62,62,62,62,62,62,62,62,45,45,45,38,31,31,31,10,50,50,50,16,2],"gold":47,"neow_bonus":"RANDOM_COLORLESS_2","is_prod":false,"is_daily":false,"chose_seed":false,"campfire_upgraded":11,"win_rate":0,"timestamp":1546516852,"path_taken":["M","?","M","M","?","R","?","?","T","?","R","M","R","M","R","BOSS","M","?","M","M","?","R","?","R","T","R","?","?","$","M","R","BOSS","M","$","?","M","M","R","?","R","T","E","M","E","M","E","R","BOSS","BOSS","R","$","E","BOSS"],"build_version":"2018-12-20","purchased_purges":3,"victory":true,"max_hp_per_floor":[66,66,66,66,66,66,66,66,66,66,66,66,66,66,66,66,66,66,66,66,66,66,66,66,66,66,66,66,66,66,66,66,66,66,66,66,63,63,63,63,63,63,63,63,63,63,63,63,63,63,63,63,63,63,63,63],"card_choices":[{"not_picked":["Slice","Acrobatics"],"picked":"Footwork","floor":1.0},{"not_picked":["Slice","Endless Agony","Choke"],"picked":"SKIP","floor":3.0},{"not_picked":["Riddle With Holes","Caltrops"],"picked":"Calculated Gamble","floor":4.0},{"not_picked":["Prepared","Calculated Gamble"],"picked":"Deadly Poison","floor":8.0},{"not_picked":["Heel Hook","Dagger Throw","Crippling Poison"],"picked":"SKIP","floor":10.0},{"not_picked":["Heel Hook","Dagger Throw","Crippling Poison"],"picked":"SKIP","floor":10.0},{"not_picked":["Masterful Stab","Dagger Throw","Poisoned Stab"],"picked":"SKIP","floor":12.0},{"not_picked":["Slice","Deflect","Bane"],"picked":"SKIP","floor":14.0},{"not_picked":["A Thousand Cuts","Envenom"],"picked":"Grand Finale","floor":16.0},{"not_picked":["Sucker Punch","Endless Agony","Dagger Spray"],"picked":"SKIP","floor":18.0},{"not_picked":["Riddle With Holes","Leg Sweep","PiercingWail"],"picked":"SKIP","floor":20.0},{"not_picked":["Riddle With Holes","Leg Sweep"],"picked":"PiercingWail","floor":20.0},{"not_picked":["Bane","Sucker Punch","Distraction"],"picked":"SKIP","floor":21.0},{"not_picked":["Deflect","Quick Slash","Choke+1"],"picked":"SKIP","floor":29.0},{"not_picked":["Bouncing Flask","Deflect","Eviscerate"],"picked":"SKIP","floor":31.0},{"not_picked":["Unload","Storm of Steel"],"picked":"After Image","floor":33.0},{"not_picked":["Deadly Poison","Expertise","Blade Dance"],"picked":"SKIP","floor":35.0},{"not_picked":["Blade Dance","Crippling Poison+1","Terror"],"picked":"SKIP","floor":38.0},{"not_picked":["Flying Knee","Blade Dance","Poisoned Stab"],"picked":"SKIP","floor":39.0},{"not_picked":["Deflect","Riddle With Holes","Concentrate"],"picked":"SKIP","floor":44.0},{"not_picked":["Envenom","Predator","Dodge and Roll+1"],"picked":"SKIP","floor":45.0},{"not_picked":["Acrobatics","Bane","Predator"],"picked":"SKIP","floor":46.0},{"not_picked":["Bane","Backflip","Backstab+1"],"picked":"SKIP","floor":47.0},{"not_picked":["Quick Slash","Predator+1","Prepared"],"picked":"SKIP","floor":48.0},{"not_picked":["Predator","Slice","Dodge and Roll"],"picked":"SKIP","floor":55.0}],"player_experience":1700996,"relics_obtained":[{"floor":26.0,"key":"Gambling Chip"},{"floor":43.0,"key":"Kunai"},{"floor":44.0,"key":"Ornamental Fan"},{"floor":46.0,"key":"Oddly Smooth Stone"},{"floor":48.0,"key":"Smiling Mask"}],"event_choices":[{"damage_healed":0.0,"max_hp_gain":0.0,"max_hp_loss":0.0,"gold_gain":0.0,"cards_transformed":["Strike_G"],"event_name":"Living Wall","player_choice":"Change","floor":2.0,"gold_loss":0.0,"damage_taken":0.0,"cards_obtained":["Catalyst"]},{"cards_removed":["Strike_G"],"damage_healed":0.0,"max_hp_gain":0.0,"max_hp_loss":0.0,"gold_gain":0.0,"event_name":"The Cleric","player_choice":"Card Removal","floor":5.0,"gold_loss":75.0,"damage_taken":0.0},{"cards_removed":["Defend_G"],"damage_healed":0.0,"max_hp_gain":0.0,"max_hp_loss":0.0,"gold_gain":0.0,"event_name":"Purifier","player_choice":"Purged","floor":7.0,"gold_loss":0.0,"damage_taken":0.0},{"cards_removed":["Strike_G"],"damage_healed":0.0,"max_hp_gain":0.0,"max_hp_loss":0.0,"gold_gain":0.0,"event_name":"Back to Basics","player_choice":"Elegance","floor":19.0,"gold_loss":0.0,"damage_taken":0.0},{"damage_healed":0.0,"max_hp_gain":0.0,"max_hp_loss":0.0,"gold_gain":0.0,"event_name":"The Mausoleum","player_choice":"Ignored","floor":22.0,"gold_loss":0.0,"damage_taken":0.0},{"damage_healed":0.0,"max_hp_gain":0.0,"max_hp_loss":0.0,"gold_gain":0.0,"event_name":"Cursed Tome","player_choice":"Ignored","floor":24.0,"gold_loss":0.0,"damage_taken":0.0},{"damage_healed":0.0,"max_hp_gain":0.0,"max_hp_loss":3.0,"gold_gain":0.0,"event_name":"Winding Halls","player_choice":"Max HP","floor":37.0,"gold_loss":0.0,"damage_taken":0.0},{"cards_removed":["After Image"],"damage_healed":0.0,"max_hp_gain":0.0,"max_hp_loss":0.0,"gold_gain":0.0,"event_name":"Falling","player_choice":"Removed Power","floor":41.0,"gold_loss":0.0,"damage_taken":0.0}],"is_beta":false,"boss_relics":[{"not_picked":["Lizard Tail","Philosopher\u0027s Stone"],"picked":"Runic Pyramid"},{"not_picked":["Orrery","White Beast Statue"],"picked":"Coffee Dripper"}],"items_purged_floors":[28,36,54],"is_endless":false,"potions_floor_spawned":[4,8,10,12,16,18,20,29,31,38,46],"ascension_level":20}