{"gold_per_floor":[114,126,136,136,61,93,108,108,108,126,126,126],"floor_reached":12,"playtime":433,"items_purged":[],"score":160,"play_id":"9a38f5e4-9458-45bd-bb22-b57c1ab06653","local_time":"20190419053334","is_ascension_mode":true,"campfire_choices":[{"data":"Bouncing Flask","floor":8.0,"key":"SMITH"},{"data":"A Thousand Cuts","floor":11,"key":"SMITH"}],"neow_cost":"NONE","seed_source_timestamp":62389733870087,"circlet_count":0,"master_deck":["AscendersBane","Defend_G","Defend_G","Defend_G","Defend_G","Defend_G","Strike_G","Strike_G","Strike_G","Strike_G","Survivor","Neutralize","Escape Plan","Bouncing Flask+1","Well Laid Plans","Regret","Backflip","A Thousand Cuts+1"],"special_seed":0,"relics":["Ring of the Snake","NeowsBlessing","Blue Candle","Turnip"],"potions_floor_usage":[12],"damage_taken":[{"damage":0.0,"enemies":"Small Slimes","floor":1.0,"turns":1.0},{"damage":0.0,"enemies":"2 Louse","floor":2.0,"turns":1.0},{"damage":0.0,"enemies":"Jaw Worm","floor":3.0,"turns":1.0},{"damage":12.0,"enemies":"Lagavulin","floor":6.0,"turns":7.0},{"damage":6.0,"enemies":"3 Louse","floor":7.0,"turns":5.0},{"damage":22,"enemies":"Exordium Wildlife","floor":10,"turns":8},{"damage":14,"enemies":"3 Sentries","floor":12,"turns":7}],"seed_played":"7605327790260512425","potions_obtained":[{"floor":1.0,"key":"Block Potion"},{"floor":10,"key":"Weak Potion"}],"is_trial":false,"path_per_floor":["M","M","M","?","?","E","M","R","T","M","R","E"],"character_chosen":"THE_SILENT","items_purchased":[],"campfire_rested":0,"item_purchase_floors":[],"current_hp_per_floor":[59,59,59,59,59,47,41,41,41,19,19,5],"gold":126,"neow_bonus":"THREE_ENEMY_KILL","is_prod":false,"is_daily":false,"chose_seed":false,"campfire_upgraded":2,"win_rate":0,"timestamp":1555623214,"path_taken":["M","M","M","?","?","E","M","R","T","M","R","E"],"build_version":"2019-01-23","purchased_purges":0,"victory":false,"max_hp_per_floor":[66,66,66,66,66,66,66,66,66,66,66,66],"card_choices":[{"not_picked":["Underhanded Strike","Dodge and Roll"],"picked":"Escape Plan","floor":1.0},{"not_picked":["Dodge and Roll","Expertise"],"picked":"Bouncing Flask","floor":2.0},{"not_picked":["Quick Slash","Backstab"],"picked":"Well Laid Plans","floor":3.0},{"not_picked":["Sucker Punch","Terror"],"picked":"Backflip","floor":6.0},{"not_picked":["Bouncing Flask","Dagger Spray","Flying Knee"],"picked":"SKIP","floor":7.0},{"not_picked":["Dagger Throw","Deflect"],"picked":"A Thousand Cuts","floor":10}],"player_experience":4395440,"relics_obtained":[{"floor":6.0,"key":"Turnip"}],"event_choices":[{"damage_healed":0.0,"max_hp_gain":0.0,"max_hp_loss":0.0,"gold_gain":0.0,"event_name":"Big Fish","player_choice":"Box","floor":4.0,"gold_loss":0.0,"damage_taken":0.0,"relics_obtained":["Blue Candle"],"cards_obtained":["Regret"]},{"cards_removed":["Strike_G"],"damage_healed":0.0,"max_hp_gain":0.0,"max_hp_loss":0.0,"gold_gain":0.0,"event_name":"The Cleric","player_choice":"Card Removal","floor":5.0,"gold_loss":75.0,"damage_taken":0.0}],"is_beta":false,"boss_relics":[],"items_purged_floors":[],"is_endless":false,"potions_floor_spawned":[1,10],"killed_by":"3 Sentries","ascension_level":20}