{"gold_per_floor":[112,37,37,51,61,61,94,94,118,146,166,91,118,135,135,135],"floor_reached":16,"playtime":371,"items_purged":["Defend_G"],"score":210,"play_id":"69105e0b-d867-49e6-b4e7-88daf26d4c5e","local_time":"20180722231102","is_ascension_mode":true,"campfire_choices":[{"data":"Deadly Poison","floor":6,"key":"SMITH"},{"data":"Catalyst","floor":15,"key":"SMITH"}],"neow_cost":"NONE","seed_source_timestamp":22280750291435,"circlet_count":0,"master_deck":["Defend_G","Defend_G","Defend_G","Defend_G","Strike_G","Strike_G+1","Strike_G+1","Survivor","Neutralize","AscendersBane","Deadly Poison+1","Blur","Dagger Throw","Poisoned Stab","Bullet Time","Terror","Catalyst+1"],"relics":["Ring of the Snake","NeowsBlessing","Bag of Marbles","Whetstone","Boot","Bag of Preparation"],"potions_floor_usage":[7],"damage_taken":[{"damage":0,"enemies":"2 Louse","floor":1,"turns":1},{"damage":0,"enemies":"Small Slimes","floor":4,"turns":1},{"damage":0,"enemies":"Cultist","floor":5,"turns":1},{"damage":16,"enemies":"Gremlin Nob","floor":7,"turns":5},{"damage":8,"enemies":"3 Sentries","floor":10,"turns":8},{"damage":0,"enemies":"Blue Slaver","floor":11,"turns":2},{"damage":18,"enemies":"Gremlin Nob","floor":13,"turns":5},{"damage":4,"enemies":"Exordium Wildlife","floor":14,"turns":3},{"damage":18,"enemies":"Slime Boss","floor":16,"turns":6}],"seed_played":"-3959532962021171177","potions_obtained":[{"floor":1,"key":"GhostInAJar"},{"floor":10,"key":"Dexterity Potion"},{"floor":11,"key":"Strength Potion"}],"is_trial":false,"path_per_floor":["M","$","?","M","M","R","E","?","T","E","M","?","E","M","R"],"character_chosen":"THE_SILENT","items_purchased":[],"campfire_rested":0,"item_purchase_floors":[],"current_hp_per_floor":[59,59,52,52,52,52,36,58,58,50,50,50,32,28,28,10],"gold":135,"neow_bonus":"THREE_ENEMY_KILL","is_prod":false,"is_daily":false,"chose_seed":false,"campfire_upgraded":2,"win_rate":0,"timestamp":1532272262,"path_taken":["M","$","?","?","M","R","E","?","T","E","M","?","E","M","R","BOSS"],"build_version":"2018-07-19","purchased_purges":1,"victory":false,"max_hp_per_floor":[66,66,66,66,66,66,66,66,66,66,66,66,66,66,66,66],"card_choices":[{"not_picked":["Masterful Stab","Terror"],"picked":"Deadly Poison","floor":1},{"not_picked":["Acrobatics","Deadly Poison"],"picked":"Blur","floor":4},{"not_picked":["Acrobatics","Venomology"],"picked":"Dagger Throw","floor":5},{"not_picked":["Deadly Poison","Glass Knife"],"picked":"Poisoned Stab","floor":7},{"not_picked":["Poisoned Stab","Deadly Poison"],"picked":"Bullet Time","floor":10},{"not_picked":["Dagger Spray","Infinite Blades"],"picked":"Terror","floor":11},{"not_picked":["Deadly Poison","Cloak And Dagger"],"picked":"Catalyst","floor":13},{"not_picked":["Choke","Heel Hook","Finisher"],"picked":"SKIP","floor":14}],"player_experience":771484,"relics_obtained":[{"floor":7,"key":"Bag of Marbles"},{"floor":9,"key":"Whetstone"},{"floor":10,"key":"Boot"},{"floor":13,"key":"Bag of Preparation"}],"event_choices":[{"event_name":"Golden Wing","player_choice":"Card Removal","floor":3,"damage_taken":0},{"event_name":"Big Fish","player_choice":"Banana","floor":8,"damage_taken":0},{"event_name":"The Cleric","player_choice":"Card Removal","floor":12,"damage_taken":0}],"is_beta":true,"boss_relics":[],"items_purged_floors":[2],"is_endless":false,"potions_floor_spawned":[1,10,11,13,14],"killed_by":"Slime Boss","ascension_level":15}