{"gold_per_floor":[119,44,97,22,22,56,56,56,109,122,122,122,138,152,152,228,228,202,213,231,0,20,20,30,210,289,289,304,304,324,334,334,413,413,432,432,442,452,552,552,578,598,624,624,649,649,676,397,397,397,397,397,397,101,126,126],"floor_reached":57,"playtime":7113,"items_purged":["Strike_G","Defend_G","Unload+1"],"score":3244,"play_id":"dc7f2134-f4e3-4c8a-b781-d6d6b75848cc","local_time":"20181224093215","is_ascension_mode":true,"campfire_choices":[{"data":"Noxious Fumes","floor":8.0,"key":"SMITH"},{"data":"Bouncing Flask","floor":12.0,"key":"SMITH"},{"data":"Neutralize","floor":15.0,"key":"SMITH"},{"data":"Well Laid Plans","floor":23.0,"key":"SMITH"},{"data":"Reflex","floor":27.0,"key":"SMITH"},{"data":"Concentrate","floor":29.0,"key":"SMITH"},{"data":"Expertise","floor":32.0,"key":"SMITH"},{"data":"Impatience","floor":40.0,"key":"SMITH"},{"floor":49.0,"key":"RECALL"},{"data":"Expertise","floor":53,"key":"SMITH"}],"neow_cost":"NONE","seed_source_timestamp":0,"circlet_count":0,"master_deck":["AscendersBane","Defend_G","Defend_G+1","Survivor","Neutralize+1","Noxious Fumes+1","Reflex+1","Bouncing Flask+1","Backstab+1","Concentrate+1","Expertise+1","Blur+1","Concentrate+1","Backflip","Well Laid Plans+1","Blur","Expertise+1","Adrenaline","Concentrate+1","Impatience+1","Master of Strategy","Well Laid Plans","Adrenaline","Expertise+1","After Image","Purity","Impatience"],"special_seed":0,"relics":["Ring of the Snake","NeowsBlessing","Oddly Smooth Stone","Molten Egg 2","Snake Skull","Astrolabe","Singing Bowl","Coffee Dripper","Gambling Chip","Strawberry","Happy Flower","Question Card","Centennial Puzzle"],"potions_floor_usage":[],"damage_taken":[{"damage":0.0,"enemies":"Small Slimes","floor":1.0,"turns":1.0},{"damage":0.0,"enemies":"Gremlin Nob","floor":6.0,"turns":1.0},{"damage":0.0,"enemies":"Jaw Worm","floor":10.0,"turns":1.0},{"damage":0.0,"enemies":"Cultist","floor":13.0,"turns":2.0},{"damage":0.0,"enemies":"Blue Slaver","floor":14.0,"turns":2.0},{"damage":23.0,"enemies":"Slime Boss","floor":16.0,"turns":7.0},{"damage":2.0,"enemies":"2 Thieves","floor":18.0,"turns":5.0},{"damage":10.0,"enemies":"Shell Parasite","floor":19.0,"turns":6.0},{"damage":0.0,"enemies":"Snake Plant","floor":20.0,"turns":3.0},{"damage":0.0,"enemies":"Centurion and Healer","floor":22.0,"turns":6.0},{"damage":0.0,"enemies":"3 Cultists","floor":24.0,"turns":5.0},{"damage":0.0,"enemies":"Sentry and Sphere","floor":28.0,"turns":4.0},{"damage":0.0,"enemies":"Cultist and Chosen","floor":30.0,"turns":5.0},{"damage":1.0,"enemies":"Snecko","floor":31.0,"turns":5.0},{"damage":2.0,"enemies":"Champ","floor":33.0,"turns":9.0},{"damage":0.0,"enemies":"3 Darklings","floor":35.0,"turns":4.0},{"damage":0.0,"enemies":"3 Shapes","floor":37.0,"turns":3.0},{"damage":0.0,"enemies":"Transient","floor":38.0,"turns":6.0},{"damage":0.0,"enemies":"Mind Bloom Boss Battle","floor":39.0,"turns":5.0},{"damage":0.0,"enemies":"Giant Head","floor":41.0,"turns":4.0},{"damage":0.0,"enemies":"Maw","floor":42.0,"turns":4.0},{"damage":0.0,"enemies":"Reptomancer","floor":45.0,"turns":4.0},{"damage":0.0,"enemies":"Nemesis","floor":47.0,"turns":3.0},{"damage":0.0,"enemies":"Donu and Deca","floor":50.0,"turns":1.0},{"damage":0,"enemies":"Awakened One","floor":51,"turns":4},{"damage":0,"enemies":"Shield and Spear","floor":55,"turns":1},{"damage":1,"enemies":"The Heart","floor":56,"turns":3}],"seed_played":"3032453183337216477","potions_obtained":[{"floor":1.0,"key":"SpeedPotion"},{"floor":14.0,"key":"Fire Potion"},{"floor":16.0,"key":"Weak Potion"},{"floor":33.0,"key":"FearPotion"}],"is_trial":false,"path_per_floor":["M","?","T","$","?","E","?","R","T","M","?","R","M","M","R","B",null,"M","M","M","?","M","R","M","?","T","R","M","R","M","M","R","B",null,"M","?","M","M","?","R","E","M","T","?","E","?","E","$","R","B","B",null,"R","$","E","B",null],"character_chosen":"THE_SILENT","items_purchased":["After Image","Purity","Impatience","GamblersBrew"],"campfire_rested":0,"item_purchase_floors":[48,48,54,54],"current_hp_per_floor":[59,59,59,59,39,39,39,39,39,39,39,39,39,39,39,16,54,52,42,42,42,42,42,42,24,24,24,26,26,26,27,27,25,59,59,51,53,53,55,55,62,64,64,64,64,64,66,66,66,66,66,79,79,79,81,80],"gold":126,"neow_bonus":"THREE_ENEMY_KILL","is_prod":false,"is_daily":false,"chose_seed":false,"campfire_upgraded":9,"win_rate":0,"timestamp":1545615135,"path_taken":["M","?","?","$","?","E","?","R","T","M","?","R","M","M","R","BOSS","M","M","?","?","M","R","M","?","T","R","?","R","M","M","R","BOSS","M","?","M","M","?","R","E","M","T","?","E","?","E","?","R","BOSS","BOSS","R","$","E","BOSS"],"build_version":"2018-12-20","purchased_purges":3,"victory":true,"max_hp_per_floor":[66,66,66,66,66,66,66,66,66,66,66,66,66,66,66,66,66,66,66,66,66,66,66,66,66,66,66,68,68,68,70,70,70,70,70,72,74,74,76,76,83,85,85,81,81,81,83,83,83,83,83,83,83,83,85,85],"card_choices":[{"not_picked":["Terror","Blade Dance"],"picked":"Noxious Fumes","floor":1.0},{"not_picked":["Skewer","Prepared"],"picked":"Reflex","floor":6.0},{"not_picked":["Blade Dance","Dagger Throw+1"],"picked":"Bouncing Flask","floor":10.0},{"not_picked":["Acrobatics","Infinite Blades"],"picked":"Backstab+1","floor":13.0},{"not_picked":["Flying Knee+1","Outmaneuver","Concentrate"],"picked":"SKIP","floor":14.0},{"not_picked":["Flying Knee+1","Outmaneuver"],"picked":"Concentrate","floor":14.0},{"not_picked":["Envenom","Storm of Steel"],"picked":"Unload+1","floor":16.0},{"not_picked":["Prepared","PiercingWail"],"picked":"Backflip","floor":18.0},{"not_picked":["Heel Hook+1","Slice+1","Poisoned Stab+1"],"picked":"SKIP","floor":19.0},{"not_picked":["Blade Dance","Quick Slash+1"],"picked":"Well Laid Plans","floor":20.0},{"not_picked":["Bouncing Flask","Backstab+1"],"picked":"Blur","floor":22.0},{"not_picked":["Quick Slash+1","Cloak And Dagger","Dodge and Roll"],"picked":"SKIP","floor":24.0},{"not_picked":["Quick Slash+1","Heel Hook+1","Deflect"],"picked":"Singing Bowl","floor":28.0},{"not_picked":["Catalyst","Eviscerate+1"],"picked":"Expertise","floor":30.0},{"not_picked":["PiercingWail","Bane+1","Dagger Spray+1"],"picked":"Singing Bowl","floor":31.0},{"not_picked":["Unload+1","Malaise"],"picked":"Adrenaline","floor":33.0},{"not_picked":["Outmaneuver+1","Quick Slash+1"],"picked":"Concentrate+1","floor":35.0},{"not_picked":["Sadistic Nature","Panache","Panacea"],"picked":"Singing Bowl","floor":36.0},{"not_picked":["Panacea","Bandage Up"],"picked":"Impatience","floor":36.0},{"not_picked":["Forethought","Mayhem"],"picked":"Master of Strategy","floor":36.0},{"not_picked":["Finisher+1","Underhanded Strike+1","Prepared"],"picked":"Singing Bowl","floor":37.0},{"not_picked":["Deflect","Bane+1"],"picked":"Well Laid Plans","floor":38.0},{"not_picked":["Flying Knee+1","Dagger Throw+1","Distraction"],"picked":"Singing Bowl","floor":39.0},{"not_picked":["Heel Hook+1","Infinite Blades"],"picked":"Adrenaline","floor":41.0},{"not_picked":["Setup","Blade Dance+1","Underhanded Strike+1"],"picked":"Singing Bowl","floor":42.0},{"not_picked":["Quick Slash+1","Deflect"],"picked":"Expertise","floor":45.0},{"not_picked":["Blade Dance+1","Finisher+1","PiercingWail"],"picked":"Singing Bowl","floor":47.0},{"not_picked":["Calculated Gamble","Dagger Spray+1","Flechettes+1","Eviscerate+1"],"picked":"Singing Bowl","floor":55}],"player_experience":1450070,"relics_obtained":[{"floor":3.0,"key":"Oddly Smooth Stone"},{"floor":6.0,"key":"Molten Egg 2"},{"floor":9.0,"key":"Snake Skull"},{"floor":26.0,"key":"Singing Bowl"},{"floor":39.0,"key":"Gambling Chip"},{"floor":41.0,"key":"Strawberry"},{"floor":45.0,"key":"Happy Flower"},{"floor":47.0,"key":"Question Card"},{"floor":55,"key":"Centennial Puzzle"}],"event_choices":[{"cards_removed":["Strike_G"],"damage_healed":0.0,"max_hp_gain":0.0,"max_hp_loss":0.0,"gold_gain":0.0,"event_name":"The Cleric","player_choice":"Card Removal","floor":2.0,"gold_loss":75.0,"damage_taken":0.0},{"damage_healed":0.0,"max_hp_gain":0.0,"max_hp_loss":0.0,"gold_gain":0.0,"event_name":"Shining Light","player_choice":"Entered Light","floor":5.0,"gold_loss":0.0,"damage_taken":20.0,"cards_upgraded":["Strike_G","Defend_G"]},{"damage_healed":0.0,"max_hp_gain":0.0,"max_hp_loss":0.0,"gold_gain":0.0,"event_name":"Liars Game","player_choice":"Ignored","floor":7.0,"gold_loss":0.0,"damage_taken":0.0},{"cards_removed":["Strike_G"],"damage_healed":0.0,"max_hp_gain":0.0,"max_hp_loss":0.0,"gold_gain":0.0,"event_name":"Purifier","player_choice":"Purged","floor":11.0,"gold_loss":0.0,"damage_taken":0.0},{"damage_healed":0.0,"max_hp_gain":0.0,"max_hp_loss":0.0,"gold_gain":0.0,"event_name":"Masked Bandits","player_choice":"Paid Fearfully","floor":21.0,"gold_loss":231.0,"damage_taken":0.0},{"damage_healed":0.0,"max_hp_gain":0.0,"max_hp_loss":0.0,"gold_gain":180.0,"event_name":"Knowing Skull","player_choice":"GOLD GOLD ","floor":25.0,"potions_obtained":[],"gold_loss":0.0,"damage_taken":18.0,"cards_obtained":[]},{"damage_healed":0.0,"max_hp_gain":0.0,"max_hp_loss":0.0,"gold_gain":0.0,"event_name":"SensoryStone","player_choice":"Memory 3","floor":36.0,"gold_loss":0.0,"damage_taken":10.0},{"damage_healed":0.0,"max_hp_gain":0.0,"max_hp_loss":0.0,"gold_gain":0.0,"event_name":"MindBloom","player_choice":"Fight","floor":39.0,"gold_loss":0.0,"damage_taken":0.0},{"damage_healed":0.0,"max_hp_gain":0.0,"max_hp_loss":4.0,"gold_gain":0.0,"event_name":"Winding Halls","player_choice":"Max HP","floor":44.0,"gold_loss":0.0,"damage_taken":0.0},{"cards_removed":["Strike_G"],"damage_healed":0.0,"max_hp_gain":0.0,"max_hp_loss":0.0,"gold_gain":0.0,"event_name":"Falling","player_choice":"Removed Attack","floor":46.0,"gold_loss":0.0,"damage_taken":0.0}],"is_beta":false,"boss_relics":[{"not_picked":["Snecko Eye","WristBlade"],"picked":"Astrolabe"},{"not_picked":["Eternal Feather","Black Star"],"picked":"Coffee Dripper"}],"items_purged_floors":[4,48,54],"is_endless":false,"potions_floor_spawned":[1,14,16,19,24,30,33,39,41,45,47],"ascension_level":20}