{"gold_per_floor":[118,118,118,32,49,49,61,94,118,43,43,67,77,92,92,169,169,186,86,100,100],"floor_reached":21,"playtime":1272,"items_purged":["Strike_G","Strike_G"],"score":458,"play_id":"67866fb2-e5b5-44ea-a0e9-d98a33b4e357","local_time":"20181025214639","is_ascension_mode":true,"campfire_choices":[{"data":"LifeRuler","floor":6,"key":"SMITH"},{"floor":11,"key":"REST"},{"data":"Blade Dance","floor":15,"key":"SMITH"}],"neow_cost":"NONE","seed_source_timestamp":22188529583596,"circlet_count":0,"master_deck":["Defend_G","Defend_G","Defend_G","Defend_G","Defend_G","Strike_G","Strike_G","Survivor","Neutralize","AscendersBane","LifeRuler+1","Footwork","Accuracy","Well Laid Plans","Dash","Blade Dance+1","Backflip","Burst","Terror+1","Cloak And Dagger"],"special_seed":0,"relics":["HarvestTotem","Bag of Marbles","Art of War","Odd Mushroom","Coffee Dripper"],"potions_floor_usage":[8,21],"damage_taken":[{"damage":23.0,"enemies":"2 Louse","floor":1.0,"turns":9.0},{"damage":18,"enemies":"Jaw Worm","floor":5,"turns":11},{"damage":13,"enemies":"Small Slimes","floor":7,"turns":7},{"damage":65,"enemies":"3 Sentries","floor":8,"turns":11},{"damage":15,"enemies":"The Mushroom Lair","floor":12,"turns":4},{"damage":55,"enemies":"Gremlin Gang","floor":13,"turns":8},{"damage":4,"enemies":"2 Fungi Beasts","floor":14,"turns":4},{"damage":11,"enemies":"Hexaghost","floor":16,"turns":6},{"damage":13,"enemies":"Shell Parasite","floor":18,"turns":8},{"damage":23,"enemies":"3 Byrds","floor":20,"turns":9},{"damage":32,"enemies":"3 Cultists","floor":21,"turns":5}],"seed_played":"-7819209783558421251","potions_obtained":[{"floor":1.0,"key":"Regen Potion"},{"floor":8,"key":"Poison Potion"},{"floor":14,"key":"GhostInAJar"}],"is_trial":false,"path_per_floor":["M","?","?","$","M","R","M","E","T","$","R","?","M","M","R","B",null,"M","$","M"],"character_chosen":"THE_SILENT","items_purchased":["Dash"],"campfire_rested":1,"item_purchase_floors":[4],"current_hp_per_floor":[102,102,102,102,84,84,71,36,36,36,114,99,44,40,40,29,132,119,119,96,64],"gold":100,"neow_bonus":"BOSS_RELIC","is_prod":false,"is_daily":false,"chose_seed":false,"campfire_upgraded":2,"win_rate":0,"timestamp":1540475199,"path_taken":["M","?","?","$","M","R","M","E","T","?","R","?","?","M","R","BOSS","M","$","M","M"],"build_version":"2018-10-18","purchased_purges":2,"victory":false,"max_hp_per_floor":[132,132,132,132,132,132,132,132,132,132,132,132,132,132,132,132,132,132,132,132,132],"card_choices":[{"not_picked":["Slice","PiercingWail"],"picked":"Footwork","floor":1.0},{"not_picked":["Dash","Deadly Poison"],"picked":"Blade Dance","floor":5},{"not_picked":["Underhanded Strike","Sucker Punch","Prepared"],"picked":"SKIP","floor":7},{"not_picked":["Burst","Dagger Spray"],"picked":"Backflip","floor":8},{"not_picked":["Prepared","PiercingWail","Acrobatics"],"picked":"SKIP","floor":13},{"not_picked":["Backflip","Bane","Storm of Steel"],"picked":"SKIP","floor":14},{"not_picked":["Venomology","Corpse Explosion"],"picked":"Burst","floor":16},{"not_picked":["Backstab","Blade Dance"],"picked":"Terror+1","floor":18},{"not_picked":["Slice","Dagger Spray"],"picked":"Cloak And Dagger","floor":20}],"player_experience":381020,"relics_obtained":[{"floor":8,"key":"Bag of Marbles"},{"floor":9,"key":"Art of War"},{"floor":12,"key":"Odd Mushroom"}],"event_choices":[{"damage_healed":0.0,"max_hp_gain":0.0,"max_hp_loss":0.0,"gold_gain":0.0,"cards_transformed":["Strike_G"],"event_name":"Living Wall","player_choice":"Change","floor":2.0,"gold_loss":0.0,"damage_taken":0.0,"cards_obtained":["Accuracy"]},{"damage_healed":0,"gold_gain":0,"player_choice":"1 cards matched","damage_taken":0,"max_hp_gain":0,"max_hp_loss":0,"event_name":"Match and Keep!","floor":3,"gold_loss":0,"cards_obtained":["Well Laid Plans"]},{"damage_healed":0,"gold_gain":0,"player_choice":"Fought Mushrooms","damage_taken":0,"max_hp_gain":0,"max_hp_loss":0,"event_name":"Mushrooms","floor":12,"gold_loss":0}],"is_beta":false,"boss_relics":[{"not_picked":["Black Star","Philosopher\u0027s Stone"],"picked":"Coffee Dripper"}],"items_purged_floors":[10,19],"is_endless":false,"potions_floor_spawned":[1,8,14,18],"killed_by":"3 Cultists","ascension_level":20}