{"gold_per_floor":[212,232,251,251,176,176,176,176,176,176,189,189,189,114,114,186,186,206,206,206,224,124,124,154,204,229,249,124,154,166,176,176,247,247,257,274,124,136,136,136,146,159,182,217,267,285,285,310,310,310,310],"floor_reached":52,"playtime":1219,"items_purged":["Defend_G","Defend_G","Defend_G","Strike_G"],"score":2280,"play_id":"e9e7c86c-848a-4925-ad9f-d4e907f4de39","local_time":"20181113223506","is_ascension_mode":true,"campfire_choices":[{"data":"Grand Finale","floor":6.0,"key":"SMITH"},{"data":"Neutralize","floor":8.0,"key":"SMITH"},{"data":"Survivor","floor":10.0,"key":"SMITH"},{"data":"Strike_G","floor":13.0,"key":"SMITH"},{"data":"Strike_G","floor":15.0,"key":"SMITH"},{"data":"Acrobatics","floor":23,"key":"SMITH"},{"floor":32,"key":"REST"},{"floor":40,"key":"REST"},{"floor":49,"key":"REST"}],"neow_cost":"NONE","seed_source_timestamp":0,"circlet_count":0,"master_deck":["AscendersBane","Strike_G+1","Strike_G+1","Survivor+1","Neutralize+1","Grand Finale+1","Acrobatics+1","Acrobatics+1"],"special_seed":0,"relics":["Ring of the Snake","Singing Bowl","Incense Burner","Empty Cage","Tough Bandages","Centennial Puzzle","Kunai","Philosopher\u0027s Stone","Bag of Preparation","Tingsha","The Specimen","FaceOfCleric","Smiling Mask"],"potions_floor_usage":[18,21,50],"damage_taken":[{"damage":4.0,"enemies":"Small Slimes","floor":1.0,"turns":4.0},{"damage":0.0,"enemies":"2 Louse","floor":2.0,"turns":3.0},{"damage":2.0,"enemies":"Jaw Worm","floor":3.0,"turns":8.0},{"damage":8.0,"enemies":"Looter","floor":11.0,"turns":5.0},{"damage":64,"enemies":"Slime Boss","floor":16,"turns":11},{"damage":33,"enemies":"Spheric Guardian","floor":18,"turns":6},{"damage":3,"enemies":"Chosen","floor":21,"turns":4},{"damage":0,"enemies":"Slavers","floor":24,"turns":1},{"damage":0,"enemies":"Snecko","floor":27,"turns":2},{"damage":15,"enemies":"Gremlin Leader","floor":29,"turns":4},{"damage":0,"enemies":"Cultist and Chosen","floor":30,"turns":1},{"damage":0,"enemies":"Sentry and Sphere","floor":31,"turns":1},{"damage":1,"enemies":"Champ","floor":33,"turns":4},{"damage":0,"enemies":"Orb Walker","floor":35,"turns":1},{"damage":0,"enemies":"3 Darklings","floor":36,"turns":1},{"damage":0,"enemies":"Writhing Mass","floor":38,"turns":1},{"damage":0,"enemies":"Jaw Worm Horde","floor":41,"turns":1},{"damage":0,"enemies":"Transient","floor":42,"turns":4},{"damage":0,"enemies":"Reptomancer","floor":44,"turns":1},{"damage":0,"enemies":"2 Orb Walkers","floor":45,"turns":1},{"damage":0,"enemies":"Maw","floor":46,"turns":1},{"damage":0,"enemies":"Giant Head","floor":48,"turns":1},{"damage":0,"enemies":"Awakened One","floor":50,"turns":2},{"damage":0,"enemies":"Time Eater","floor":51,"turns":2}],"seed_played":"5631359332058309157","potions_obtained":[{"floor":1.0,"key":"Poison Potion"},{"floor":16,"key":"Fire Potion"},{"floor":18,"key":"Strength Potion"},{"floor":33,"key":"GamblersBrew"},{"floor":36,"key":"GhostInAJar"}],"is_trial":false,"path_per_floor":["M","M","M","?","?","R","T","R","T","R","M","?","R","$","R","B",null,"M","?","?","M","$","R","E","?","T","M","$","E","M","M","R","B",null,"M","M","$","M","$","R","M","M","T","E","?","M","?","E","R","B","B",null],"character_chosen":"THE_SILENT","items_purchased":[],"campfire_rested":3,"item_purchase_floors":[],"current_hp_per_floor":[55,55,53,53,53,53,53,53,53,53,47,68,68,68,68,6,54,23,23,23,20,20,20,22,22,22,24,24,9,11,13,37,38,71,73,75,75,77,77,88,90,92,92,94,96,98,98,101,101,102,103],"gold":310,"neow_bonus":"HUNDRED_GOLD","is_prod":false,"is_daily":false,"chose_seed":true,"campfire_upgraded":6,"win_rate":0,"timestamp":1542119706,"path_taken":["M","M","M","?","?","R","?","R","T","R","M","?","R","?","R","BOSS","M","?","?","M","$","R","E","?","T","?","$","E","M","M","R","BOSS","M","M","$","M","$","R","M","M","T","E","?","M","?","E","R","BOSS","BOSS"],"build_version":"2018-11-08","purchased_purges":4,"victory":true,"max_hp_per_floor":[66,66,66,66,66,66,66,66,66,66,68,68,68,68,68,70,70,72,72,72,72,72,72,74,74,74,76,76,76,78,80,80,82,82,84,86,86,88,88,88,90,92,92,94,96,98,98,101,101,102,103],"card_choices":[{"not_picked":["Eviscerate","Deflect","PiercingWail"],"picked":"SKIP","floor":1.0},{"not_picked":["Choke","Escape Plan","Cloak And Dagger"],"picked":"SKIP","floor":2.0},{"not_picked":["Outmaneuver","Quick Slash","Flying Knee"],"picked":"SKIP","floor":3.0},{"not_picked":["Skewer","Bane","Deflect"],"picked":"Singing Bowl","floor":11.0},{"not_picked":["Glass Knife","Storm of Steel","Wraith Form v2"],"picked":"Singing Bowl","floor":16},{"not_picked":["Distraction","Deflect","Bane"],"picked":"Singing Bowl","floor":18},{"not_picked":["Terror","Flying Knee"],"picked":"Acrobatics","floor":21},{"not_picked":["Dagger Throw","Catalyst","Footwork"],"picked":"Singing Bowl","floor":24},{"not_picked":["Backstab","Dodge and Roll","After Image"],"picked":"Singing Bowl","floor":27},{"not_picked":["Leg Sweep","Sucker Punch"],"picked":"Acrobatics+1","floor":29},{"not_picked":["Crippling Poison","Blade Dance","Setup"],"picked":"Singing Bowl","floor":30},{"not_picked":["Deflect","Dagger Spray","Acrobatics+1"],"picked":"Singing Bowl","floor":31},{"not_picked":["Die Die Die","Venomology","A Thousand Cuts"],"picked":"Singing Bowl","floor":33},{"not_picked":["Dagger Spray","PiercingWail+1","Underhanded Strike"],"picked":"Singing Bowl","floor":35},{"not_picked":["Blade Dance","Reflex+1","Acrobatics"],"picked":"Singing Bowl","floor":36},{"not_picked":["Heel Hook","Dagger Throw+1","PiercingWail"],"picked":"Singing Bowl","floor":38},{"not_picked":["Cloak And Dagger+1","Prepared","Acrobatics"],"picked":"Singing Bowl","floor":41},{"not_picked":["Calculated Gamble+1","Phantasmal Killer","Predator"],"picked":"Singing Bowl","floor":42},{"not_picked":["Crippling Poison","Accuracy","Catalyst"],"picked":"Singing Bowl","floor":44},{"not_picked":["All Out Attack","Deadly Poison","Backstab+1"],"picked":"Singing Bowl","floor":45},{"not_picked":["Noxious Fumes","Setup","PiercingWail+1"],"picked":"Singing Bowl","floor":46},{"not_picked":["Quick Slash","Outmaneuver","Doppelganger"],"picked":"Singing Bowl","floor":48}],"player_experience":996254,"relics_obtained":[{"floor":7.0,"key":"Singing Bowl"},{"floor":9.0,"key":"Incense Burner"},{"floor":24,"key":"Tough Bandages"},{"floor":26,"key":"Centennial Puzzle"},{"floor":29,"key":"Kunai"},{"floor":43,"key":"Bag of Preparation"},{"floor":44,"key":"Tingsha"},{"floor":45,"key":"The Specimen"},{"floor":48,"key":"Smiling Mask"}],"event_choices":[{"damage_healed":0.0,"max_hp_gain":0.0,"max_hp_loss":0.0,"gold_gain":0.0,"cards_transformed":["Strike_G"],"event_name":"Living Wall","player_choice":"Change","floor":4.0,"gold_loss":0.0,"damage_taken":0.0,"cards_obtained":["Grand Finale"]},{"cards_removed":["Defend_G"],"damage_healed":0.0,"max_hp_gain":0.0,"max_hp_loss":0.0,"gold_gain":0.0,"event_name":"The Cleric","player_choice":"Card Removal","floor":5.0,"gold_loss":75.0,"damage_taken":0.0},{"damage_healed":22.0,"max_hp_gain":0.0,"max_hp_loss":0.0,"gold_gain":0.0,"event_name":"Big Fish","player_choice":"Banana","floor":12.0,"gold_loss":0.0,"damage_taken":0.0},{"damage_healed":0,"gold_gain":0,"player_choice":"Ignored","damage_taken":0,"max_hp_gain":0,"max_hp_loss":0,"event_name":"The Mausoleum","floor":19,"gold_loss":0},{"damage_healed":0,"gold_gain":50,"player_choice":"Stole From Cult","damage_taken":0,"max_hp_gain":0,"max_hp_loss":0,"event_name":"Nest","floor":25,"gold_loss":0},{"damage_healed":0,"gold_gain":0,"player_choice":"Fight","damage_taken":0,"max_hp_gain":0,"max_hp_loss":0,"event_name":"Mysterious Sphere","floor":45,"gold_loss":0},{"damage_healed":0,"gold_gain":0,"player_choice":"Trade","damage_taken":0,"relics_obtained":["FaceOfCleric"],"max_hp_gain":0,"max_hp_loss":0,"event_name":"FaceTrader","floor":47,"gold_loss":0}],"is_beta":false,"boss_relics":[{"not_picked":["Pandora\u0027s Box","Coffee Dripper"],"picked":"Empty Cage"},{"not_picked":["Calling Bell","Cursed Key"],"picked":"Philosopher\u0027s Stone"}],"items_purged_floors":[14,22,28,37],"is_endless":false,"potions_floor_spawned":[1,16,18,33,36,42,46],"ascension_level":20}