{"gold_per_floor":[119,269,269,281,206,234,109,109,134,144,144,154,154,182,182,182],"floor_reached":16,"playtime":209,"items_purged":["Strike_G"],"score":266,"play_id":"760eb7f3-c83f-4f0e-8109-e170bad4bcf8","local_time":"20181124232903","is_ascension_mode":true,"campfire_choices":[{"data":"Deadly Poison","floor":8,"key":"SMITH"},{"data":"Noxious Fumes","floor":13,"key":"SMITH"},{"floor":15,"key":"DIG"}],"neow_cost":"NONE","seed_source_timestamp":16568222366494,"circlet_count":0,"master_deck":["AscendersBane","Defend_G","Defend_G","Defend_G","Defend_G","Defend_G","Strike_G+1","Strike_G+1","Survivor","Neutralize","Doubt","Caltrops","All Out Attack","Deadly Poison+1","Calculated Gamble","Noxious Fumes+1"],"relics":["Ring of the Snake","NeowsBlessing","Shovel","Dream Catcher","Pen Nib","Whetstone","Thread and Needle"],"potions_floor_usage":[14],"damage_taken":[{"damage":0,"enemies":"Small Slimes","floor":1,"turns":1},{"damage":0,"enemies":"2 Louse","floor":4,"turns":1},{"damage":0,"enemies":"Lagavulin","floor":6,"turns":1},{"damage":3,"enemies":"Cultist","floor":10,"turns":4},{"damage":1,"enemies":"Blue Slaver","floor":12,"turns":4},{"damage":35,"enemies":"Gremlin Nob","floor":14,"turns":4},{"damage":0,"enemies":"The Guardian","floor":16,"turns":2}],"seed_played":"5094201880922634443","potions_obtained":[{"floor":4,"key":"Dexterity Potion"},{"floor":12,"key":"Weak Potion"}],"is_trial":false,"path_per_floor":["M","?","?","M","?","E","$","R","T","M","?","M","R","E","R","B"],"character_chosen":"THE_SILENT","items_purchased":["Deadly Poison"],"campfire_rested":0,"item_purchase_floors":[7],"current_hp_per_floor":[59,59,59,59,59,59,59,59,59,56,38,37,37,2,2,2],"gold":182,"neow_bonus":"THREE_ENEMY_KILL","is_prod":false,"is_daily":false,"chose_seed":false,"campfire_upgraded":2,"win_rate":0,"timestamp":1543073343,"path_taken":["M","?","?","?","?","E","?","R","T","M","?","M","R","E","R","BOSS"],"build_version":"2018-11-15","purchased_purges":1,"victory":false,"max_hp_per_floor":[66,66,66,66,66,66,66,66,66,66,66,66,66,66,66,66],"card_choices":[{"not_picked":["Deflect","Setup","PiercingWail"],"picked":"SKIP","floor":1},{"not_picked":["Dagger Spray","Deflect","Skewer"],"picked":"SKIP","floor":4},{"not_picked":["Doppelganger","Outmaneuver"],"picked":"All Out Attack","floor":6},{"not_picked":["Underhanded Strike","Distraction"],"picked":"Calculated Gamble","floor":10},{"not_picked":["Underhanded Strike","Deadly Poison"],"picked":"Noxious Fumes","floor":12},{"not_picked":["Predator","Poisoned Stab","Quick Slash"],"picked":"SKIP","floor":14}],"player_experience":1154254,"relics_obtained":[{"floor":6,"key":"Shovel"},{"floor":9,"key":"Dream Catcher"},{"floor":14,"key":"Whetstone"},{"floor":15,"key":"Thread and Needle"}],"event_choices":[{"damage_healed":0,"gold_gain":150,"player_choice":"AGREE","damage_taken":0,"max_hp_gain":0,"max_hp_loss":0,"event_name":"Liars Game","floor":2,"gold_loss":0,"cards_obtained":["Doubt"]},{"damage_healed":0,"gold_gain":0,"cards_transformed":["Strike_G"],"player_choice":"Transformed","damage_taken":0,"max_hp_gain":0,"max_hp_loss":0,"event_name":"Transmorgrifier","floor":3,"gold_loss":0,"cards_obtained":["Caltrops"]},{"cards_removed":["Strike_G"],"damage_healed":0,"gold_gain":0,"player_choice":"Card Removal","damage_taken":0,"max_hp_gain":0,"max_hp_loss":0,"event_name":"The Cleric","floor":5,"gold_loss":75},{"damage_healed":0,"gold_gain":0,"player_choice":"Success","damage_taken":18,"relics_obtained":["Pen Nib"],"max_hp_gain":0,"max_hp_loss":0,"event_name":"Scrap Ooze","floor":11,"gold_loss":0}],"is_beta":true,"boss_relics":[],"items_purged_floors":[7],"is_endless":false,"potions_floor_spawned":[4,12],"killed_by":"The Guardian","ascension_level":20}