{"gold_per_floor":[118,138,138,63,63,63,92,92,119,132,132,132,132,57,57,57],"floor_reached":16,"playtime":226,"items_purged":["Strike_R"],"score":242,"play_id":"aa13fd7e-fbac-47e8-a1f1-3c72479c7201","local_time":"20181219220751","is_ascension_mode":true,"campfire_choices":[{"data":"Bash","floor":6,"key":"SMITH"},{"data":"Rage","floor":8,"key":"SMITH"},{"data":"Corruption","floor":11,"key":"SMITH"},{"data":"Dual Wield","floor":13,"key":"SMITH"},{"floor":15,"key":"RECALL"}],"neow_cost":"NONE","seed_source_timestamp":6727176972189,"circlet_count":0,"master_deck":["AscendersBane","Strike_R","Strike_R","Strike_R","Defend_R","Defend_R","Defend_R","Defend_R","Bash+1","Dual Wield+1","Rage+1","Corruption+1"],"relics":["Burning Blood","NeowsBlessing","Singing Bowl","Golden Idol"],"potions_floor_usage":[16],"damage_taken":[{"damage":0,"enemies":"Cultist","floor":1,"turns":1},{"damage":0,"enemies":"Jaw Worm","floor":2,"turns":1},{"damage":0,"enemies":"3 Sentries","floor":7,"turns":2},{"damage":16,"enemies":"Small Slimes","floor":10,"turns":4},{"damage":67,"enemies":"The Guardian","floor":16,"turns":9}],"seed_played":"-8894833994536890512","potions_obtained":[{"floor":7,"key":"Poison Potion"}],"is_trial":false,"path_per_floor":["M","M","$","$","?","R","E","R","T","M","R","?","R","?","R","B"],"character_chosen":"IRONCLAD","items_purchased":[],"campfire_rested":0,"item_purchase_floors":[],"current_hp_per_floor":[74,75,75,75,75,75,75,75,75,65,65,65,65,65,65,0],"gold":57,"neow_bonus":"THREE_ENEMY_KILL","is_prod":false,"is_daily":false,"chose_seed":false,"campfire_upgraded":4,"win_rate":0,"timestamp":1545228471,"path_taken":["M","M","?","$","?","R","E","R","T","?","R","?","R","?","R","BOSS"],"build_version":"2018-12-13","purchased_purges":1,"victory":false,"max_hp_per_floor":[75,75,75,75,75,75,75,75,75,75,75,68,68,68,68,68],"card_choices":[{"not_picked":["Pommel Strike","Headbutt","Sever Soul"],"picked":"SKIP","floor":1},{"not_picked":["Carnage","Battle Trance"],"picked":"Dual Wield","floor":2},{"not_picked":["Sever Soul","Sword Boomerang"],"picked":"Rage","floor":7},{"not_picked":["Twin Strike","Fire Breathing"],"picked":"Corruption","floor":10}],"player_experience":1390844,"relics_obtained":[{"floor":7,"key":"Singing Bowl"}],"event_choices":[{"damage_healed":0,"gold_gain":0,"player_choice":"Ignored","damage_taken":0,"max_hp_gain":0,"max_hp_loss":0,"event_name":"Liars Game","floor":5,"gold_loss":0},{"damage_healed":0,"gold_gain":0,"player_choice":"Lose Max HP","damage_taken":0,"relics_obtained":["Golden Idol"],"max_hp_gain":0,"max_hp_loss":7,"event_name":"Golden Idol","floor":12,"gold_loss":0},{"cards_removed":["Strike_R"],"damage_healed":0,"gold_gain":0,"player_choice":"Card Removal","damage_taken":0,"max_hp_gain":0,"max_hp_loss":0,"event_name":"The Cleric","floor":14,"gold_loss":75}],"is_beta":false,"boss_relics":[],"items_purged_floors":[4],"is_endless":false,"potions_floor_spawned":[7],"killed_by":"The Guardian","ascension_level":20}