{"gold_per_floor":[12,24,34,53,67,67,67,67,93,93,18,18,18,18,18,18],"floor_reached":16,"playtime":337,"items_purged":["Strike_B"],"score":180,"play_id":"d04b204f-0d4a-4415-9ae5-985f3b6767fc","local_time":"20190315144106","is_ascension_mode":true,"campfire_choices":[{"data":"Beam Cell","floor":6.0,"key":"SMITH"},{"data":"Zap","floor":8.0,"key":"SMITH"},{"data":"Tempest","floor":15.0,"key":"SMITH"}],"neow_cost":"NO_GOLD","seed_source_timestamp":1108376971954647,"circlet_count":0,"master_deck":["AscendersBane","Strike_B","Strike_B","Defend_B","Defend_B","Defend_B","Defend_B","Zap+1","Dualcast","Conserve Battery","Genetic Algorithm","Go for the Eyes","Beam Cell+1","Tempest+1"],"special_seed":0,"relics":["Cracked Core","Pocketwatch","Happy Flower","Juzu Bracelet","Golden Idol"],"potions_floor_usage":[16],"damage_taken":[{"damage":1.0,"enemies":"Cultist","floor":1.0,"turns":3.0},{"damage":0.0,"enemies":"Small Slimes","floor":2.0,"turns":3.0},{"damage":0.0,"enemies":"Jaw Worm","floor":3.0,"turns":4.0},{"damage":16.0,"enemies":"3 Louse","floor":4.0,"turns":4.0},{"damage":7.0,"enemies":"Large Slime","floor":5.0,"turns":5.0},{"damage":16,"enemies":"Slime Boss","floor":16,"turns":5}],"seed_played":"-1365360454105388426","potions_obtained":[{"floor":5.0,"key":"Strength Potion"}],"is_trial":false,"path_per_floor":["M","M","M","M","M","R","$","R","T","?","$","?","?","?","R","B"],"character_chosen":"DEFECT","items_purchased":[],"campfire_rested":0,"item_purchase_floors":[],"current_hp_per_floor":[63,63,63,47,40,40,40,40,40,22,22,15,15,15,15,0],"gold":18,"neow_bonus":"ONE_RARE_RELIC","is_prod":false,"is_daily":false,"chose_seed":false,"campfire_upgraded":3,"win_rate":0,"timestamp":1552632066,"path_taken":["M","M","M","M","M","R","?","R","T","?","$","?","?","?","R","BOSS"],"build_version":"2019-01-23","purchased_purges":1,"victory":false,"max_hp_per_floor":[71,71,71,71,71,71,71,71,71,71,71,71,64,64,64,64],"card_choices":[{"not_picked":["Beam Cell","Rebound"],"picked":"Conserve Battery","floor":1.0},{"not_picked":["Static Discharge","FTL"],"picked":"Genetic Algorithm","floor":2.0},{"not_picked":["Redo","Steam"],"picked":"Go for the Eyes","floor":3.0},{"not_picked":["Beam Cell","Rebound","Gash"],"picked":"SKIP","floor":4.0},{"not_picked":["Rebound","Gash"],"picked":"Beam Cell","floor":4.0},{"not_picked":["Steam Power","Blizzard"],"picked":"Tempest","floor":5.0}],"player_experience":1191588,"relics_obtained":[{"floor":9.0,"key":"Happy Flower"}],"event_choices":[{"damage_healed":0.0,"max_hp_gain":0.0,"max_hp_loss":0.0,"gold_gain":0.0,"event_name":"Scrap Ooze","player_choice":"Success","floor":10.0,"gold_loss":0.0,"damage_taken":18.0,"relics_obtained":["Juzu Bracelet"]},{"cards_removed":["Strike_B"],"damage_healed":0.0,"max_hp_gain":0.0,"max_hp_loss":0.0,"gold_gain":0.0,"event_name":"Golden Wing","player_choice":"Card Removal","floor":12.0,"gold_loss":0.0,"damage_taken":7.0},{"damage_healed":0.0,"max_hp_gain":0.0,"max_hp_loss":7.0,"gold_gain":0.0,"event_name":"Golden Idol","player_choice":"Lose Max HP","floor":13.0,"gold_loss":0.0,"damage_taken":0.0,"relics_obtained":["Golden Idol"]},{"damage_healed":0.0,"max_hp_gain":0.0,"max_hp_loss":0.0,"gold_gain":0.0,"event_name":"Dead Adventurer","player_choice":"Searched \u00270\u0027 times","floor":14.0,"gold_loss":0.0,"damage_taken":0.0}],"is_beta":false,"boss_relics":[],"items_purged_floors":[11],"is_endless":false,"potions_floor_spawned":[5],"killed_by":"Slime Boss","ascension_level":20}