{"gold_per_floor":[111,124,137,137,152,185,196,225,309,309,309,335,335,335,335,335],"floor_reached":16,"playtime":508,"items_purged":[],"score":228,"play_id":"58b8a83e-708a-4c47-a6c0-6c1d7c275abf","local_time":"20180723162359","is_ascension_mode":true,"campfire_choices":[{"floor":10,"key":"REST"},{"floor":13,"key":"REST"},{"data":"Calculated Gamble","floor":15,"key":"SMITH"}],"neow_cost":"NONE","seed_source_timestamp":23064852758009,"circlet_count":0,"master_deck":["Defend_G","Defend_G","Defend_G","Defend_G","Defend_G","Strike_G","Strike_G","Strike_G","Strike_G","Strike_G","Survivor","Neutralize","AscendersBane","Flying Knee","Noxious Fumes+1","Expertise","Endless Agony","Prepared","Backstab","Calculated Gamble+1","Underhanded Strike","Underhanded Strike"],"relics":["Ring of the Snake","Sundial","Vajra","Tiny Chest","Gremlin Horn","The Courier"],"potions_floor_usage":[6,8,14],"damage_taken":[{"damage":0,"enemies":"Small Slimes","floor":1,"turns":4},{"damage":0,"enemies":"Cultist","floor":2,"turns":4},{"damage":0,"enemies":"Jaw Worm","floor":3,"turns":6},{"damage":12,"enemies":"Large Slime","floor":5,"turns":6},{"damage":27,"enemies":"Gremlin Nob","floor":6,"turns":5},{"damage":10,"enemies":"Red Slaver","floor":7,"turns":4},{"damage":1,"enemies":"3 Sentries","floor":8,"turns":6},{"damage":20,"enemies":"Lagavulin","floor":12,"turns":7},{"damage":6,"enemies":"Gremlin Nob","floor":14,"turns":3},{"damage":33,"enemies":"Slime Boss","floor":16,"turns":3}],"seed_played":"8354715835388377904","potions_obtained":[{"floor":1,"key":"GamblersBrew"},{"floor":5,"key":"SpeedPotion"},{"floor":7,"key":"SmokeBomb"}],"is_trial":false,"path_per_floor":["M","M","M","?","M","E","M","E","T","R","T","E","R","E","R"],"character_chosen":"THE_SILENT","items_purchased":[],"campfire_rested":2,"item_purchase_floors":[],"current_hp_per_floor":[59,59,59,59,47,20,10,9,9,28,28,8,27,21,21,0],"gold":335,"neow_bonus":"THREE_CARDS","is_prod":false,"is_daily":false,"chose_seed":false,"campfire_upgraded":1,"win_rate":0,"timestamp":1532334239,"path_taken":["M","M","M","?","M","E","?","E","T","R","?","E","R","E","R","BOSS"],"build_version":"2018-07-19","purchased_purges":0,"victory":false,"max_hp_per_floor":[66,66,66,66,66,66,66,66,66,66,66,66,66,66,66,66],"card_choices":[{"not_picked":["Quick Slash","Riddle With Holes"],"picked":"Flying Knee","floor":0},{"not_picked":["Cloak And Dagger","Dagger Throw"],"picked":"Noxious Fumes","floor":1},{"not_picked":["Dodge and Roll","Predator"],"picked":"Expertise","floor":2},{"not_picked":["Dodge and Roll","Catalyst"],"picked":"Endless Agony","floor":3},{"not_picked":["Slice","Flying Knee"],"picked":"Prepared","floor":5},{"not_picked":["Distraction","Outmaneuver"],"picked":"Backstab","floor":6},{"not_picked":["Sucker Punch","Acrobatics"],"picked":"Calculated Gamble","floor":7},{"not_picked":["Expertise","Choke"],"picked":"Underhanded Strike","floor":8},{"not_picked":["Flying Knee","Deadly Poison"],"picked":"Underhanded Strike","floor":12}],"player_experience":780292,"relics_obtained":[{"floor":6,"key":"Sundial"},{"floor":8,"key":"Vajra"},{"floor":9,"key":"Tiny Chest"},{"floor":11,"key":"Gremlin Horn"},{"floor":12,"key":"The Courier"}],"event_choices":[{"event_name":"Living Wall","player_choice":"Grow","floor":4,"damage_taken":0}],"is_beta":true,"boss_relics":[],"items_purged_floors":[],"is_endless":false,"potions_floor_spawned":[1,5,7,14],"killed_by":"Slime Boss","ascension_level":15}