{"gold_per_floor":[113,113,113,38,54,89,89,144,171,183,195,224,255,301,313,404,416],"floor_reached":17,"playtime":347,"items_purged":["Strike_G"],"score":426,"play_id":"0ee9de28-ef17-4c15-9a34-6612f4fd2433","local_time":"20190306155838","is_ascension_mode":true,"campfire_choices":[{"data":"Corpse Explosion","floor":7.0,"key":"SMITH"},{"data":"Neutralize","floor":10.0,"key":"SMITH"},{"data":"Acrobatics","floor":15,"key":"SMITH"}],"neow_cost":"NONE","seed_source_timestamp":24994611462182,"circlet_count":0,"master_deck":["AscendersBane","Defend_G","Defend_G","Defend_G","Defend_G","Strike_G","Strike_G","Strike_G","Survivor","Neutralize+1","Acrobatics+1","Underhanded Strike","Corpse Explosion+1","Dash","Dagger Throw","Concentrate","Adrenaline"],"special_seed":0,"relics":["Ring of the Snake","NeowsBlessing","Juzu Bracelet","Meat on the Bone","MawBank","Potion Belt","Orrery"],"potions_floor_usage":[14,16],"damage_taken":[{"damage":0.0,"enemies":"2 Louse","floor":1.0,"turns":1.0},{"damage":0.0,"enemies":"Small Slimes","floor":5.0,"turns":1.0},{"damage":0.0,"enemies":"Lagavulin","floor":6.0,"turns":1.0},{"damage":42.0,"enemies":"Lagavulin Event","floor":8.0,"turns":6.0},{"damage":0.0,"enemies":"Jaw Worm","floor":12.0,"turns":3.0},{"damage":12,"enemies":"Exordium Thugs","floor":13,"turns":2},{"damage":0,"enemies":"3 Sentries","floor":14,"turns":2},{"damage":13,"enemies":"The Guardian","floor":16,"turns":14}],"seed_played":"-8462871613227577333","potions_obtained":[{"floor":5.0,"key":"Fire Potion"},{"floor":13,"key":"AttackPotion"},{"floor":14,"key":"SteroidPotion"}],"is_trial":false,"path_per_floor":["M","?","?","$","M","E","R","?","T","R","?","M","M","E","R","B",null],"character_chosen":"THE_SILENT","items_purchased":[],"campfire_rested":0,"item_purchase_floors":[],"current_hp_per_floor":[59,59,52,52,52,52,52,10,10,10,10,22,22,34,34,33,33],"gold":416,"neow_bonus":"THREE_ENEMY_KILL","is_prod":false,"is_daily":false,"chose_seed":false,"campfire_upgraded":3,"win_rate":0,"timestamp":1551859118,"path_taken":["M","?","?","?","M","E","R","?","T","R","?","M","M","E","R","BOSS"],"build_version":"2019-01-23","purchased_purges":1,"victory":false,"max_hp_per_floor":[66,66,66,66,66,66,66,66,66,66,66,66,66,66,66,66,66],"card_choices":[{"not_picked":["Bane","Dagger Spray"],"picked":"Acrobatics","floor":1.0},{"not_picked":["Dagger Spray","Blade Dance"],"picked":"Underhanded Strike","floor":5.0},{"not_picked":["Slice","Blur"],"picked":"Corpse Explosion","floor":6.0},{"not_picked":["Cloak And Dagger","Eviscerate"],"picked":"Dash","floor":8.0},{"not_picked":["Bane","Flying Knee"],"picked":"Dagger Throw","floor":12.0},{"not_picked":["Distraction","Riddle With Holes","Dagger Throw"],"picked":"SKIP","floor":13},{"not_picked":["Dagger Throw","Acrobatics"],"picked":"Concentrate","floor":14},{"not_picked":["Tools of the Trade","Envenom"],"picked":"Adrenaline","floor":16}],"player_experience":3359545,"relics_obtained":[{"floor":6.0,"key":"Juzu Bracelet"},{"floor":8.0,"key":"Meat on the Bone"},{"floor":9.0,"key":"MawBank"},{"floor":14,"key":"Potion Belt"}],"event_choices":[{"cards_removed":["Strike_G"],"damage_healed":0.0,"max_hp_gain":0.0,"max_hp_loss":0.0,"gold_gain":0.0,"event_name":"Living Wall","player_choice":"Forget","floor":2.0,"gold_loss":0.0,"damage_taken":0.0},{"cards_removed":["Defend_G"],"damage_healed":0.0,"max_hp_gain":0.0,"max_hp_loss":0.0,"gold_gain":0.0,"event_name":"Golden Wing","player_choice":"Card Removal","floor":3.0,"gold_loss":0.0,"damage_taken":7.0},{"damage_healed":0.0,"max_hp_gain":0.0,"max_hp_loss":0.0,"gold_gain":0.0,"event_name":"Dead Adventurer","player_choice":"Searched \u00271\u0027 times","floor":8.0,"gold_loss":0.0,"damage_taken":0.0},{"damage_healed":0.0,"max_hp_gain":0.0,"max_hp_loss":0.0,"gold_gain":0.0,"event_name":"Scrap Ooze","player_choice":"Fled","floor":11.0,"gold_loss":0.0,"damage_taken":0.0}],"is_beta":false,"boss_relics":[{"not_picked":["Lizard Tail","Ectoplasm"],"picked":"Orrery"}],"items_purged_floors":[4],"is_endless":false,"potions_floor_spawned":[5,13,14],"ascension_level":20}