{"gold_per_floor":[412,293,293,69,84,84,97,132,132,132,132,132,132,143,143,217,217,232,252,252,262,262],"floor_reached":22,"playtime":887,"items_purged":["Strike_G"],"score":368,"play_id":"ac252d1d-7cf4-4605-be5d-ac12ec66c039","local_time":"20190408174741","is_ascension_mode":true,"campfire_choices":[{"data":"Noxious Fumes","floor":6.0,"key":"SMITH"},{"data":"Corpse Explosion","floor":10.0,"key":"SMITH"},{"data":"Neutralize","floor":12.0,"key":"SMITH"},{"data":"Acrobatics","floor":15,"key":"SMITH"}],"neow_cost":"TEN_PERCENT_HP_LOSS","seed_source_timestamp":20869021567326,"circlet_count":0,"master_deck":["AscendersBane","Defend_G","Defend_G","Defend_G","Defend_G+1","Defend_G","Strike_G","Strike_G+1","Strike_G","Survivor","Neutralize+1","Terror+1","Noxious Fumes+1","Corpse Explosion+1","Acrobatics+1","Escape Plan","Grand Finale","Tactician","Well Laid Plans"],"special_seed":0,"relics":["Ring of the Snake","Old Coin","TheAbacus","Mummified Hand","Mercury Hourglass","Black Star","Centennial Puzzle"],"potions_floor_usage":[],"damage_taken":[{"damage":0.0,"enemies":"2 Louse","floor":1.0,"turns":3.0},{"damage":0.0,"enemies":"Jaw Worm","floor":5.0,"turns":5.0},{"damage":1.0,"enemies":"Small Slimes","floor":7.0,"turns":5.0},{"damage":33.0,"enemies":"Gremlin Nob","floor":8.0,"turns":4.0},{"damage":0,"enemies":"2 Fungi Beasts","floor":14,"turns":3},{"damage":27,"enemies":"The Guardian","floor":16,"turns":8},{"damage":25,"enemies":"2 Thieves","floor":18,"turns":3},{"damage":0,"enemies":"Chosen","floor":19,"turns":3},{"damage":18,"enemies":"Snake Plant","floor":21,"turns":4},{"damage":0,"enemies":"Snecko","floor":22,"turns":2}],"seed_played":"2441858611320415151","potions_obtained":[{"floor":1.0,"key":"FearPotion"},{"floor":8.0,"key":"FairyPotion"},{"floor":18,"key":"SkillPotion"}],"is_trial":false,"path_per_floor":["M","$","?","$","M","R","M","E","T","R","?","R","?","M","R","B",null,"M","M","?","M","M"],"character_chosen":"THE_SILENT","items_purchased":["Noxious Fumes","TheAbacus"],"campfire_rested":0,"item_purchase_floors":[2,4],"current_hp_per_floor":[59,59,59,59,59,59,58,25,25,25,7,7,7,7,7,6,47,22,22,22,4,4],"gold":262,"neow_bonus":"ONE_RARE_RELIC","is_prod":false,"is_daily":false,"chose_seed":false,"campfire_upgraded":4,"win_rate":0,"timestamp":1554716861,"path_taken":["M","$","?","$","M","R","M","E","T","R","?","R","?","M","R","BOSS","M","?","?","M","M"],"build_version":"2019-01-23","purchased_purges":1,"victory":false,"max_hp_per_floor":[60,60,60,60,60,60,60,60,60,60,60,60,60,60,60,60,60,60,60,60,60,60],"card_choices":[{"not_picked":["Riddle With Holes","Outmaneuver"],"picked":"Terror","floor":1.0},{"not_picked":["Dodge and Roll","Deflect"],"picked":"Acrobatics","floor":5.0},{"not_picked":["Deadly Poison","Poisoned Stab"],"picked":"Infinite Blades","floor":7.0},{"not_picked":["Outmaneuver","Phantasmal Killer"],"picked":"Escape Plan","floor":8.0},{"not_picked":["Underhanded Strike","Skewer","Predator"],"picked":"SKIP","floor":14},{"not_picked":["Wraith Form v2","Glass Knife"],"picked":"Grand Finale","floor":16},{"not_picked":["Sucker Punch","Poisoned Stab+1"],"picked":"Tactician","floor":18},{"not_picked":["Endless Agony","Blade Dance"],"picked":"Well Laid Plans","floor":19},{"not_picked":["Underhanded Strike","Caltrops","Slice"],"picked":"SKIP","floor":21}],"player_experience":4160394,"relics_obtained":[{"floor":8.0,"key":"Mummified Hand"},{"floor":9.0,"key":"Mercury Hourglass"}],"event_choices":[{"damage_healed":0.0,"max_hp_gain":0.0,"max_hp_loss":0.0,"gold_gain":0.0,"cards_transformed":["Strike_G"],"event_name":"Living Wall","player_choice":"Change","floor":3.0,"gold_loss":0.0,"damage_taken":0.0,"cards_obtained":["Corpse Explosion"]},{"damage_healed":0.0,"max_hp_gain":0.0,"max_hp_loss":0.0,"gold_gain":0.0,"event_name":"Shining Light","player_choice":"Entered Light","floor":11.0,"gold_loss":0.0,"damage_taken":18.0,"cards_upgraded":["Defend_G","Strike_G"]},{"damage_healed":0,"gold_gain":0,"player_choice":"Forge","damage_taken":0,"max_hp_gain":0,"max_hp_loss":0,"event_name":"Accursed Blacksmith","floor":13,"gold_loss":0,"cards_upgraded":["Terror"]},{"cards_removed":["Infinite Blades"],"damage_healed":0,"gold_gain":0,"player_choice":"Gave Card","damage_taken":0,"relics_obtained":["Centennial Puzzle"],"max_hp_gain":0,"max_hp_loss":0,"event_name":"WeMeetAgain","floor":20,"gold_loss":0}],"is_beta":false,"boss_relics":[{"not_picked":["Runic Dome","Eternal Feather"],"picked":"Black Star"}],"items_purged_floors":[2],"is_endless":false,"potions_floor_spawned":[1,8,18],"killed_by":"Snecko","ascension_level":20}