{"gold_per_floor":[369,383,395,205,205,220,300,300,372,372,372,372,33,54,54,150,150,171,171,205,229,1,1,34,34,34,58,58,108,108,108,108,204,204,219,219,232,23,23,23,245,265,290,331,331,331,351,419,419,419,419,419,419,142,176,176],"floor_reached":57,"playtime":2617,"items_purged":["Strike_G","Strike_G","Strike_G","Defend_G"],"score":2828,"play_id":"ffc8a885-f5d1-4e38-86e1-0c1baf3adf1a","local_time":"20181221120954","is_ascension_mode":true,"campfire_choices":[{"data":"Noxious Fumes","floor":8.0,"key":"SMITH"},{"data":"Well Laid Plans","floor":10.0,"key":"SMITH"},{"data":"Neutralize","floor":12.0,"key":"SMITH"},{"data":"Well Laid Plans","floor":15.0,"key":"SMITH"},{"data":"Burst","floor":23.0,"key":"SMITH"},{"data":"Catalyst","floor":25.0,"key":"SMITH"},{"data":"Corpse Explosion","floor":28.0,"key":"SMITH"},{"data":"Purity","floor":30.0,"key":"SMITH"},{"data":"Backflip","floor":32.0,"key":"SMITH"},{"data":"Night Terror","floor":40.0,"key":"SMITH"},{"floor":46.0,"key":"RECALL"},{"floor":49.0,"key":"REST"},{"floor":53.0,"key":"REST"}],"neow_cost":"PERCENT_DAMAGE","seed_source_timestamp":5063487988111,"circlet_count":0,"master_deck":["AscendersBane","Defend_G","Defend_G","Defend_G","Survivor","Neutralize+1","Dagger Throw","Noxious Fumes+1","Well Laid Plans+1","Backflip","Burst+1","Backflip+1","Well Laid Plans+1","Corpse Explosion+1","Purity+1","Catalyst+1","Night Terror+1","Backflip","Madness","Madness","Catalyst+1","Backflip","Backflip","Backflip","Wraith Form v2"],"special_seed":0,"relics":["Ring of the Snake","Golden Idol","Lantern","Singing Bowl","Mercury Hourglass","Oddly Smooth Stone","Sozu","Red Mask","StoneCalendar","Empty Cage","Juzu Bracelet","Pear","Turnip","Paper Crane","Happy Flower"],"potions_floor_usage":[56],"damage_taken":[{"damage":2.0,"enemies":"2 Louse","floor":1.0,"turns":4.0},{"damage":2.0,"enemies":"Jaw Worm","floor":2.0,"turns":6.0},{"damage":1.0,"enemies":"Small Slimes","floor":3.0,"turns":4.0},{"damage":1.0,"enemies":"Looter","floor":6.0,"turns":4.0},{"damage":10.0,"enemies":"3 Sentries","floor":7.0,"turns":9.0},{"damage":0.0,"enemies":"Exordium Wildlife","floor":14.0,"turns":3.0},{"damage":12.0,"enemies":"Hexaghost","floor":16.0,"turns":11.0},{"damage":2.0,"enemies":"Spheric Guardian","floor":18.0,"turns":6.0},{"damage":0.0,"enemies":"Masked Bandits","floor":20.0,"turns":2.0},{"damage":1.0,"enemies":"2 Thieves","floor":21.0,"turns":3.0},{"damage":0.0,"enemies":"Gremlin Leader","floor":24.0,"turns":6.0},{"damage":0.0,"enemies":"Snake Plant","floor":27.0,"turns":3.0},{"damage":16.0,"enemies":"Automaton","floor":33.0,"turns":6.0},{"damage":0.0,"enemies":"Orb Walker","floor":35.0,"turns":3.0},{"damage":0.0,"enemies":"3 Shapes","floor":37.0,"turns":3.0},{"damage":0.0,"enemies":"Writhing Mass","floor":42.0,"turns":4.0},{"damage":0.0,"enemies":"Nemesis","floor":44.0,"turns":3.0},{"damage":0.0,"enemies":"Transient","floor":47.0,"turns":5.0},{"damage":5.0,"enemies":"2 Orb Walkers","floor":48.0,"turns":3.0},{"damage":27.0,"enemies":"Awakened One","floor":50.0,"turns":10.0},{"damage":27.0,"enemies":"Time Eater","floor":51.0,"turns":6.0},{"damage":16.0,"enemies":"Shield and Spear","floor":55.0,"turns":3.0},{"damage":48,"enemies":"The Heart","floor":56,"turns":12}],"seed_played":"-3647144266069232691","potions_obtained":[{"floor":2.0,"key":"EssenceOfSteel"},{"floor":3.0,"key":"SneckoOil"},{"floor":14.0,"key":"FearPotion"}],"is_trial":false,"path_per_floor":["M","M","M","$","?","M","?","R","T","R","T","R","$","M","R","B",null,"M","?","?","M","$","R","E","R","T","M","R","?","R","$","R","B",null,"M","?","M","$","?","R","?","M","T","E","?","R","M","?","R","B","B",null,"R","$","E","B",null],"character_chosen":"THE_SILENT","items_purchased":["Well Laid Plans","Backflip","Well Laid Plans","Oddly Smooth Stone","Purity","Backflip","Paper Crane"],"campfire_rested":2,"item_purchase_floors":[4,4,13,13,22,38,54],"current_hp_per_floor":[42,40,39,39,39,38,28,28,28,28,28,28,28,30,30,18,51,51,51,53,54,54,54,54,54,54,56,56,56,56,56,56,40,63,63,50,50,50,50,50,50,52,52,62,57,57,57,54,79,52,25,69,84,84,68,20],"gold":176,"neow_bonus":"TWO_FIFTY_GOLD","is_prod":false,"is_daily":false,"chose_seed":false,"campfire_upgraded":10,"win_rate":0,"timestamp":1545365394,"path_taken":["M","M","M","$","?","M","?","R","T","R","?","R","$","M","R","BOSS","M","?","?","M","$","R","E","R","T","M","R","?","R","$","R","BOSS","M","?","M","$","?","R","?","M","T","E","?","R","M","?","R","BOSS","BOSS","R","$","E","BOSS"],"build_version":"2018-12-20","purchased_purges":4,"victory":true,"max_hp_per_floor":[66,66,66,66,60,60,60,60,60,60,60,60,60,62,62,62,62,64,64,66,68,68,68,68,68,68,70,70,70,70,70,70,70,70,70,70,70,70,70,70,70,72,72,82,82,82,82,84,84,84,84,84,84,84,84,84],"card_choices":[{"not_picked":["Blade Dance","Deflect"],"picked":"Dagger Throw","floor":1.0},{"not_picked":["Bane","Backstab"],"picked":"Noxious Fumes","floor":2.0},{"not_picked":["Dodge and Roll","Prepared"],"picked":"All Out Attack","floor":3.0},{"not_picked":["Bane","Reflex"],"picked":"Burst","floor":6.0},{"not_picked":["PiercingWail","Quick Slash"],"picked":"Backflip","floor":7.0},{"not_picked":["Flechettes","Underhanded Strike","Terror"],"picked":"Singing Bowl","floor":14.0},{"not_picked":["Malaise","Glass Knife"],"picked":"Corpse Explosion","floor":16.0},{"not_picked":["Dash+1","Bane","Acrobatics+1"],"picked":"Singing Bowl","floor":18.0},{"not_picked":["Expertise","All Out Attack","Prepared"],"picked":"Singing Bowl","floor":20.0},{"not_picked":["Sucker Punch","Quick Slash","Distraction"],"picked":"Singing Bowl","floor":21.0},{"not_picked":["Eviscerate+1","Prepared"],"picked":"Catalyst","floor":24.0},{"not_picked":["Quick Slash+1","Bane","Terror"],"picked":"Singing Bowl","floor":27.0},{"not_picked":["Venomology","Tools of the Trade"],"picked":"Night Terror","floor":33.0},{"not_picked":["Outmaneuver","PiercingWail"],"picked":"Backflip","floor":35.0},{"not_picked":["Outmaneuver","Poisoned Stab"],"picked":"Catalyst+1","floor":37.0},{"not_picked":["Outmaneuver","Setup","Flying Knee"],"picked":"Singing Bowl","floor":42.0},{"not_picked":["Blade Dance","Reflex"],"picked":"Backflip","floor":44.0},{"not_picked":["Blade Dance+1","Cloak And Dagger"],"picked":"Backflip","floor":47.0},{"not_picked":["Outmaneuver","Dagger Throw+1","Riddle With Holes"],"picked":"Singing Bowl","floor":48.0},{"not_picked":["Expertise+1","Blur+1"],"picked":"Wraith Form v2","floor":55.0}],"player_experience":1413434,"relics_obtained":[{"floor":7.0,"key":"Lantern"},{"floor":9.0,"key":"Singing Bowl"},{"floor":11.0,"key":"Mercury Hourglass"},{"floor":20.0,"key":"Red Mask"},{"floor":24.0,"key":"StoneCalendar"},{"floor":43.0,"key":"Juzu Bracelet"},{"floor":44.0,"key":"Pear"},{"floor":48.0,"key":"Turnip"},{"floor":55.0,"key":"Happy Flower"}],"event_choices":[{"damage_healed":0.0,"max_hp_gain":0.0,"max_hp_loss":6.0,"gold_gain":0.0,"event_name":"Golden Idol","player_choice":"Lose Max HP","floor":5.0,"gold_loss":0.0,"damage_taken":0.0,"relics_obtained":["Golden Idol"]},{"damage_healed":0.0,"max_hp_gain":0.0,"max_hp_loss":0.0,"gold_gain":0.0,"event_name":"Dead Adventurer","player_choice":"Searched \u00271\u0027 times","floor":7.0,"gold_loss":0.0,"damage_taken":0.0},{"cards_removed":["Strike_G"],"damage_healed":0.0,"max_hp_gain":0.0,"max_hp_loss":0.0,"gold_gain":0.0,"event_name":"Back to Basics","player_choice":"Elegance","floor":19.0,"gold_loss":0.0,"damage_taken":0.0},{"damage_healed":0.0,"max_hp_gain":0.0,"max_hp_loss":0.0,"gold_gain":0.0,"event_name":"Masked Bandits","player_choice":"Fought Bandits","floor":20.0,"gold_loss":0.0,"damage_taken":0.0},{"damage_healed":0.0,"max_hp_gain":0.0,"max_hp_loss":0.0,"gold_gain":50.0,"event_name":"Nest","player_choice":"Stole From Cult","floor":29.0,"gold_loss":0.0,"damage_taken":0.0},{"damage_healed":0.0,"max_hp_gain":0.0,"max_hp_loss":0.0,"gold_gain":0.0,"event_name":"Winding Halls","player_choice":"Embrace Madness","floor":36.0,"gold_loss":0.0,"damage_taken":13.0,"cards_obtained":["Madness","Madness"]},{"cards_removed":["All Out Attack"],"damage_healed":0.0,"max_hp_gain":0.0,"max_hp_loss":0.0,"gold_gain":0.0,"event_name":"Falling","player_choice":"Removed Attack","floor":39.0,"gold_loss":0.0,"damage_taken":0.0},{"damage_healed":0.0,"max_hp_gain":0.0,"max_hp_loss":0.0,"gold_gain":222.0,"event_name":"Tomb of Lord Red Mask","player_choice":"Wore Mask","floor":41.0,"gold_loss":0.0,"damage_taken":0.0},{"damage_healed":0.0,"max_hp_gain":0.0,"max_hp_loss":0.0,"gold_gain":0.0,"event_name":"The Woman in Blue","player_choice":"Bought 0 Potions","floor":45.0,"gold_loss":0.0,"damage_taken":0.0},{"damage_healed":0.0,"max_hp_gain":0.0,"max_hp_loss":0.0,"gold_gain":0.0,"event_name":"Mysterious Sphere","player_choice":"Fight","floor":48.0,"gold_loss":0.0,"damage_taken":0.0}],"is_beta":false,"boss_relics":[{"not_picked":["HoveringKite","Snecko Eye"],"picked":"Sozu"},{"not_picked":["Black Star","Eternal Feather"],"picked":"Empty Cage"}],"items_purged_floors":[4,13,22,38],"is_endless":false,"potions_floor_spawned":[2,3,14,20,21,27,42,55],"ascension_level":20}