{"path_per_floor":["M","M","$","?","?","R","M","M","T","R","?","R","M","M","R","B",null,"M","$","M","?","?","R","E","R","T","?","M","$","M","?","R"],"character_chosen":"IRONCLAD","items_purchased":["Omamori","Toy Ornithopter","Red Skull"],"gold_per_floor":[361,377,29,85,85,85,96,113,138,138,198,198,212,229,229,334,334,318,8,27,27,27,27,55,55,55,55,75,75,94,94,94],"floor_reached":33,"campfire_rested":2,"playtime":1634,"current_hp_per_floor":[46,47,47,47,47,47,53,55,55,55,60,60,65,71,71,45,80,49,49,45,45,45,45,24,48,48,48,33,33,16,16,32],"items_purged":[],"gold":94,"score":306,"play_id":"70b7ecba-c66b-420f-8e87-5356f60ae67a","local_time":"20180303182755","is_prod":false,"is_daily":false,"is_ascension_mode":false,"campfire_upgraded":5,"timestamp":1520098075,"path_taken":["M","M","$","?","?","R","?","M","T","R","?","R","M","M","R","BOSS","M","$","M","?","?","R","E","R","T","?","?","?","M","?","R","BOSS"],"build_version":"2018-03-01-PROD1","purchased_purges":0,"victory":false,"master_deck":["Defend_R+1","Defend_R+1","Defend_R+1","Defend_R+1","Bash","Flex+1","Clothesline+1","Sword Boomerang","Heavy Blade+1","Burning Pact","Inflame+1","Demon Form+1","Headbutt+1","Rampage+1","Twin Strike","Dual Wield+1","Battle Trance","Bite","Bite","Bite","Bite","Bite"],"max_hp_per_floor":[80,80,80,80,80,80,80,80,80,80,80,80,80,80,80,80,80,80,80,80,80,80,80,80,80,80,80,80,80,80,56,56],"relics":["Burning Blood","Omamori","Toy Ornithopter","Art of War","Oddly Smooth Stone","Question Card","Red Skull","Girya","Charon\u0027s Ashes"],"card_choices":[{"not_picked":["Armaments","Cleave"],"picked":"Flex"},{"not_picked":["Flex","Warcry"],"picked":"Clothesline"},{"not_picked":["Heavy Blade","Headbutt"],"picked":"Sword Boomerang"},{"not_picked":["Corruption","Rampage"],"picked":"Heavy Blade"},{"not_picked":["Feel No Pain","Reckless Charge"],"picked":"Burning Pact"},{"not_picked":["Sever Soul","Uppercut"],"picked":"Inflame"},{"not_picked":["Juggernaut","Impervious"],"picked":"Demon Form"},{"not_picked":["Thunderclap","True Grit","Hemokinesis"],"picked":"Headbutt"},{"not_picked":["Anger","Armaments","Flame Barrier"],"picked":"Rampage"},{"not_picked":["Bloodletting","Pommel Strike","Warcry"],"picked":"Twin Strike"},{"not_picked":["Pommel Strike","Combust","Twin Strike"],"picked":"Dual Wield"},{"not_picked":["Sever Soul","Headbutt","Hemokinesis"],"picked":"Battle Trance"}],"player_experience":63565,"potions_floor_usage":[7,11,13,28],"damage_taken":[{"damage":0,"enemies":"Small Slimes","floor":1,"turns":3},{"damage":5,"enemies":"2 Louse","floor":2,"turns":3},{"damage":3,"enemies":"Jaw Worm","floor":7,"turns":3},{"damage":4,"enemies":"Exordium Thugs","floor":8,"turns":4},{"damage":4,"enemies":"Gremlin Nob","floor":11,"turns":3},{"damage":4,"enemies":"Gremlin Gang","floor":13,"turns":4},{"damage":0,"enemies":"3 Louse","floor":14,"turns":2},{"damage":32,"enemies":"Slime Boss","floor":16,"turns":7},{"damage":37,"enemies":"2 Thieves","floor":18,"turns":4},{"damage":10,"enemies":"Chosen","floor":20,"turns":3},{"damage":27,"enemies":"Book of Stabbing","floor":24,"turns":4},{"damage":24,"enemies":"3 Cultists","floor":28,"turns":5},{"damage":23,"enemies":"Chosen and Byrds","floor":30,"turns":3},{"damage":81,"enemies":"Automaton","floor":33,"turns":6}],"event_choices":[{"event_name":"Golden Wing","player_choice":"Gained Gold","floor":4,"damage_taken":0},{"event_name":"Bonfire Elementals","player_choice":"BASIC","floor":5,"damage_taken":0},{"event_name":"Dead Adventurer","player_choice":"Searched \u00272\u0027 times","floor":11,"damage_taken":0},{"event_name":"Forgotten Altar","player_choice":"Smashed Altar","floor":21,"damage_taken":0},{"event_name":"Cursed Tome","player_choice":"Ignored","floor":22,"damage_taken":0},{"event_name":"Back to Basics","player_choice":"Simplicity","floor":27,"damage_taken":0},{"event_name":"Vampires","player_choice":"Became a vampire","floor":31,"damage_taken":0}],"boss_relics":[{"not_picked":["Eternal Feather","Philosopher\u0027s Stone"],"picked":"Question Card"}],"potions_floor_spawned":[2,8,11,24,30],"seed_played":"6318927329477212505","killed_by":"Automaton","ascension_level":0,"is_trial":false}