{"gold_per_floor":[219,19,19,40,59,59,59,59,106,126,164,184,69,69,69,167,167,150,150,150,168,68,68,15,15,15,35,35],"floor_reached":28,"playtime":1024,"items_purged":["Regret","Writhe"],"score":482,"play_id":"a1b03501-11df-41f1-97f5-e561778385b9","local_time":"20190419000632","is_ascension_mode":true,"campfire_choices":[{"data":"Apotheosis","floor":6.0,"key":"SMITH"},{"data":"Defragment","floor":8.0,"key":"SMITH"},{"data":"Capacitor","floor":15.0,"key":"SMITH"},{"data":"Seek","floor":23.0,"key":"SMITH"}],"neow_cost":"NONE","seed_source_timestamp":41789557414610,"circlet_count":0,"master_deck":["AscendersBane","Strike_B","Defend_B","Defend_B","Defend_B","Defend_B","Zap","Dualcast","Defragment+1","Apotheosis+1","Genetic Algorithm","Conserve Battery","Cold Snap","Consume","Defragment","Capacitor+1","Fission","Seek+1","Hologram","Meteor Strike","Glacier","Turbo","Ball Lightning+1"],"special_seed":0,"relics":["Cracked Core","Golden Idol","DataDisk","Potion Belt","Art of War","Empty Cage","Orichalcum","Symbiotic Virus"],"potions_floor_usage":[28,28,28],"damage_taken":[{"damage":7.0,"enemies":"Jaw Worm","floor":1.0,"turns":4.0},{"damage":14.0,"enemies":"Small Slimes","floor":4.0,"turns":3.0},{"damage":0.0,"enemies":"2 Louse","floor":5.0,"turns":2.0},{"damage":3.0,"enemies":"Exordium Thugs","floor":10.0,"turns":4.0},{"damage":3.0,"enemies":"Lagavulin","floor":11.0,"turns":8.0},{"damage":4.0,"enemies":"Looter","floor":12.0,"turns":3.0},{"damage":9.0,"enemies":"Hexaghost","floor":16.0,"turns":9.0},{"damage":5.0,"enemies":"2 Thieves","floor":18.0,"turns":5.0},{"damage":0.0,"enemies":"Spheric Guardian","floor":21.0,"turns":6.0},{"damage":0.0,"enemies":"Snecko","floor":27.0,"turns":6.0},{"damage":49,"enemies":"Gremlin Leader","floor":28,"turns":2}],"seed_played":"-5393061717657351166","potions_obtained":[{"floor":5.0,"key":"Strength Potion"},{"floor":10.0,"key":"FocusPotion"},{"floor":12.0,"key":"GamblersBrew"},{"floor":21.0,"key":"SteroidPotion"}],"is_trial":false,"path_per_floor":["M","$","?","M","M","R","?","R","T","M","E","M","$","?","R","B",null,"M","?","?","M","$","R","$","?","T","M","E"],"character_chosen":"DEFECT","items_purchased":["Apotheosis","Capacitor","Turbo"],"campfire_rested":0,"item_purchase_floors":[2,13,24],"current_hp_per_floor":[57,57,57,43,43,43,43,43,43,40,37,33,33,33,33,24,54,49,49,49,49,49,49,49,49,49,49,0],"gold":35,"neow_bonus":"HUNDRED_GOLD","is_prod":false,"is_daily":false,"chose_seed":false,"campfire_upgraded":4,"win_rate":0,"timestamp":1555603592,"path_taken":["M","$","?","M","M","R","?","R","T","M","E","M","$","?","R","BOSS","M","?","?","?","$","R","$","?","T","M","E"],"build_version":"2019-01-23","purchased_purges":2,"victory":false,"max_hp_per_floor":[71,71,64,64,64,64,64,64,64,64,64,64,64,64,64,64,64,64,64,64,64,64,64,64,64,64,64,64],"card_choices":[{"not_picked":["Cold Snap","Stack"],"picked":"Defragment","floor":1.0},{"not_picked":["Compile Driver","Beam Cell"],"picked":"Genetic Algorithm","floor":4.0},{"not_picked":["Turbo","Force Field"],"picked":"Conserve Battery","floor":5.0},{"not_picked":["Ball Lightning","Capacitor"],"picked":"Cold Snap","floor":10.0},{"not_picked":["Leap","Stack"],"picked":"Consume","floor":11.0},{"not_picked":["Tempest","Glacier"],"picked":"Defragment","floor":12.0},{"not_picked":["Rainbow","Hyperbeam"],"picked":"Seek","floor":16.0},{"not_picked":["Leap","Conserve Battery"],"picked":"Hologram","floor":18.0},{"not_picked":["Rip and Tear","Gash","Hologram"],"picked":"SKIP","floor":21.0},{"not_picked":["Turbo","Conserve Battery"],"picked":"Ball Lightning+1","floor":27.0}],"player_experience":4385058,"relics_obtained":[{"floor":9.0,"key":"Potion Belt"},{"floor":11.0,"key":"Art of War"},{"floor":26.0,"key":"Symbiotic Virus"}],"event_choices":[{"damage_healed":0.0,"max_hp_gain":0.0,"max_hp_loss":7.0,"gold_gain":0.0,"event_name":"Golden Idol","player_choice":"Lose Max HP","floor":3.0,"gold_loss":0.0,"damage_taken":0.0,"relics_obtained":["Golden Idol"]},{"damage_healed":0.0,"max_hp_gain":0.0,"max_hp_loss":0.0,"gold_gain":0.0,"event_name":"Big Fish","player_choice":"Box","floor":7.0,"gold_loss":0.0,"damage_taken":0.0,"relics_obtained":["DataDisk"],"cards_obtained":["Regret"]},{"damage_healed":0.0,"max_hp_gain":0.0,"max_hp_loss":0.0,"gold_gain":0.0,"cards_transformed":["Strike_B"],"event_name":"Living Wall","player_choice":"Change","floor":14.0,"gold_loss":0.0,"damage_taken":0.0,"cards_obtained":["Fission"]},{"damage_healed":0.0,"max_hp_gain":0.0,"max_hp_loss":0.0,"gold_gain":0.0,"event_name":"The Mausoleum","player_choice":"Opened","floor":19.0,"gold_loss":0.0,"damage_taken":0.0,"relics_obtained":["Orichalcum"],"cards_obtained":["Writhe"]},{"damage_healed":0.0,"max_hp_gain":0.0,"max_hp_loss":0.0,"gold_gain":0.0,"event_name":"Match and Keep!","player_choice":"2 cards matched","floor":20.0,"gold_loss":0.0,"damage_taken":0.0,"cards_obtained":["Meteor Strike","Glacier"]},{"damage_healed":0.0,"max_hp_gain":0.0,"max_hp_loss":0.0,"gold_gain":0.0,"event_name":"Beggar","player_choice":"Ignored","floor":25.0,"gold_loss":0.0,"damage_taken":0.0}],"is_beta":false,"boss_relics":[{"not_picked":["Calling Bell","Eternal Feather"],"picked":"Empty Cage"}],"items_purged_floors":[13,22],"is_endless":false,"potions_floor_spawned":[5,10,12,21],"killed_by":"Gremlin Leader","ascension_level":20}