{"gold_per_floor":[111,130,146,157,157,157,196,150,150,75,75,93,93,132,132,132],"floor_reached":16,"playtime":789,"items_purged":[],"score":220,"play_id":"c43bbdad-2d8a-420b-bacd-fca427773249","local_time":"20190123205614","is_ascension_mode":true,"campfire_choices":[{"data":"Underhanded Strike","floor":6,"key":"SMITH"},{"data":"Calculated Gamble","floor":11,"key":"SMITH"},{"data":"Cloak And Dagger","floor":15,"key":"SMITH"}],"neow_cost":"NONE","seed_source_timestamp":0,"circlet_count":0,"master_deck":["AscendersBane","Defend_G","Defend_G","Defend_G","Defend_G","Defend_G","Strike_G","Strike_G","Strike_G","Strike_G","Survivor","Neutralize","Acrobatics","PiercingWail","Leg Sweep","Underhanded Strike+1","Calculated Gamble+1","Cloak And Dagger+1","Accuracy"],"special_seed":0,"relics":["WristBlade","Golden Idol","Bottled Lightning","Mango","Unceasing Top"],"potions_floor_usage":[7,14,14],"damage_taken":[{"damage":14,"enemies":"Cultist","floor":1,"turns":6},{"damage":1,"enemies":"Small Slimes","floor":2,"turns":5},{"damage":0,"enemies":"2 Louse","floor":3,"turns":5},{"damage":11,"enemies":"Large Slime","floor":4,"turns":15},{"damage":41,"enemies":"3 Sentries","floor":7,"turns":18},{"damage":4,"enemies":"Exordium Wildlife","floor":12,"turns":6},{"damage":5,"enemies":"Lagavulin","floor":14,"turns":11},{"damage":12,"enemies":"Hexaghost","floor":16,"turns":9}],"seed_played":"780554532206390780","potions_obtained":[{"floor":3,"key":"EssenceOfSteel"},{"floor":4,"key":"Regen Potion"},{"floor":12,"key":"Explosive Potion"}],"is_trial":false,"path_per_floor":["?","?","?","?"],"character_chosen":"THE_SILENT","items_purchased":[],"campfire_rested":0,"item_purchase_floors":[],"current_hp_per_floor":[45,44,44,33,33,33,7,7,21,21,21,17,17,12,12,0],"gold":132,"neow_bonus":"BOSS_RELIC","is_prod":false,"is_daily":false,"chose_seed":false,"campfire_upgraded":3,"win_rate":0,"timestamp":1548248174,"path_taken":["M","M","M","M","?","R","E","?","T","?","R","M","?","E","R","BOSS"],"build_version":"2019-01-22","purchased_purges":0,"victory":false,"max_hp_per_floor":[66,66,66,66,60,60,60,60,74,74,74,74,74,74,74,74],"card_choices":[{"not_picked":["Poisoned Stab","Dagger Throw"],"picked":"Acrobatics","floor":1},{"not_picked":["Prepared","Accuracy"],"picked":"PiercingWail","floor":2},{"not_picked":["Dagger Throw","Sucker Punch"],"picked":"Leg Sweep","floor":3},{"not_picked":["Adrenaline","Slice"],"picked":"Underhanded Strike","floor":4},{"not_picked":["Riddle With Holes","Infinite Blades"],"picked":"Calculated Gamble","floor":7},{"not_picked":["Dodge and Roll","Backflip"],"picked":"Cloak And Dagger","floor":12},{"not_picked":["Dagger Throw","Flechettes"],"picked":"Accuracy","floor":14}],"player_experience":1322346,"relics_obtained":[{"floor":7,"key":"Bottled Lightning"},{"floor":9,"key":"Mango"},{"floor":14,"key":"Unceasing Top"}],"event_choices":[{"damage_healed":0,"gold_gain":0,"player_choice":"Lose Max HP","damage_taken":0,"relics_obtained":["Golden Idol"],"max_hp_gain":0,"max_hp_loss":6,"event_name":"Golden Idol","floor":5,"gold_loss":0},{"damage_healed":0,"gold_gain":0,"player_choice":"Left Gold","damage_taken":0,"max_hp_gain":0,"max_hp_loss":0,"event_name":"World of Goop","floor":8,"gold_loss":46},{"cards_removed":["Strike_G"],"damage_healed":0,"gold_gain":0,"player_choice":"Card Removal","damage_taken":0,"max_hp_gain":0,"max_hp_loss":0,"event_name":"The Cleric","floor":10,"gold_loss":75},{"damage_healed":0,"gold_gain":0,"player_choice":"Ignored","damage_taken":0,"max_hp_gain":0,"max_hp_loss":0,"event_name":"Shining Light","floor":13,"gold_loss":0}],"is_beta":true,"boss_relics":[],"items_purged_floors":[],"is_endless":false,"potions_floor_spawned":[3,4,12],"killed_by":"Hexaghost","ascension_level":20}