{"gold_per_floor":[113,123,73,73,90,90,100,100,127,127,142,142,67,80,80,175,175,191,191,202,216,93,148,148,148,148,166,166,181,181,198,198,297,297,307,407,426,481,481,481,506,506,506,506,530,98,109,129,129,129],"floor_reached":51,"playtime":1521,"items_purged":["Strike_B","Defend_B"],"score":762,"play_id":"5c3acb0a-713f-41fc-8497-ee2510873292","local_time":"20190615134456","is_ascension_mode":false,"campfire_choices":[{"data":"Consume","floor":6.0,"key":"SMITH"},{"data":"Defragment","floor":8.0,"key":"SMITH"},{"data":"Dualcast","floor":10.0,"key":"SMITH"},{"data":"Defragment","floor":15.0,"key":"SMITH"},{"floor":28,"key":"REST"},{"data":"Defragment","floor":30,"key":"SMITH"},{"floor":32,"key":"REST"},{"floor":40,"key":"REST"},{"data":"Amplify","floor":42,"key":"SMITH"},{"data":"Storm","floor":49,"key":"SMITH"}],"neow_cost":"NONE","seed_source_timestamp":11285411339325,"circlet_count":0,"master_deck":["Zap+1","Dualcast+1","Glacier+1","White Noise+1","Defragment+1","Defragment+1","Defragment+1","Core Surge+1","Electrodynamics+1","Recycle+1","Auto Shields+1","Coolheaded+1","Undo+1","Electrodynamics+1","Ball Lightning+1","Storm+1","Amplify+1","Storm+1","Storm+1","Heatsinks+1"],"special_seed":0,"relics":["Cracked Core","Blood Vial","Art of War","Astrolabe","Tiny Chest","Shovel","Velvet Choker","Prayer Wheel","Oddly Smooth Stone","Pantograph","Mark of the Bloom","DataDisk","Anchor","Runic Capacitor"],"potions_floor_usage":[20,23,31,50,50],"damage_taken":[{"damage":0.0,"enemies":"Small Slimes","floor":1.0,"turns":3.0},{"damage":1.0,"enemies":"Cultist","floor":2.0,"turns":3.0},{"damage":1.0,"enemies":"2 Louse","floor":5.0,"turns":3.0},{"damage":1.0,"enemies":"2 Fungi Beasts","floor":7.0,"turns":5.0},{"damage":4.0,"enemies":"Gremlin Gang","floor":11.0,"turns":3.0},{"damage":5.0,"enemies":"Looter","floor":14.0,"turns":3.0},{"damage":0.0,"enemies":"The Guardian","floor":16.0,"turns":11.0},{"damage":15,"enemies":"2 Thieves","floor":18,"turns":2},{"damage":10,"enemies":"Shell Parasite","floor":20,"turns":2},{"damage":5,"enemies":"Chosen and Byrds","floor":21,"turns":5},{"damage":39,"enemies":"Slavers","floor":23,"turns":3},{"damage":0,"enemies":"Snecko","floor":27,"turns":3},{"damage":8,"enemies":"Centurion and Healer","floor":29,"turns":3},{"damage":26,"enemies":"Snake Plant","floor":31,"turns":3},{"damage":9,"enemies":"Collector","floor":33,"turns":6},{"damage":0,"enemies":"3 Shapes","floor":35,"turns":2},{"damage":8,"enemies":"3 Darklings","floor":37,"turns":2},{"damage":22,"enemies":"2 Orb Walkers","floor":38,"turns":3},{"damage":2,"enemies":"Nemesis","floor":41,"turns":5},{"damage":3,"enemies":"Jaw Worm Horde","floor":47,"turns":2},{"damage":0,"enemies":"Spire Growth","floor":48,"turns":2},{"damage":36,"enemies":"Donu and Deca","floor":50,"turns":3}],"seed_played":"1613838720973524613","potions_obtained":[{"floor":1.0,"key":"Fire Potion"},{"floor":2.0,"key":"Poison Potion"},{"floor":4.0,"key":"Fruit Juice"},{"floor":4.0,"key":"PowerPotion"},{"floor":4.0,"key":"AttackPotion"},{"floor":14.0,"key":"Dexterity Potion"},{"floor":20,"key":"SneckoOil"},{"floor":27,"key":"Regen Potion"},{"floor":47,"key":"PowerPotion"}],"is_trial":false,"path_per_floor":["M","M","?","?","M","R","M","R","T","R","M","?","$","M","R","B",null,"M","?","M","M","$","E","?","?","T","M","R","M","R","M","R","B",null,"M","?","M","?","?","R","E","R","T","?","T","$","M","M","R","B",null],"character_chosen":"DEFECT","items_purchased":["Coolheaded","Storm","Anchor","Runic Capacitor"],"campfire_rested":3,"item_purchase_floors":[22,46,46,46],"current_hp_per_floor":[75,74,74,79,78,78,77,77,77,77,75,57,57,54,54,56,80,65,65,57,54,54,17,17,17,17,19,43,37,37,22,46,39,80,80,80,72,52,52,76,76,76,76,76,76,76,73,73,73,37],"gold":129,"neow_bonus":"TRANSFORM_CARD","is_prod":false,"is_daily":false,"chose_seed":false,"campfire_upgraded":7,"win_rate":0,"timestamp":1560577496,"path_taken":["M","M","?","?","M","R","M","R","T","R","?","?","$","M","R","BOSS","M","?","?","M","$","E","?","?","T","M","R","M","R","M","R","BOSS","M","?","?","?","?","R","E","R","T","?","?","$","?","M","R","BOSS"],"build_version":"2019-01-23","purchased_purges":2,"victory":true,"max_hp_per_floor":[75,75,75,80,80,80,80,80,80,80,80,80,80,80,80,80,80,80,80,80,80,80,80,80,80,80,80,80,80,80,80,80,80,80,80,80,80,80,80,80,80,80,80,80,80,80,80,80,80,80],"card_choices":[{"not_picked":["Storm","Beam Cell"],"picked":"Consume","floor":1.0},{"not_picked":["Sweeping Beam","Leap"],"picked":"White Noise","floor":2.0},{"not_picked":["Gash","Rebound","Turbo"],"picked":"SKIP","floor":5.0},{"not_picked":["Leap","BootSequence"],"picked":"Defragment","floor":7.0},{"not_picked":["Genetic Algorithm","Leap"],"picked":"Defragment","floor":11.0},{"not_picked":["Go for the Eyes","Streamline"],"picked":"Defragment","floor":14.0},{"not_picked":["Amplify","Reboot"],"picked":"Core Surge","floor":16.0},{"not_picked":["Aggregate","Go for the Eyes+1","Streamline"],"picked":"SKIP","floor":18},{"not_picked":["Barrage","BootSequence"],"picked":"Auto Shields+1","floor":20},{"not_picked":["Reinforced Body","Compile Driver","Ball Lightning"],"picked":"SKIP","floor":21},{"not_picked":["Barrage+1","Stack"],"picked":"Undo+1","floor":23},{"not_picked":["Compile Driver","Buffer"],"picked":"Storm+1","floor":27},{"not_picked":["Lockon","Hologram","Ball Lightning+1"],"picked":"SKIP","floor":29},{"not_picked":["Ball Lightning","Reprogram+1","Stack"],"picked":"SKIP","floor":31},{"not_picked":["Creative AI","All For One"],"picked":"Amplify","floor":33},{"not_picked":["Beam Cell","Turbo+1","Chaos+1"],"picked":"SKIP","floor":35},{"not_picked":["Steam","Chill","Streamline+1"],"picked":"SKIP","floor":37},{"not_picked":["Rebound","Scrape"],"picked":"Storm+1","floor":41},{"not_picked":["Chill+1","Aggregate"],"picked":"Heatsinks+1","floor":47},{"not_picked":["Leap+1","Force Field+1","Reprogram"],"picked":"SKIP","floor":47},{"not_picked":["Blizzard+1","Streamline","Turbo"],"picked":"SKIP","floor":48},{"not_picked":["Coolheaded","Rip and Tear+1","Leap"],"picked":"SKIP","floor":48}],"player_experience":5240256,"relics_obtained":[{"floor":9.0,"key":"Blood Vial"},{"floor":23,"key":"Tiny Chest"},{"floor":26,"key":"Shovel"},{"floor":38,"key":"Prayer Wheel"},{"floor":41,"key":"Oddly Smooth Stone"},{"floor":43,"key":"Pantograph"},{"floor":45,"key":"DataDisk"}],"event_choices":[{"cards_removed":["Defend_B"],"damage_healed":0.0,"max_hp_gain":0.0,"max_hp_loss":0.0,"gold_gain":0.0,"event_name":"The Cleric","player_choice":"Card Removal","floor":3.0,"gold_loss":50.0,"damage_taken":0.0},{"damage_healed":0.0,"max_hp_gain":0.0,"max_hp_loss":0.0,"gold_gain":0.0,"event_name":"Lab","player_choice":"Got Potions","floor":4.0,"gold_loss":0.0,"damage_taken":0.0},{"damage_healed":0.0,"max_hp_gain":0.0,"max_hp_loss":0.0,"gold_gain":0.0,"event_name":"Scrap Ooze","player_choice":"Success","floor":12.0,"gold_loss":0.0,"damage_taken":18.0,"relics_obtained":["Art of War"]},{"cards_removed":["Defend_B"],"damage_healed":0,"gold_gain":0,"player_choice":"Purged","damage_taken":0,"max_hp_gain":0,"max_hp_loss":0,"event_name":"Purifier","floor":19,"gold_loss":0},{"damage_healed":0,"gold_gain":0,"player_choice":"Ignored","damage_taken":0,"max_hp_gain":0,"max_hp_loss":0,"event_name":"Vampires","floor":24,"gold_loss":0},{"damage_healed":0,"gold_gain":0,"cards_transformed":["Consume","Meteor Strike"],"player_choice":"Became Test Subject","damage_taken":0,"max_hp_gain":0,"max_hp_loss":0,"event_name":"Drug Dealer","floor":25,"gold_loss":0,"cards_obtained":["Electrodynamics","Ball Lightning"]},{"damage_healed":0,"gold_gain":100,"player_choice":"Pray","damage_taken":0,"max_hp_gain":0,"max_hp_loss":0,"event_name":"Golden Shrine","floor":36,"gold_loss":0},{"damage_healed":0,"gold_gain":0,"player_choice":"Fight","damage_taken":0,"max_hp_gain":0,"max_hp_loss":0,"event_name":"Mysterious Sphere","floor":38,"gold_loss":0},{"damage_healed":0,"gold_gain":0,"player_choice":"Memory 1","damage_taken":0,"max_hp_gain":0,"max_hp_loss":0,"event_name":"SensoryStone","floor":39,"gold_loss":0},{"damage_healed":0,"gold_gain":0,"player_choice":"Upgrade","damage_taken":0,"relics_obtained":["Mark of the Bloom"],"max_hp_gain":0,"max_hp_loss":0,"event_name":"MindBloom","floor":44,"gold_loss":0,"cards_upgraded":["Zap","Glacier","White Noise","Core Surge","Coolheaded","Electrodynamics","Ball Lightning"]}],"is_beta":false,"boss_relics":[{"not_picked":["Black Star","Eternal Feather"],"picked":"Astrolabe"},{"not_picked":["Orrery","Busted Crown"],"picked":"Velvet Choker"}],"items_purged_floors":[13,22],"is_endless":false,"potions_floor_spawned":[1,2,14,18,20,21,27,47,48],"ascension_level":0}