{"gold_per_floor":[109,119,131,131,145,145,157,157,182,182,209,209,228,101,101,177,177,189,221,221,11,27,27,27,43,43,43,43,60,80,92,92,167,167,187,201,213,435,453,453,483,483,533,551,585,585,269,319,319,319,319,319,319,56,89,89],"floor_reached":57,"playtime":4519,"items_purged":["Pain","Strike_B"],"score":2678,"play_id":"84580bf7-32bc-4c69-a926-e28c38d412ee","local_time":"20190119151300","is_ascension_mode":true,"campfire_choices":[{"data":"Reinforced Body","floor":6,"key":"SMITH"},{"data":"Skim","floor":8,"key":"SMITH"},{"data":"Dualcast","floor":10,"key":"SMITH"},{"data":"Gash","floor":12,"key":"SMITH"},{"data":"Gash","floor":15,"key":"SMITH"},{"data":"Zap","floor":23,"key":"SMITH"},{"data":"Capacitor","floor":28,"key":"SMITH"},{"data":"Defragment","floor":32,"key":"SMITH"},{"floor":40,"key":"REST"},{"floor":42,"key":"RECALL"},{"floor":49,"key":"REST"},{"floor":53,"key":"REST"}],"neow_cost":"NONE","seed_source_timestamp":6046343558684,"circlet_count":0,"master_deck":["AscendersBane","Strike_B+1","Strike_B","Strike_B","Defend_B","Defend_B","Defend_B","Defend_B","Zap+1","Dualcast+1","Reinforced Body+1","Gash+1","Skim+1","Gash+1","Echo Form","Hologram+1","Auto Shields+1","Capacitor+1","Undo","Defragment+1","Biased Cognition","Capacitor","Chaos+1"],"relics":["FrozenCore","WarpedTongs","Anchor","Whetstone","Red Mask","ClockworkSouvenir","PreservedInsect","Fusion Hammer","Happy Flower","Pantograph","Runic Capacitor","Sundial","Mercury Hourglass"],"potions_floor_usage":[3,5,16,33,55,56],"damage_taken":[{"damage":0,"enemies":"2 Louse","floor":1,"turns":1},{"damage":2,"enemies":"Cultist","floor":2,"turns":4},{"damage":2,"enemies":"Small Slimes","floor":3,"turns":4},{"damage":17,"enemies":"Gremlin Gang","floor":5,"turns":6},{"damage":7,"enemies":"Blue Slaver","floor":7,"turns":4},{"damage":15,"enemies":"3 Sentries","floor":11,"turns":8},{"damage":2,"enemies":"2 Fungi Beasts","floor":13,"turns":2},{"damage":13,"enemies":"Hexaghost","floor":16,"turns":9},{"damage":7,"enemies":"Chosen","floor":18,"turns":5},{"damage":27,"enemies":"Masked Bandits","floor":19,"turns":6},{"damage":1,"enemies":"Shell Parasite","floor":22,"turns":6},{"damage":0,"enemies":"Centurion and Healer","floor":25,"turns":6},{"damage":6,"enemies":"Shelled Parasite and Fungi","floor":29,"turns":8},{"damage":0,"enemies":"Snecko","floor":30,"turns":6},{"damage":0,"enemies":"Sentry and Sphere","floor":31,"turns":8},{"damage":0,"enemies":"Automaton","floor":33,"turns":11},{"damage":0,"enemies":"3 Shapes","floor":35,"turns":8},{"damage":0,"enemies":"Orb Walker","floor":36,"turns":4},{"damage":0,"enemies":"Sphere and 2 Shapes","floor":37,"turns":7},{"damage":13,"enemies":"Transient","floor":39,"turns":6},{"damage":0,"enemies":"Giant Head","floor":41,"turns":8},{"damage":0,"enemies":"Spire Growth","floor":44,"turns":7},{"damage":50,"enemies":"Reptomancer","floor":45,"turns":11},{"damage":47,"enemies":"Awakened One","floor":50,"turns":19},{"damage":7,"enemies":"Donu and Deca","floor":51,"turns":19},{"damage":37,"enemies":"Shield and Spear","floor":55,"turns":11},{"damage":44,"enemies":"The Heart","floor":56,"turns":15}],"seed_played":"7148685414650550745","potions_obtained":[{"floor":1,"key":"Fruit Juice"},{"floor":2,"key":"Dexterity Potion"},{"floor":7,"key":"GamblersBrew"},{"floor":22,"key":"Ancient Potion"},{"floor":25,"key":"Energy Potion"},{"floor":33,"key":"GamblersBrew"}],"is_trial":false,"path_per_floor":["M","M","M","?","M","R","M","R","T","R","E","R","M","$","R","B",null,"M","?","?","$","M","R","$","M","T","$","R","M","M","M","R","B",null,"M","M","M","?","M","R","E","R","T","M","E","?","$","?","R","B","B",null,"R","$","E","B",null],"character_chosen":"DEFECT","items_purchased":["Gash","ClockworkSouvenir","Runic Capacitor","Sundial"],"campfire_rested":3,"item_purchase_floors":[14,21,47,54],"current_hp_per_floor":[71,69,72,72,55,55,48,48,48,48,33,33,31,31,31,18,67,60,33,33,33,32,32,32,32,32,32,32,26,26,26,26,26,69,69,69,69,69,56,80,80,80,80,80,30,30,30,30,54,32,50,75,83,83,46,27],"gold":89,"neow_bonus":"TEN_PERCENT_HP_BONUS","is_prod":false,"is_daily":false,"chose_seed":false,"campfire_upgraded":8,"win_rate":0,"timestamp":1547881980,"path_taken":["M","M","M","?","M","R","M","R","T","R","E","R","M","?","R","BOSS","M","?","?","$","?","R","$","M","T","$","R","?","M","M","R","BOSS","M","M","?","?","M","R","E","R","T","M","E","?","$","?","R","BOSS","BOSS","R","$","E","BOSS"],"build_version":"2019-01-17v2","purchased_purges":2,"victory":true,"max_hp_per_floor":[78,78,83,83,83,83,83,83,83,83,83,83,83,83,83,83,83,83,83,83,83,83,83,83,83,83,83,83,83,83,83,83,83,83,83,83,83,83,83,83,83,83,83,83,83,83,83,83,83,83,83,83,83,83,83,83],"card_choices":[{"not_picked":["Blizzard","Beam Cell"],"picked":"Reinforced Body","floor":1},{"not_picked":["Go for the Eyes","Barrage","BootSequence"],"picked":"SKIP","floor":2},{"not_picked":["Compile Driver","Coolheaded"],"picked":"Gash","floor":3},{"not_picked":["Redo","Sweeping Beam"],"picked":"Gash","floor":5},{"not_picked":["Barrage","Beam Cell"],"picked":"Skim","floor":7},{"not_picked":["Stack","Consume","Conserve Battery"],"picked":"SKIP","floor":11},{"not_picked":["Stack","Compile Driver","Storm"],"picked":"SKIP","floor":13},{"not_picked":["Machine Learning","Amplify"],"picked":"Echo Form","floor":16},{"not_picked":["Streamline","Beam Cell"],"picked":"Hologram","floor":18},{"not_picked":["Leap","Redo"],"picked":"Auto Shields+1","floor":22},{"not_picked":["Go for the Eyes","Seek"],"picked":"Capacitor","floor":25},{"not_picked":["Streamline","Steam","Conserve Battery"],"picked":"SKIP","floor":29},{"not_picked":["Streamline","Barrage"],"picked":"Undo","floor":30},{"not_picked":["Chaos","Sweeping Beam"],"picked":"Defragment","floor":31},{"not_picked":["Core Surge","Machine Learning"],"picked":"Biased Cognition","floor":33},{"not_picked":["Cold Snap+1","BootSequence+1","Auto Shields"],"picked":"SKIP","floor":35},{"not_picked":["Stack","Gash","Go for the Eyes"],"picked":"SKIP","floor":36},{"not_picked":["Ball Lightning+1","Redo+1"],"picked":"Capacitor","floor":37},{"not_picked":["Aggregate","FTL","Leap"],"picked":"SKIP","floor":39},{"not_picked":["Defragment","Force Field","Turbo"],"picked":"SKIP","floor":41},{"not_picked":["Hologram","Turbo","Darkness"],"picked":"SKIP","floor":44},{"not_picked":["Melter+1","Force Field","Cold Snap"],"picked":"SKIP","floor":45},{"not_picked":["Turbo+1","Machine Learning"],"picked":"Chaos+1","floor":55}],"player_experience":2027965,"relics_obtained":[{"floor":9,"key":"Anchor"},{"floor":11,"key":"Whetstone"},{"floor":19,"key":"Red Mask"},{"floor":26,"key":"PreservedInsect"},{"floor":41,"key":"Happy Flower"},{"floor":45,"key":"Pantograph"},{"floor":55,"key":"Mercury Hourglass"}],"event_choices":[{"damage_healed":0,"gold_gain":0,"player_choice":"Rummage","damage_taken":0,"relics_obtained":["WarpedTongs"],"max_hp_gain":0,"max_hp_loss":0,"event_name":"Accursed Blacksmith","floor":4,"gold_loss":0,"cards_obtained":["Pain"]},{"damage_healed":0,"gold_gain":0,"player_choice":"Fought Bandits","damage_taken":0,"max_hp_gain":0,"max_hp_loss":0,"event_name":"Masked Bandits","floor":19,"gold_loss":0},{"damage_healed":0,"gold_gain":0,"player_choice":"Upgraded","damage_taken":0,"max_hp_gain":0,"max_hp_loss":0,"event_name":"Upgrade Shrine","floor":20,"gold_loss":0,"cards_upgraded":["Hologram"]},{"damage_healed":0,"gold_gain":222,"player_choice":"Wore Mask","damage_taken":0,"max_hp_gain":0,"max_hp_loss":0,"event_name":"Tomb of Lord Red Mask","floor":38,"gold_loss":0},{"cards_removed":["Gash"],"damage_healed":0,"gold_gain":0,"player_choice":"Removed Attack","damage_taken":0,"max_hp_gain":0,"max_hp_loss":0,"event_name":"Falling","floor":46,"gold_loss":0},{"damage_healed":0,"gold_gain":50,"player_choice":"Pray","damage_taken":0,"max_hp_gain":0,"max_hp_loss":0,"event_name":"Golden Shrine","floor":48,"gold_loss":0}],"is_beta":false,"boss_relics":[{"not_picked":["Tiny House","Inserter"],"picked":"FrozenCore"},{"not_picked":["Velvet Choker","Runic Dome"],"picked":"Fusion Hammer"}],"items_purged_floors":[14,47],"is_endless":false,"potions_floor_spawned":[1,2,7,22,25,29,31,33,36,39,41],"ascension_level":20}