{"gold_per_floor":[111,126,126,138,155,155,183,183,183,217,217,3,30,46,46,119,119,137,148,148,164,174,174,99,99,99,109,62,77,77],"floor_reached":30,"playtime":1171,"items_purged":[],"score":441,"play_id":"7376a83d-da01-40d3-9a7d-d18e138e2819","local_time":"20180727230026","is_ascension_mode":true,"campfire_choices":[{"data":"Infinite Blades","floor":6,"key":"SMITH"},{"data":"Sucker Punch","floor":8,"key":"SMITH"},{"data":"Burst","floor":15,"key":"SMITH"},{"floor":23,"key":"REST"},{"floor":25,"key":"REST"}],"neow_cost":"","seed_source_timestamp":0,"circlet_count":0,"master_deck":["Survivor","Neutralize","AscendersBane","Backstab","Sucker Punch+1","Infinite Blades+1","Dash","Backflip","Well Laid Plans","Panache","Predator","Burst+1","Cloak And Dagger","Die Die Die","Deadly Poison","Quick Slash","Endless Agony","Quick Slash","Backflip","Skewer","Cloak And Dagger","Prepared","Underhanded Strike","Tactician","Eviscerate","Acrobatics","Prepared","Cloak And Dagger+1"],"special_seed":0,"relics":["Ring of the Snake","Bag of Marbles","Pear","Nunchaku","Bottled Tornado","Happy Flower","Pandora\u0027s Box","Nilry\u0027s Codex","Dream Catcher"],"potions_floor_usage":[13,29],"damage_taken":[{"damage":7.0,"enemies":"Small Slimes","floor":1.0,"turns":4.0},{"damage":0,"enemies":"Cultist","floor":2,"turns":4},{"damage":0,"enemies":"2 Louse","floor":4,"turns":3},{"damage":17,"enemies":"Exordium Wildlife","floor":5,"turns":6},{"damage":4,"enemies":"3 Sentries","floor":7,"turns":8},{"damage":9,"enemies":"Gremlin Nob","floor":10,"turns":4},{"damage":2,"enemies":"Lagavulin","floor":13,"turns":4},{"damage":0,"enemies":"Large Slime","floor":14,"turns":5},{"damage":24,"enemies":"Slime Boss","floor":16,"turns":8},{"damage":4,"enemies":"Shell Parasite","floor":18,"turns":3},{"damage":11,"enemies":"2 Thieves","floor":19,"turns":3},{"damage":0,"enemies":"3 Cultists","floor":21,"turns":4},{"damage":9,"enemies":"Cultist and Chosen","floor":22,"turns":4},{"damage":7,"enemies":"Snecko","floor":27,"turns":4},{"damage":18,"enemies":"Snake Plant","floor":29,"turns":3},{"damage":35,"enemies":"Slaver and Parasite","floor":30,"turns":2}],"seed_played":"-8661654982965455252","potions_obtained":[{"floor":4,"key":"FearPotion"},{"floor":5,"key":"SmokeBomb"},{"floor":16,"key":"SpeedPotion"},{"floor":27,"key":"Energy Potion"}],"is_trial":false,"path_per_floor":["M","M","?","M","M","R","E","R","T","E","T","$","E","M","R","B",null,"M","M","?","M","M","R","?","R","T","M","$","M"],"character_chosen":"THE_SILENT","items_purchased":["Panache","Predator","Prepared"],"campfire_rested":2,"item_purchase_floors":[12,12,28],"current_hp_per_floor":[52,52,52,52,35,35,31,31,41,32,32,32,30,30,30,6,59,55,44,23,23,14,36,36,58,58,51,51,33,0],"gold":77,"neow_bonus":"","is_prod":false,"is_daily":false,"chose_seed":false,"campfire_upgraded":3,"win_rate":0,"timestamp":1532703626,"path_taken":["M","M","?","M","M","R","E","R","T","E","?","$","E","M","R","BOSS","M","M","?","M","?","R","?","R","T","M","?","M","M"],"build_version":"2018-07-26","purchased_purges":0,"victory":false,"max_hp_per_floor":[66,66,66,66,66,66,66,66,76,76,76,76,76,76,76,76,76,76,76,76,76,76,76,76,76,76,76,76,76,76],"card_choices":[{"not_picked":["Underhanded Strike","Outmaneuver"],"picked":"Backstab","floor":1.0},{"not_picked":["Bane","Cloak And Dagger"],"picked":"Sucker Punch","floor":2},{"not_picked":["Backflip","Well Laid Plans"],"picked":"Infinite Blades","floor":4},{"not_picked":["Heel Hook","Terror"],"picked":"Dash","floor":5},{"not_picked":["Underhanded Strike","Quick Slash"],"picked":"Backflip","floor":7},{"not_picked":["Eviscerate","Outmaneuver"],"picked":"Well Laid Plans","floor":10},{"not_picked":["Bullet Time","All Out Attack"],"picked":"Burst","floor":13},{"not_picked":["Riddle With Holes","Deflect"],"picked":"Cloak And Dagger","floor":14},{"not_picked":["A Thousand Cuts","Grand Finale"],"picked":"Die Die Die","floor":16},{"not_picked":["Sucker Punch","Quick Slash","Flying Knee"],"picked":"SKIP","floor":18},{"not_picked":["Riddle With Holes","Outmaneuver"],"picked":"Underhanded Strike","floor":19},{"not_picked":["Calculated Gamble","Backflip"],"picked":"Tactician","floor":21},{"not_picked":["Infinite Blades","Sucker Punch"],"picked":"Eviscerate","floor":22},{"not_picked":["PiercingWail+1","Riddle With Holes"],"picked":"Acrobatics","floor":27},{"not_picked":["Quick Slash","Deflect"],"picked":"Cloak And Dagger+1","floor":29}],"player_experience":794543,"relics_obtained":[{"floor":7,"key":"Bag of Marbles"},{"floor":9,"key":"Pear"},{"floor":10,"key":"Nunchaku"},{"floor":11,"key":"Bottled Tornado"},{"floor":13,"key":"Happy Flower"},{"floor":20,"key":"Nilry\u0027s Codex"},{"floor":26,"key":"Dream Catcher"}],"event_choices":[{"event_name":"Bonfire Elementals","player_choice":"BASIC","floor":3,"damage_taken":0},{"event_name":"Cursed Tome","player_choice":"Obtained Book","floor":20,"damage_taken":0},{"event_name":"Beggar","player_choice":"Gave Gold","floor":24,"damage_taken":0}],"is_beta":true,"boss_relics":[{"not_picked":["Empty Cage","Fusion Hammer"],"picked":"Pandora\u0027s Box"}],"items_purged_floors":[],"is_endless":false,"potions_floor_spawned":[4,5,16,18,21,27],"killed_by":"Slaver and Parasite","ascension_level":15}