{"path_per_floor":["M","?","M","$","$","E","R","M","T","M","?","R","M","T","R","B",null,"M","$","M","M"],"character_chosen":"THE_SILENT","items_purchased":["Happy Flower"],"gold_per_floor":[114,289,308,233,233,265,265,285,285,299,323,323,337,337,337,432,432,452,305,325,340,340],"floor_reached":22,"campfire_rested":0,"playtime":868,"item_purchase_floors":[19],"current_hp_per_floor":[63,63,63,63,63,63,63,63,63,63,52,52,47,47,47,40,63,59,59,50,1,0],"items_purged":["Doubt"],"gold":340,"score":295,"play_id":"7606c2d3-3dd9-4b92-8f00-f68bc1d7da9a","local_time":"20180529172830","is_prod":false,"is_daily":false,"chose_seed":false,"is_ascension_mode":true,"campfire_upgraded":0,"win_rate":0,"timestamp":1527586110,"campfire_choices":[{"floor":7,"key":"DIG"},{"floor":12,"key":"DIG"},{"floor":15,"key":"DIG"}],"path_taken":["M","?","M","?","$","E","R","M","T","M","?","R","M","?","R","BOSS","M","$","M","M","M"],"build_version":"2018-05-28","seed_source_timestamp":28394951216997,"purchased_purges":1,"victory":false,"master_deck":["Defend_G","Defend_G","Defend_G","Strike_G","Strike_G+1","Strike_G","Strike_G+1","Survivor","Neutralize","All Out Attack","Deflect","Quick Slash","Slice","Infinite Blades","Adrenaline","Reflex+1","Expertise+1","Leg Sweep+1","Acrobatics","Cloak And Dagger"],"max_hp_per_floor":[70,70,70,70,70,70,70,70,70,70,70,70,70,70,70,70,70,70,70,70,70,70],"relics":["Ring of the Snake","NeowsBlessing","Shovel","Kunai","Du-Vu Doll","Odd Mushroom","Whetstone","Matryoshka","Pen Nib","Astrolabe","Happy Flower"],"card_choices":[{"not_picked":["Deadly Poison","Cloak And Dagger"],"picked":"All Out Attack","floor":1},{"not_picked":["Sucker Punch","All Out Attack"],"picked":"Deflect","floor":3},{"not_picked":["PiercingWail","Bane","Sucker Punch"],"picked":"SKIP","floor":6},{"not_picked":["Poisoned Stab","PiercingWail"],"picked":"Quick Slash","floor":8},{"not_picked":["Dagger Spray","Bane"],"picked":"Slice","floor":10},{"not_picked":["Deflect","Outmaneuver"],"picked":"Infinite Blades","floor":11},{"not_picked":["Poisoned Stab","Footwork","Cloak And Dagger"],"picked":"SKIP","floor":13},{"not_picked":["Bullet Time","Doppelganger"],"picked":"Adrenaline","floor":16},{"not_picked":["Deadly Poison","Outmaneuver"],"picked":"Acrobatics","floor":18},{"not_picked":["Dodge and Roll","Concentrate","Heel Hook"],"picked":"SKIP","floor":20},{"not_picked":["Flying Knee","Dagger Spray+1"],"picked":"Cloak And Dagger","floor":21}],"player_experience":510032,"potions_floor_usage":[16,21],"damage_taken":[{"damage":0,"enemies":"Small Slimes","floor":1,"turns":1},{"damage":0,"enemies":"Jaw Worm","floor":3,"turns":1},{"damage":0,"enemies":"Gremlin Nob","floor":6,"turns":1},{"damage":0,"enemies":"2 Louse","floor":8,"turns":2},{"damage":0,"enemies":"2 Fungi Beasts","floor":10,"turns":3},{"damage":11,"enemies":"The Mushroom Lair","floor":11,"turns":5},{"damage":5,"enemies":"3 Louse","floor":13,"turns":2},{"damage":7,"enemies":"The Guardian","floor":16,"turns":14},{"damage":4,"enemies":"Chosen","floor":18,"turns":7},{"damage":9,"enemies":"Shell Parasite","floor":20,"turns":7},{"damage":49,"enemies":"Cultist and Chosen","floor":21,"turns":8},{"damage":2,"enemies":"Centurion and Healer","floor":22,"turns":1}],"relics_obtained":[{"floor":6,"key":"Shovel"},{"floor":7,"key":"Kunai"},{"floor":9,"key":"Du-Vu Doll"},{"floor":11,"key":"Odd Mushroom"},{"floor":12,"key":"Whetstone"},{"floor":14,"key":"Matryoshka"},{"floor":15,"key":"Pen Nib"}],"event_choices":[{"event_name":"Liars Game","player_choice":"agreed","floor":2,"damage_taken":0},{"event_name":"Mushrooms","player_choice":"Fought Mushrooms","floor":11,"damage_taken":0}],"boss_relics":[{"not_picked":["Eternal Feather","Snecko Eye"],"picked":"Astrolabe"}],"items_purged_floors":[4],"potions_floor_spawned":[1,10,11,20],"seed_played":"6074811548072130582","killed_by":"Centurion and Healer","ascension_level":8,"potions_obtained":[{"floor":1,"key":"Block Potion"},{"floor":10,"key":"Ancient Potion"},{"floor":11,"key":"Fire Potion"},{"floor":20,"key":"AttackPotion"}],"is_trial":false}