{"gold_per_floor":[116,116,132,150,18,18,35,51,51,65,65,76,88,103,103,177,177,192,192,210,241,261,261,294,294,348,273,173,173,192,224,224,298,298,313,313,535,555,266,296,296,45,68,68,119,132,142,173,173,173,173,173,173,23,50,50],"floor_reached":57,"playtime":4492,"items_purged":["Strike_G","Distraction","Survivor","The Bomb"],"score":3413,"play_id":"930dc4ee-1f95-4856-a15c-31b806df3229","local_time":"20190721230235","is_ascension_mode":true,"campfire_choices":[{"data":"Deadly Poison","floor":6.0,"key":"SMITH"},{"data":"Acrobatics","floor":11.0,"key":"SMITH"},{"data":"Noxious Fumes","floor":15.0,"key":"SMITH"},{"data":"Tactician","floor":23.0,"key":"SMITH"},{"data":"Wraith Form v2","floor":25.0,"key":"SMITH"},{"data":"A Thousand Cuts","floor":32.0,"key":"SMITH"},{"data":"Backflip","floor":41.0,"key":"SMITH"},{"data":"Outmaneuver","floor":44.0,"key":"SMITH"},{"floor":49.0,"key":"RECALL"},{"data":"Catalyst","floor":53,"key":"SMITH"}],"neow_cost":"PERCENT_DAMAGE","seed_source_timestamp":0,"circlet_count":0,"master_deck":["AscendersBane","Neutralize","Acrobatics+1","Deadly Poison+1","Tactician+1","Noxious Fumes+1","Backflip+1","Calculated Gamble","A Thousand Cuts+1","Blur","Outmaneuver+1","Catalyst+1"],"special_seed":0,"relics":["Ring of the Snake","Oddly Smooth Stone","Pandora\u0027s Box","Red Mask","Boot","Blood Vial","Matryoshka","Empty Cage","Happy Flower","Dodecahedron","Omamori","FossilizedHelix","Bird Faced Urn","Strawberry"],"potions_floor_usage":[50,56],"damage_taken":[{"damage":3.0,"enemies":"Cultist","floor":1.0,"turns":4.0},{"damage":0.0,"enemies":"2 Louse","floor":3.0,"turns":5.0},{"damage":7.0,"enemies":"Jaw Worm","floor":4.0,"turns":6.0},{"damage":9.0,"enemies":"Exordium Thugs","floor":7.0,"turns":5.0},{"damage":0.0,"enemies":"Blue Slaver","floor":8.0,"turns":5.0},{"damage":0.0,"enemies":"Looter","floor":10.0,"turns":4.0},{"damage":14.0,"enemies":"Large Slime","floor":12.0,"turns":8.0},{"damage":9.0,"enemies":"Exordium Wildlife","floor":13.0,"turns":4.0},{"damage":0.0,"enemies":"Red Slaver","floor":14.0,"turns":5.0},{"damage":0.0,"enemies":"Hexaghost","floor":16.0,"turns":8.0},{"damage":10.0,"enemies":"2 Thieves","floor":18.0,"turns":4.0},{"damage":4.0,"enemies":"Shell Parasite","floor":20.0,"turns":5.0},{"damage":4.0,"enemies":"Masked Bandits","floor":21.0,"turns":3.0},{"damage":14.0,"enemies":"Shelled Parasite and Fungi","floor":22.0,"turns":7.0},{"damage":3.0,"enemies":"Slavers","floor":24.0,"turns":3.0},{"damage":0.0,"enemies":"Snake Plant","floor":30.0,"turns":2.0},{"damage":0.0,"enemies":"Gremlin Leader","floor":31.0,"turns":4.0},{"damage":0.0,"enemies":"Champ","floor":33.0,"turns":5.0},{"damage":0.0,"enemies":"Orb Walker","floor":35.0,"turns":1.0},{"damage":0.0,"enemies":"3 Shapes","floor":38.0,"turns":1.0},{"damage":0.0,"enemies":"Reptomancer","floor":40.0,"turns":1.0},{"damage":9.0,"enemies":"2 Orb Walkers","floor":45.0,"turns":2.0},{"damage":0.0,"enemies":"Transient","floor":46.0,"turns":6.0},{"damage":0.0,"enemies":"Maw","floor":47.0,"turns":3.0},{"damage":0.0,"enemies":"Giant Head","floor":48.0,"turns":6.0},{"damage":27,"enemies":"Time Eater","floor":50,"turns":11},{"damage":0,"enemies":"Awakened One","floor":51,"turns":10},{"damage":0,"enemies":"Shield and Spear","floor":55,"turns":1},{"damage":24,"enemies":"The Heart","floor":56,"turns":7}],"seed_played":"-5459548115857795587","potions_obtained":[{"floor":7.0,"key":"FairyPotion"},{"floor":8.0,"key":"Block Potion"},{"floor":12.0,"key":"Block Potion"},{"floor":18.0,"key":"Poison Potion"},{"floor":30.0,"key":"SpeedPotion"},{"floor":35.0,"key":"GhostInAJar"}],"is_trial":false,"path_per_floor":["M","?","M","M","$","R","M","M","T","M","R","M","M","M","R","B",null,"M","?","M","?","M","R","E","R","T","?","$","?","M","E","R","B",null,"M","?","?","M","$","E","R","$","T","R","?","M","M","E","R","B","B",null,"R","$","E","B",null],"character_chosen":"THE_SILENT","items_purchased":["Deadly Poison","Happy Flower","The Bomb","Outmaneuver"],"campfire_rested":0,"item_purchase_floors":[5,39,42,42],"current_hp_per_floor":[41,41,41,34,34,34,25,25,25,25,25,11,2,2,2,2,50,40,40,36,32,18,18,15,15,15,15,15,15,17,19,19,21,55,57,57,57,59,59,61,61,61,61,61,54,56,58,60,60,39,45,61,61,61,73,49],"gold":50,"neow_bonus":"REMOVE_TWO","is_prod":false,"is_daily":false,"chose_seed":false,"campfire_upgraded":9,"win_rate":0,"timestamp":1563721355,"path_taken":["M","?","M","M","$","R","?","?","T","M","R","M","M","M","R","BOSS","M","?","M","?","?","R","E","R","T","?","$","?","M","E","R","BOSS","M","?","?","M","$","E","R","$","T","R","?","?","M","E","R","BOSS","BOSS","R","$","E","BOSS"],"build_version":"2019-07-17","purchased_purges":4,"victory":true,"max_hp_per_floor":[66,66,66,66,66,66,66,66,66,66,66,66,66,66,66,66,66,66,66,66,66,66,66,66,66,66,66,66,66,66,66,66,66,66,66,66,66,66,66,66,66,66,66,66,66,66,66,66,66,66,66,66,66,66,73,73],"card_choices":[{"not_picked":["Flying Knee","Sucker Punch","Poisoned Stab"],"picked":"SKIP","floor":1.0},{"not_picked":["Outmaneuver","Flying Knee"],"picked":"Acrobatics","floor":3.0},{"not_picked":["Tools of the Trade","Predator","Outmaneuver"],"picked":"SKIP","floor":4.0},{"not_picked":["Deflect","Quick Slash","Bane"],"picked":"SKIP","floor":7.0},{"not_picked":["Flying Knee","Dagger Throw","Acrobatics"],"picked":"SKIP","floor":8.0},{"not_picked":["Footwork","Flechettes"],"picked":"Tactician","floor":10.0},{"not_picked":["Phantasmal Killer","Heel Hook"],"picked":"Noxious Fumes","floor":12.0},{"not_picked":["Bouncing Flask","Deadly Poison"],"picked":"Backflip","floor":13.0},{"not_picked":["Outmaneuver","Footwork"],"picked":"Calculated Gamble","floor":14.0},{"not_picked":["Burst","Night Terror"],"picked":"Corpse Explosion","floor":16.0},{"not_picked":["Dodge and Roll","Crippling Poison","Poisoned Stab"],"picked":"SKIP","floor":18.0},{"not_picked":["Infinite Blades","Poisoned Stab","Noxious Fumes"],"picked":"SKIP","floor":20.0},{"not_picked":["Finisher","PiercingWail","Expertise"],"picked":"SKIP","floor":22.0},{"not_picked":["Calculated Gamble","Deflect+1","Flechettes"],"picked":"SKIP","floor":24.0},{"not_picked":["Outmaneuver+1","Deflect","Caltrops"],"picked":"SKIP","floor":30.0},{"not_picked":["Finisher","Dagger Throw","Deadly Poison"],"picked":"SKIP","floor":31.0},{"not_picked":["Underhanded Strike","Tactician+1"],"picked":"Blur","floor":35.0},{"not_picked":["Dagger Spray","Acrobatics","Blade Dance"],"picked":"SKIP","floor":38.0},{"not_picked":["Bane","Accuracy+1","Venomology"],"picked":"SKIP","floor":40.0},{"not_picked":["Backflip","Blade Dance","Flying Knee"],"picked":"SKIP","floor":46.0},{"not_picked":["Dagger Spray","Unload","Slice+1"],"picked":"SKIP","floor":47.0},{"not_picked":["Dagger Spray","Flechettes"],"picked":"Catalyst","floor":48.0},{"not_picked":["PiercingWail","Dagger Spray","Bouncing Flask"],"picked":"SKIP","floor":55}],"player_experience":1647721,"relics_obtained":[{"floor":9.0,"key":"Oddly Smooth Stone"},{"floor":21.0,"key":"Red Mask"},{"floor":24.0,"key":"Boot"},{"floor":26.0,"key":"Blood Vial"},{"floor":31.0,"key":"Matryoshka"},{"floor":40.0,"key":"Dodecahedron"},{"floor":43.0,"key":"Omamori"},{"floor":45.0,"key":"FossilizedHelix"},{"floor":48.0,"key":"Bird Faced Urn"},{"floor":55,"key":"Strawberry"}],"event_choices":[{"cards_removed":["Strike_G"],"damage_healed":0.0,"max_hp_gain":0.0,"max_hp_loss":0.0,"gold_gain":0.0,"event_name":"Bonfire Elementals","player_choice":"Offered Basic","floor":2.0,"gold_loss":0.0,"damage_taken":0.0},{"cards_removed":["Slice"],"damage_healed":0.0,"max_hp_gain":0.0,"max_hp_loss":0.0,"gold_gain":0.0,"event_name":"Back to Basics","player_choice":"Elegance","floor":19.0,"gold_loss":0.0,"damage_taken":0.0},{"damage_healed":0.0,"max_hp_gain":0.0,"max_hp_loss":0.0,"gold_gain":0.0,"event_name":"Masked Bandits","player_choice":"Fought Bandits","floor":21.0,"gold_loss":0.0,"damage_taken":0.0},{"cards_removed":["Predator"],"damage_healed":0.0,"max_hp_gain":0.0,"max_hp_loss":0.0,"gold_gain":0.0,"event_name":"Beggar","player_choice":"Gave Gold","floor":27.0,"gold_loss":75.0,"damage_taken":0.0},{"damage_healed":0.0,"max_hp_gain":0.0,"max_hp_loss":0.0,"gold_gain":0.0,"event_name":"Cursed Tome","player_choice":"Ignored","floor":29.0,"gold_loss":0.0,"damage_taken":0.0},{"cards_removed":["Wraith Form v2"],"damage_healed":0.0,"max_hp_gain":0.0,"max_hp_loss":0.0,"gold_gain":0.0,"event_name":"Falling","player_choice":"Removed Power","floor":36.0,"gold_loss":0.0,"damage_taken":0.0},{"damage_healed":0.0,"max_hp_gain":0.0,"max_hp_loss":0.0,"gold_gain":222.0,"event_name":"Tomb of Lord Red Mask","player_choice":"Wore Mask","floor":37.0,"gold_loss":0.0,"damage_taken":0.0},{"damage_healed":0.0,"max_hp_gain":0.0,"max_hp_loss":0.0,"gold_gain":0.0,"event_name":"Mysterious Sphere","player_choice":"Fight","floor":45.0,"gold_loss":0.0,"damage_taken":0.0}],"is_beta":false,"boss_relics":[{"not_picked":["Runic Pyramid","WristBlade"],"picked":"Pandora\u0027s Box"},{"not_picked":["Cursed Key","Ring of the Serpent"],"picked":"Empty Cage"}],"items_purged_floors":[5,28,39,54],"is_endless":false,"potions_floor_spawned":[7,8,12,13,16,18,20,21,30,31,35,46],"ascension_level":20}