{"gold_per_floor":[114,124,49,6,6,6,6,6,6,6,35,49,68,68,68,68],"floor_reached":16,"playtime":290,"items_purged":[],"score":196,"play_id":"4a7ecac2-f743-4ad2-9952-84ab8132a6c8","local_time":"20181117124535","is_ascension_mode":true,"campfire_choices":[{"floor":6,"key":"RECALL"},{"data":"Deadly Poison","floor":8,"key":"SMITH"},{"data":"Neutralize","floor":10,"key":"SMITH"},{"data":"Finisher","floor":15,"key":"SMITH"}],"neow_cost":"NONE","seed_source_timestamp":7391341297655,"circlet_count":0,"master_deck":["AscendersBane","Defend_G","Defend_G","Defend_G+1","Defend_G","Defend_G","Strike_G","Strike_G","Strike_G","Strike_G","Survivor","Neutralize+1","Deadly Poison+1","Poisoned Stab","Finisher+1","Acrobatics","Finisher+1","Flying Knee+1"],"relics":["Coffee Dripper","Turnip","Question Card"],"potions_floor_usage":[11,16],"damage_taken":[{"damage":0,"enemies":"Cultist","floor":1,"turns":5},{"damage":2,"enemies":"Small Slimes","floor":2,"turns":4},{"damage":6,"enemies":"Gremlin Nob","floor":11,"turns":3},{"damage":0,"enemies":"2 Louse","floor":12,"turns":2},{"damage":8,"enemies":"Lots of Slimes","floor":13,"turns":4},{"damage":29,"enemies":"Slime Boss","floor":16,"turns":9}],"seed_played":"-808948348309763870","potions_obtained":[{"floor":1,"key":"Regen Potion"},{"floor":2,"key":"GamblersBrew"}],"is_trial":false,"path_per_floor":["M","M","?","$","?","R","?","R","T","R","E","M","M","?","R","B"],"character_chosen":"THE_SILENT","items_purchased":["Finisher"],"campfire_rested":0,"item_purchase_floors":[4],"current_hp_per_floor":[59,57,57,57,62,62,62,62,62,62,56,56,48,27,27,13],"gold":68,"neow_bonus":"BOSS_RELIC","is_prod":false,"is_daily":false,"chose_seed":false,"campfire_upgraded":3,"win_rate":0,"timestamp":1542429935,"path_taken":["M","M","?","$","?","R","?","R","T","R","E","?","M","?","R","BOSS"],"build_version":"2018-11-15","purchased_purges":0,"victory":false,"max_hp_per_floor":[66,66,66,66,71,71,71,71,71,71,71,71,71,71,71,71],"card_choices":[{"not_picked":["Crippling Poison","Underhanded Strike"],"picked":"Deadly Poison","floor":1},{"not_picked":["Reflex","Outmaneuver"],"picked":"Poisoned Stab","floor":2},{"not_picked":["Deadly Poison","Sucker Punch"],"picked":"Acrobatics","floor":11},{"not_picked":["Riddle With Holes","Sucker Punch","Underhanded Strike"],"picked":"Finisher","floor":12},{"not_picked":["Corpse Explosion","Calculated Gamble","Slice"],"picked":"Flying Knee","floor":13}],"player_experience":1091613,"relics_obtained":[{"floor":9,"key":"Turnip"},{"floor":11,"key":"Question Card"}],"event_choices":[{"cards_removed":["Strike_G"],"damage_healed":0,"gold_gain":0,"player_choice":"Card Removal","damage_taken":0,"max_hp_gain":0,"max_hp_loss":0,"event_name":"The Cleric","floor":3,"gold_loss":75},{"damage_healed":0,"gold_gain":0,"player_choice":"Donut","damage_taken":0,"max_hp_gain":5,"max_hp_loss":0,"event_name":"Big Fish","floor":5,"gold_loss":0},{"damage_healed":0,"gold_gain":0,"player_choice":"Upgraded","damage_taken":0,"max_hp_gain":0,"max_hp_loss":0,"event_name":"Upgrade Shrine","floor":7,"gold_loss":0,"cards_upgraded":["Finisher"]},{"damage_healed":0,"gold_gain":0,"player_choice":"Entered Light","damage_taken":21,"max_hp_gain":0,"max_hp_loss":0,"event_name":"Shining Light","floor":14,"gold_loss":0,"cards_upgraded":["Defend_G","Flying Knee"]}],"is_beta":true,"boss_relics":[],"items_purged_floors":[],"is_endless":false,"potions_floor_spawned":[1,2],"killed_by":"Slime Boss","ascension_level":20}