{"path_per_floor":["M","?","M","M","M","R","E","?","T","$","?","M","R","M","R"],"character_chosen":"IRONCLAD","items_purchased":[],"gold_per_floor":[111,111,124,142,154,154,180,180,180,105,105,120,120,137,137],"floor_reached":16,"campfire_rested":1,"playtime":922,"current_hp_per_floor":[80,80,78,80,63,63,46,46,46,46,30,18,42,48,48],"items_purged":["Strike_R"],"gold":137,"score":102,"play_id":"6ee82dda-2c04-4067-b3a6-2166863a2092","local_time":"20180305204657","is_prod":false,"is_daily":false,"is_ascension_mode":false,"campfire_upgraded":2,"timestamp":1520279217,"path_taken":["M","?","M","M","?","R","E","?","T","$","?","M","R","M","R","BOSS"],"build_version":"2018-03-01-PROD1","purchased_purges":1,"victory":false,"master_deck":["Strike_R+1","Strike_R","Strike_R","Strike_R","Defend_R","Defend_R","Defend_R+1","Bash","Decay","Flex+1","Battle Trance","Pommel Strike","Power Through","Fire Breathing","Cleave+1","Whirlwind"],"max_hp_per_floor":[80,80,80,80,80,80,80,80,80,80,80,80,80,80,80],"relics":["Burning Blood","Du-Vu Doll","Ancient Tea Set","Ice Cream"],"card_choices":[{"not_picked":["Uppercut","Body Slam"],"picked":"Flex"},{"not_picked":["Perfected Strike","Cleave"],"picked":"Battle Trance"},{"not_picked":["Shockwave","Body Slam"],"picked":"Pommel Strike"},{"not_picked":["Perfected Strike","Second Wind"],"picked":"Power Through"},{"not_picked":["Second Wind","Burning Pact"],"picked":"Fire Breathing"},{"not_picked":["Thunderclap","Armaments"],"picked":"Cleave"},{"not_picked":["Headbutt","Sword Boomerang"],"picked":"Whirlwind"}],"player_experience":90041,"potions_floor_usage":[5,7],"damage_taken":[{"damage":6,"enemies":"2 Louse","floor":1,"turns":2},{"damage":8,"enemies":"Jaw Worm","floor":3,"turns":2},{"damage":2,"enemies":"Small Slimes","floor":4,"turns":2},{"damage":23,"enemies":"Gremlin Gang","floor":5,"turns":4},{"damage":23,"enemies":"3 Sentries","floor":7,"turns":10},{"damage":18,"enemies":"Exordium Wildlife","floor":12,"turns":4},{"damage":0,"enemies":"Lots of Slimes","floor":14,"turns":3},{"damage":51,"enemies":"Hexaghost","floor":16,"turns":9}],"event_choices":[{"event_name":"Golden Wing","player_choice":"Ignored","floor":2,"damage_taken":0},{"event_name":"Purifier","player_choice":"One Purge","floor":8,"damage_taken":0},{"event_name":"Shining Light","player_choice":"Entered Light","floor":11,"damage_taken":0}],"boss_relics":[],"potions_floor_spawned":[1,4],"seed_played":"9124609369624494256","killed_by":"Hexaghost","ascension_level":0,"is_trial":false}