{"gold_per_floor":[119,119,139,214,230,230,260,246,298,298],"floor_reached":10,"playtime":147,"items_purged":[],"score":119,"play_id":"cf0dd17d-3850-4d33-a4f5-b98b64ec79c7","local_time":"20190219143249","is_ascension_mode":true,"campfire_choices":[{"data":"Neutralize","floor":6.0,"key":"SMITH"}],"neow_cost":"NONE","seed_source_timestamp":153708048137162,"circlet_count":0,"master_deck":["AscendersBane","Defend_G","Defend_G","Defend_G","Defend_G","Defend_G","Strike_G","Strike_G","Strike_G","Strike_G","Strike_G","Survivor+1","Neutralize+1","Masterful Stab+1","Outmaneuver"],"special_seed":0,"relics":["Ring of the Snake","NeowsBlessing","Bottled Flame","Art of War"],"potions_floor_usage":[],"damage_taken":[{"damage":0.0,"enemies":"2 Louse","floor":1.0,"turns":1.0},{"damage":0.0,"enemies":"Jaw Worm","floor":3.0,"turns":1.0},{"damage":0.0,"enemies":"Small Slimes","floor":5.0,"turns":1.0},{"damage":16.0,"enemies":"Gremlin Nob","floor":7.0,"turns":5.0},{"damage":4,"enemies":"Exordium Thugs","floor":8,"turns":4},{"damage":10,"enemies":"3 Sentries","floor":10,"turns":1}],"seed_played":"-7170259542542499949","potions_obtained":[{"floor":3.0,"key":"Swift Potion"},{"floor":5.0,"key":"SpeedPotion"}],"is_trial":false,"path_per_floor":["M","?","M","?","M","R","E","M","T","E"],"character_chosen":"THE_SILENT","items_purchased":[],"campfire_rested":0,"item_purchase_floors":[],"current_hp_per_floor":[59,39,39,28,28,28,12,8,8,0],"gold":298,"neow_bonus":"THREE_ENEMY_KILL","is_prod":false,"is_daily":false,"chose_seed":false,"campfire_upgraded":1,"win_rate":0,"timestamp":1550557969,"path_taken":["M","?","M","?","M","R","E","M","T","E"],"build_version":"2019-01-23","purchased_purges":0,"victory":false,"max_hp_per_floor":[66,66,66,66,66,66,66,66,66,66],"card_choices":[{"not_picked":["Poisoned Stab","Concentrate"],"picked":"Masterful Stab","floor":1.0},{"not_picked":["Poisoned Stab","Caltrops","Underhanded Strike"],"picked":"SKIP","floor":3.0},{"not_picked":["Acrobatics","Sucker Punch"],"picked":"Outmaneuver","floor":5.0},{"not_picked":["Predator","Catalyst","PiercingWail"],"picked":"SKIP","floor":7},{"not_picked":["Underhanded Strike","PiercingWail","Bouncing Flask"],"picked":"SKIP","floor":8}],"player_experience":840611,"relics_obtained":[{"floor":7,"key":"Bottled Flame"},{"floor":9,"key":"Art of War"}],"event_choices":[{"damage_healed":0.0,"max_hp_gain":0.0,"max_hp_loss":0.0,"gold_gain":0.0,"event_name":"Shining Light","player_choice":"Entered Light","floor":2.0,"gold_loss":0.0,"damage_taken":20.0,"cards_upgraded":["Masterful Stab","Survivor"]},{"damage_healed":0.0,"max_hp_gain":0.0,"max_hp_loss":0.0,"gold_gain":75.0,"event_name":"World of Goop","player_choice":"Gather Gold","floor":4.0,"gold_loss":0.0,"damage_taken":11.0}],"is_beta":false,"boss_relics":[],"items_purged_floors":[],"is_endless":false,"potions_floor_spawned":[3,5],"killed_by":"3 Sentries","ascension_level":15}