{"gold_per_floor":[114,39,51,51,67,67,87,87,87,102,117,17,17,17,17,91,91,108,108,134,134,152,187,200,200,200,200,200,200,217,217],"floor_reached":31,"playtime":692,"items_purged":["Strike_B","Strike_B"],"score":490,"play_id":"a04df62b-90f0-4060-81fa-0a385789e5db","local_time":"20190307112937","is_ascension_mode":true,"campfire_choices":[{"data":"Zap","floor":6.0,"key":"SMITH"},{"data":"Hologram","floor":8.0,"key":"SMITH"},{"data":"Fission","floor":15.0,"key":"SMITH"},{"data":"Tempest","floor":25.0,"key":"SMITH"},{"floor":27.0,"key":"REST"},{"data":"Reinforced Body","floor":29.0,"key":"SMITH"}],"neow_cost":"NONE","seed_source_timestamp":340505951786,"circlet_count":0,"master_deck":["AscendersBane","Zap+1","Dualcast+1","Core Surge+1","Turbo+1","Tempest+1","Conserve Battery","Hologram+1","Fission+1","Electrodynamics","Melter","Ball Lightning","Thunder Strike+1","Leap","Core Surge","Streamline","Chill","Reinforced Body+1"],"special_seed":0,"relics":["Cracked Core","Cables","Pandora\u0027s Box","Red Mask","Whetstone"],"potions_floor_usage":[31],"damage_taken":[{"damage":0.0,"enemies":"2 Louse","floor":1.0,"turns":1.0},{"damage":7.0,"enemies":"Small Slimes","floor":3.0,"turns":3.0},{"damage":0.0,"enemies":"Cultist","floor":5.0,"turns":3.0},{"damage":6.0,"enemies":"Looter","floor":7.0,"turns":3.0},{"damage":0.0,"enemies":"2 Fungi Beasts","floor":10.0,"turns":2.0},{"damage":0.0,"enemies":"Blue Slaver","floor":11.0,"turns":2.0},{"damage":6.0,"enemies":"The Guardian","floor":16.0,"turns":13.0},{"damage":0.0,"enemies":"Spheric Guardian","floor":18.0,"turns":2.0},{"damage":0.0,"enemies":"Masked Bandits","floor":20.0,"turns":2.0},{"damage":10.0,"enemies":"Shell Parasite","floor":22.0,"turns":3.0},{"damage":24.0,"enemies":"Book of Stabbing","floor":23.0,"turns":4.0},{"damage":14.0,"enemies":"Shelled Parasite and Fungi","floor":24.0,"turns":3.0},{"damage":33.0,"enemies":"Snake Plant","floor":30.0,"turns":3.0},{"damage":0,"enemies":"Gremlin Leader","floor":31,"turns":1}],"seed_played":"-8572326104577297834","potions_obtained":[{"floor":5.0,"key":"Swift Potion"},{"floor":10.0,"key":"PowerPotion"},{"floor":11.0,"key":"FocusPotion"},{"floor":18.0,"key":"PowerPotion"},{"floor":23.0,"key":"PowerPotion"}],"is_trial":false,"path_per_floor":["M","$","M","?","M","R","M","R","T","M","M","$","?","?","R","B",null,"M","$","?","?","M","E","M","R","T","R","?","R","M","E"],"character_chosen":"DEFECT","items_purchased":[],"campfire_rested":1,"item_purchase_floors":[],"current_hp_per_floor":[64,64,57,57,57,57,51,51,51,51,51,51,51,51,51,45,65,65,65,65,65,55,31,17,17,17,38,38,38,5,5],"gold":217,"neow_bonus":"ONE_RANDOM_RARE_CARD","is_prod":false,"is_daily":false,"chose_seed":false,"campfire_upgraded":5,"win_rate":0,"timestamp":1551929377,"path_taken":["M","$","M","?","M","R","M","R","T","M","M","$","?","?","R","BOSS","M","$","?","?","?","E","M","R","T","R","?","R","M","E"],"build_version":"2019-01-23","purchased_purges":2,"victory":false,"max_hp_per_floor":[71,71,71,71,71,71,71,71,71,71,71,71,71,71,71,71,71,71,71,71,71,71,71,71,71,71,71,71,71,71,71],"card_choices":[{"not_picked":["Compile Driver","Barrage"],"picked":"Turbo","floor":1.0},{"not_picked":["Steam","Conserve Battery"],"picked":"Tempest","floor":3.0},{"not_picked":["Go for the Eyes","Barrage"],"picked":"Conserve Battery","floor":5.0},{"not_picked":["Steam","Compile Driver"],"picked":"Hologram","floor":7.0},{"not_picked":["Hello World","Melter","Scrape"],"picked":"SKIP","floor":10.0},{"not_picked":["Ball Lightning","Conserve Battery"],"picked":"Fission","floor":11.0},{"not_picked":["Multi-Cast","Fission"],"picked":"Electrodynamics","floor":16.0},{"not_picked":["Steam","Darkness","Sunder"],"picked":"SKIP","floor":18.0},{"not_picked":["Sweeping Beam","Heatsinks","Hologram"],"picked":"SKIP","floor":22.0},{"not_picked":["Beam Cell+1","Rebound"],"picked":"Chill","floor":23.0},{"not_picked":["Barrage","Rebound","Leap"],"picked":"SKIP","floor":24.0},{"not_picked":["Heatsinks","Darkness","Gash"],"picked":"SKIP","floor":30.0}],"player_experience":3376683,"relics_obtained":[{"floor":9.0,"key":"Cables"},{"floor":20.0,"key":"Red Mask"},{"floor":23.0,"key":"Whetstone"}],"event_choices":[{"damage_healed":0.0,"max_hp_gain":0.0,"max_hp_loss":0.0,"gold_gain":0.0,"event_name":"Living Wall","player_choice":"Grow","floor":4.0,"gold_loss":0.0,"damage_taken":0.0,"cards_upgraded":["Dualcast"]},{"damage_healed":0.0,"max_hp_gain":0.0,"max_hp_loss":0.0,"gold_gain":0.0,"event_name":"The Cleric","player_choice":"Leave","floor":13.0,"gold_loss":0.0,"damage_taken":0.0},{"damage_healed":0.0,"max_hp_gain":0.0,"max_hp_loss":0.0,"gold_gain":0.0,"event_name":"Liars Game","player_choice":"Ignored","floor":14.0,"gold_loss":0.0,"damage_taken":0.0},{"damage_healed":0.0,"max_hp_gain":0.0,"max_hp_loss":0.0,"gold_gain":0.0,"event_name":"Masked Bandits","player_choice":"Fought Bandits","floor":20.0,"gold_loss":0.0,"damage_taken":0.0},{"damage_healed":0.0,"max_hp_gain":0.0,"max_hp_loss":0.0,"gold_gain":0.0,"event_name":"Upgrade Shrine","player_choice":"Upgraded","floor":21.0,"gold_loss":0.0,"damage_taken":0.0,"cards_upgraded":["Turbo"]},{"damage_healed":0.0,"max_hp_gain":0.0,"max_hp_loss":0.0,"gold_gain":0.0,"event_name":"The Library","player_choice":"Read","floor":28.0,"gold_loss":0.0,"damage_taken":0.0,"cards_obtained":["Reinforced Body"]}],"is_beta":false,"boss_relics":[{"not_picked":["Empty Cage","Cursed Key"],"picked":"Pandora\u0027s Box"}],"items_purged_floors":[2,12],"is_endless":false,"potions_floor_spawned":[5,10,11,18,20,23],"killed_by":"Gremlin Leader","ascension_level":20}