{"gold_per_floor":[115,128,278,278,203,203,230,230,306,323,323,351,368,368,368,368],"floor_reached":16,"playtime":424,"items_purged":["Doubt"],"score":216,"play_id":"cf5e2667-d64c-486b-8104-145adc11e70a","local_time":"20181226230555","is_ascension_mode":true,"campfire_choices":[{"data":"Deadly Poison","floor":6.0,"key":"SMITH"},{"data":"Neutralize","floor":8.0,"key":"SMITH"},{"data":"Blade Dance","floor":15,"key":"SMITH"}],"neow_cost":"TEN_PERCENT_HP_LOSS","seed_source_timestamp":44267484298413,"circlet_count":0,"master_deck":["AscendersBane","Defend_G","Defend_G","Defend_G","Defend_G","Defend_G","Strike_G","Strike_G","Survivor","Neutralize+1","Glass Knife+1","Cloak And Dagger+1","Deadly Poison+1","Well Laid Plans","After Image","Flechettes","Choke","Blade Dance+1"],"special_seed":0,"relics":["Ring of the Snake","Ginger","Dodecahedron","Strawberry"],"potions_floor_usage":[],"damage_taken":[{"damage":0.0,"enemies":"Small Slimes","floor":1.0,"turns":2.0},{"damage":0.0,"enemies":"Jaw Worm","floor":2.0,"turns":4.0},{"damage":8.0,"enemies":"Gremlin Nob","floor":7.0,"turns":3.0},{"damage":0.0,"enemies":"2 Louse","floor":10.0,"turns":3.0},{"damage":12.0,"enemies":"3 Sentries","floor":12.0,"turns":9.0},{"damage":0.0,"enemies":"Gremlin Gang","floor":13.0,"turns":4.0},{"damage":0,"enemies":"Slime Boss","floor":16,"turns":4}],"seed_played":"-8647149482105242688","potions_obtained":[{"floor":2.0,"key":"AttackPotion"},{"floor":10.0,"key":"SkillPotion"},{"floor":13.0,"key":"Poison Potion"}],"is_trial":false,"path_per_floor":["M","M","?","?","$","R","E","R","T","M","E","M","R","B"],"character_chosen":"THE_SILENT","items_purchased":[],"campfire_rested":0,"item_purchase_floors":[],"current_hp_per_floor":[59,59,59,41,41,41,33,33,33,33,33,28,28,28,28,28],"gold":368,"neow_bonus":"TRANSFORM_TWO_CARDS","is_prod":false,"is_daily":false,"chose_seed":false,"campfire_upgraded":3,"win_rate":0,"timestamp":1545836755,"path_taken":["M","M","?","?","?","R","E","R","T","M","?","E","?","?","R","BOSS"],"build_version":"2018-12-25","purchased_purges":1,"victory":false,"max_hp_per_floor":[60,60,60,60,60,60,60,60,60,60,60,67,67,67,67,67],"card_choices":[{"not_picked":["Cloak And Dagger","Deadly Poison","Setup"],"picked":"SKIP","floor":1.0},{"not_picked":["Cloak And Dagger","Setup"],"picked":"Deadly Poison","floor":1.0},{"not_picked":["Prepared","Expertise","Dodge and Roll"],"picked":"SKIP","floor":2.0},{"not_picked":["Prepared","Endless Agony"],"picked":"Well Laid Plans","floor":7.0},{"not_picked":["Concentrate","Dagger Throw"],"picked":"After Image","floor":10.0},{"not_picked":["Deadly Poison","Calculated Gamble"],"picked":"Choke","floor":12.0},{"not_picked":["Storm of Steel","Cloak And Dagger"],"picked":"Blade Dance","floor":13.0}],"player_experience":1240842,"relics_obtained":[{"floor":7.0,"key":"Ginger"},{"floor":9.0,"key":"Dodecahedron"},{"floor":12.0,"key":"Strawberry"}],"event_choices":[{"damage_healed":0.0,"max_hp_gain":0.0,"max_hp_loss":0.0,"gold_gain":150.0,"event_name":"Liars Game","player_choice":"AGREE","floor":3.0,"gold_loss":0.0,"damage_taken":0.0,"cards_obtained":["Doubt"]},{"damage_healed":0.0,"max_hp_gain":0.0,"max_hp_loss":0.0,"gold_gain":0.0,"event_name":"Shining Light","player_choice":"Entered Light","floor":4.0,"gold_loss":0.0,"damage_taken":18.0,"cards_upgraded":["Glass Knife","Cloak And Dagger"]},{"damage_healed":0.0,"max_hp_gain":0.0,"max_hp_loss":0.0,"gold_gain":0.0,"cards_transformed":["Strike_G"],"event_name":"Transmorgrifier","player_choice":"Transformed","floor":11.0,"gold_loss":0.0,"damage_taken":0.0,"cards_obtained":["Flechettes"]},{"damage_healed":0,"gold_gain":0,"player_choice":"Searched \u00271\u0027 times","damage_taken":0,"max_hp_gain":0,"max_hp_loss":0,"event_name":"Dead Adventurer","floor":14,"gold_loss":0}],"is_beta":true,"boss_relics":[],"items_purged_floors":[5],"is_endless":false,"potions_floor_spawned":[2,10,13],"killed_by":"Slime Boss","ascension_level":20}