{"gold_per_floor":[115,40,115,129,129,129,163,163,163,163,178,204,222,64,64,64],"floor_reached":16,"playtime":511,"items_purged":["Strike_G"],"score":216,"play_id":"199ce916-405a-488a-9dcb-ffc7a32dabe2","local_time":"20181122224113","is_ascension_mode":true,"campfire_choices":[{"data":"Neutralize","floor":6,"key":"SMITH"},{"data":"Skewer","floor":8,"key":"SMITH"},{"data":"Prepared","floor":10,"key":"SMITH"},{"data":"Calculated Gamble","floor":15,"key":"SMITH"}],"neow_cost":"NONE","seed_source_timestamp":4798523555841,"circlet_count":0,"master_deck":["AscendersBane","Defend_G","Defend_G","Defend_G","Defend_G","Strike_G","Survivor","Neutralize+1","A Thousand Cuts+1","Sucker Punch+1","Leg Sweep+1","Backflip","Prepared+1","After Image","Dodge and Roll","Skewer+1","Heel Hook+1","Calculated Gamble+1","Heel Hook+1","Footwork"],"special_seed":0,"relics":["Astrolabe","Molten Egg 2","Unceasing Top","Tough Bandages"],"potions_floor_usage":[12,13,16],"damage_taken":[{"damage":0.0,"enemies":"Cultist","floor":1.0,"turns":5.0},{"damage":9.0,"enemies":"Small Slimes","floor":4.0,"turns":3.0},{"damage":3,"enemies":"Lagavulin","floor":7,"turns":11},{"damage":0,"enemies":"Jaw Worm","floor":11,"turns":5},{"damage":35,"enemies":"Gremlin Nob","floor":12,"turns":5},{"damage":12,"enemies":"Exordium Thugs","floor":13,"turns":6},{"damage":3,"enemies":"Hexaghost","floor":16,"turns":9}],"seed_played":"2448151369896440835","potions_obtained":[{"floor":4.0,"key":"Regen Potion"},{"floor":12,"key":"GamblersBrew"},{"floor":13,"key":"SteroidPotion"}],"is_trial":false,"path_per_floor":["M","?","?","M","?","R","E","R","T","R","M","E","M","$","R","B"],"character_chosen":"THE_SILENT","items_purchased":["Footwork"],"campfire_rested":0,"item_purchase_floors":[14],"current_hp_per_floor":[59,59,48,39,39,39,36,36,36,36,36,15,3,3,3,0],"gold":64,"neow_bonus":"BOSS_RELIC","is_prod":false,"is_daily":false,"chose_seed":false,"campfire_upgraded":4,"win_rate":0,"timestamp":1542897673,"path_taken":["M","?","?","M","?","R","E","R","T","R","?","E","M","$","R","BOSS"],"build_version":"2018-11-15","purchased_purges":1,"victory":false,"max_hp_per_floor":[66,66,66,66,66,66,66,66,66,66,66,66,66,66,66,66],"card_choices":[{"not_picked":["PiercingWail","Backflip","Dodge and Roll"],"picked":"SKIP","floor":1.0},{"not_picked":["PiercingWail","Dodge and Roll"],"picked":"Backflip","floor":1.0},{"not_picked":["Poisoned Stab","Deflect"],"picked":"Prepared","floor":4.0},{"not_picked":["Flying Knee","Venomology"],"picked":"Heel Hook","floor":7},{"not_picked":["Dodge and Roll","Backflip"],"picked":"Calculated Gamble","floor":11},{"not_picked":["Dagger Spray+1","Cloak And Dagger","Dash+1"],"picked":"SKIP","floor":12},{"not_picked":["Underhanded Strike+1","All Out Attack+1"],"picked":"Heel Hook+1","floor":13}],"player_experience":1141829,"relics_obtained":[{"floor":7,"key":"Molten Egg 2"},{"floor":9,"key":"Unceasing Top"},{"floor":12,"key":"Tough Bandages"}],"event_choices":[{"cards_removed":["Defend_G"],"damage_healed":0.0,"max_hp_gain":0.0,"max_hp_loss":0.0,"gold_gain":0.0,"event_name":"The Cleric","player_choice":"Card Removal","floor":2.0,"gold_loss":75.0,"damage_taken":0.0},{"damage_healed":0.0,"max_hp_gain":0.0,"max_hp_loss":0.0,"gold_gain":75.0,"event_name":"World of Goop","player_choice":"Gather Gold","floor":3.0,"gold_loss":0.0,"damage_taken":11.0},{"damage_healed":0,"gold_gain":0,"player_choice":"3 cards matched","damage_taken":0,"max_hp_gain":0,"max_hp_loss":0,"event_name":"Match and Keep!","floor":5,"gold_loss":0,"cards_obtained":["After Image","Dodge and Roll","Skewer"]}],"is_beta":true,"boss_relics":[],"items_purged_floors":[14],"is_endless":false,"potions_floor_spawned":[4,12,13],"killed_by":"Hexaghost","ascension_level":20}