{"gold_per_floor":[11,29,104,26,43,43,54,54,79,79,99,99,99,118,118,194,194,213,213,57,83,98,98,109,109,109,122,132,132,146,158,158,235,235,246,246,346,360,22,55,55,67,92,102,102,155,155,155,155,155,155,155,155,30,62,62],"floor_reached":57,"playtime":5396,"items_purged":["Strike_G","Strike_G","Strike_G+1"],"score":2573,"play_id":"4714152a-169b-46f7-bbcd-5a8a6eccc9f1","local_time":"20190514214153","is_ascension_mode":true,"campfire_choices":[{"data":"Well Laid Plans","floor":6.0,"key":"SMITH"},{"data":"Flechettes","floor":8.0,"key":"SMITH"},{"data":"Neutralize","floor":10.0,"key":"SMITH"},{"data":"Cloak And Dagger","floor":12.0,"key":"SMITH"},{"data":"Footwork","floor":15.0,"key":"SMITH"},{"data":"Tactician","floor":23.0,"key":"SMITH"},{"data":"Acrobatics","floor":25.0,"key":"SMITH"},{"data":"Acrobatics","floor":29.0,"key":"SMITH"},{"data":"Burst","floor":32.0,"key":"SMITH"},{"data":"Calculated Gamble","floor":41.0,"key":"SMITH"},{"floor":45.0,"key":"RECALL"},{"data":"Prepared","floor":47.0,"key":"SMITH"},{"data":"Concentrate","floor":49.0,"key":"SMITH"},{"data":"Wraith Form v2","floor":53.0,"key":"SMITH"}],"neow_cost":"NO_GOLD","seed_source_timestamp":40693834651784,"circlet_count":0,"master_deck":["AscendersBane","Defend_G","Defend_G","Defend_G","Defend_G","Defend_G","Strike_G+1","Survivor","Neutralize+1","Footwork+1","Well Laid Plans+1","Flechettes+1","Well Laid Plans","Well Laid Plans","Dodge and Roll","Burst+1","Tactician+1","Acrobatics+1","Acrobatics+1","Calculated Gamble+1","Malaise","Well Laid Plans+1","Wraith Form v2+1","Adrenaline","Concentrate+1","Noxious Fumes","Well Laid Plans","Prepared+1"],"special_seed":0,"relics":["Ring of the Snake","Bird Faced Urn","Oddly Smooth Stone","Orrery","Lantern","Eternal Feather","Thread and Needle","Bronze Scales","Happy Flower","Whetstone","Prayer Wheel","Boot"],"potions_floor_usage":[56],"damage_taken":[{"damage":7.0,"enemies":"Cultist","floor":1.0,"turns":6.0},{"damage":7.0,"enemies":"2 Louse","floor":2.0,"turns":5.0},{"damage":0.0,"enemies":"Jaw Worm","floor":5.0,"turns":8.0},{"damage":0.0,"enemies":"Red Slaver","floor":7.0,"turns":5.0},{"damage":3.0,"enemies":"Exordium Thugs","floor":11.0,"turns":4.0},{"damage":6.0,"enemies":"2 Fungi Beasts","floor":14.0,"turns":4.0},{"damage":11.0,"enemies":"Slime Boss","floor":16.0,"turns":17.0},{"damage":3.0,"enemies":"3 Byrds","floor":18.0,"turns":6.0},{"damage":7.0,"enemies":"Spheric Guardian","floor":22.0,"turns":5.0},{"damage":48.0,"enemies":"3 Cultists","floor":24.0,"turns":8.0},{"damage":21.0,"enemies":"Cultist and Chosen","floor":27.0,"turns":14.0},{"damage":0.0,"enemies":"Sentry and Sphere","floor":28.0,"turns":5.0},{"damage":0.0,"enemies":"Snake Plant","floor":30.0,"turns":6.0},{"damage":4.0,"enemies":"Shelled Parasite and Fungi","floor":31.0,"turns":7.0},{"damage":35.0,"enemies":"Champ","floor":33.0,"turns":15.0},{"damage":11.0,"enemies":"3 Darklings","floor":35.0,"turns":7.0},{"damage":0.0,"enemies":"Mind Bloom Boss Battle","floor":37.0,"turns":13.0},{"damage":0.0,"enemies":"3 Shapes","floor":38.0,"turns":5.0},{"damage":65.0,"enemies":"Reptomancer","floor":40.0,"turns":8.0},{"damage":5.0,"enemies":"Spire Growth","floor":42.0,"turns":7.0},{"damage":0.0,"enemies":"3 Darklings","floor":44.0,"turns":5.0},{"damage":40.0,"enemies":"2 Orb Walkers","floor":46.0,"turns":7.0},{"damage":14.0,"enemies":"Donu and Deca","floor":50.0,"turns":13.0},{"damage":53.0,"enemies":"Time Eater","floor":51.0,"turns":15.0},{"damage":0.0,"enemies":"Shield and Spear","floor":55.0,"turns":6.0},{"damage":63,"enemies":"The Heart","floor":56,"turns":13}],"seed_played":"2338165800414797400","potions_obtained":[{"floor":2.0,"key":"Swift Potion"},{"floor":5.0,"key":"LiquidBronze"},{"floor":14.0,"key":"Poison Potion"},{"floor":16.0,"key":"Weak Potion"},{"floor":27.0,"key":"FearPotion"},{"floor":33.0,"key":"Weak Potion"},{"floor":38.0,"key":"Weak Potion"},{"floor":40.0,"key":"GhostInAJar"},{"floor":44.0,"key":"GamblersBrew"}],"is_trial":false,"path_per_floor":["M","M","?","$","M","R","M","R","T","R","M","R","?","M","R","B",null,"M","?","$","T","M","R","M","R","T","M","M","R","M","M","R","B",null,"M","?","?","M","$","E","R","M","T","M","R","?","R","?","R","B","B",null,"R","$","E","B",null],"character_chosen":"THE_SILENT","items_purchased":["Well Laid Plans","Calculated Gamble","Concentrate","Bronze Scales"],"campfire_rested":0,"item_purchase_floors":[4,20,39,39],"current_hp_per_floor":[52,47,36,36,40,40,44,44,44,44,47,47,47,49,49,46,61,64,64,64,64,59,59,19,19,19,6,14,14,22,26,26,1,50,49,49,61,66,66,5,20,29,29,45,63,34,52,52,66,57,20,55,66,66,66,15],"gold":62,"neow_bonus":"ONE_RARE_RELIC","is_prod":false,"is_daily":false,"chose_seed":false,"campfire_upgraded":13,"win_rate":0,"timestamp":1557841313,"path_taken":["M","?","?","$","M","R","M","R","T","R","M","R","?","M","R","BOSS","M","?","$","?","M","R","M","R","T","M","M","R","M","M","R","BOSS","M","?","?","M","?","E","R","M","T","M","R","?","R","?","R","BOSS","BOSS","R","$","E","BOSS"],"build_version":"2019-01-23","purchased_purges":3,"victory":true,"max_hp_per_floor":[66,66,66,66,66,66,66,66,66,66,66,66,66,66,66,66,66,66,66,66,66,66,66,66,66,66,66,66,66,66,66,66,66,66,66,66,66,66,66,66,66,66,66,66,66,66,66,66,66,66,66,66,66,66,66,66],"card_choices":[{"not_picked":["Quick Slash","Sucker Punch"],"picked":"Footwork","floor":1.0},{"not_picked":["Deflect","Sucker Punch"],"picked":"Cloak And Dagger","floor":2.0},{"not_picked":["Concentrate","PiercingWail"],"picked":"Flechettes","floor":5.0},{"not_picked":["Outmaneuver","PiercingWail"],"picked":"Well Laid Plans","floor":7.0},{"not_picked":["Blur","Heel Hook"],"picked":"Well Laid Plans","floor":11.0},{"not_picked":["Dagger Spray","Poisoned Stab"],"picked":"Dodge and Roll","floor":14.0},{"not_picked":["Venomology","Doppelganger"],"picked":"Burst","floor":16.0},{"not_picked":["Deadly Poison","Eviscerate"],"picked":"Tactician","floor":17.0},{"not_picked":["Dagger Throw","Cloak And Dagger"],"picked":"Acrobatics","floor":17.0},{"not_picked":["Sucker Punch","Expertise"],"picked":"Acrobatics","floor":17.0},{"not_picked":["Catalyst","All Out Attack","Concentrate"],"picked":"SKIP","floor":18.0},{"not_picked":["Quick Slash","Backflip"],"picked":"Malaise","floor":22.0},{"not_picked":["Skewer","Crippling Poison","Prepared"],"picked":"SKIP","floor":24.0},{"not_picked":["Dodge and Roll","Leg Sweep","Sucker Punch"],"picked":"SKIP","floor":27.0},{"not_picked":["All Out Attack+1","Dagger Spray","Blade Dance+1"],"picked":"SKIP","floor":28.0},{"not_picked":["Heel Hook","Quick Slash","Finisher"],"picked":"SKIP","floor":30.0},{"not_picked":["Endless Agony+1","Venomology"],"picked":"Well Laid Plans+1","floor":31.0},{"not_picked":["Phantasmal Killer","A Thousand Cuts"],"picked":"Wraith Form v2","floor":33.0},{"not_picked":["Leg Sweep","Bane","Riddle With Holes"],"picked":"SKIP","floor":35.0},{"not_picked":["Underhanded Strike+1","Blur"],"picked":"Adrenaline","floor":38.0},{"not_picked":["Heel Hook+1","Accuracy"],"picked":"Noxious Fumes","floor":40.0},{"not_picked":["Deflect+1","Skewer"],"picked":"Well Laid Plans","floor":42.0},{"not_picked":["Catalyst","Acrobatics"],"picked":"Prepared","floor":44.0},{"not_picked":["Dodge and Roll","Bouncing Flask","Dagger Spray"],"picked":"SKIP","floor":55.0}],"player_experience":4758781,"relics_obtained":[{"floor":9.0,"key":"Oddly Smooth Stone"},{"floor":21.0,"key":"Lantern"},{"floor":37.0,"key":"Thread and Needle"},{"floor":40.0,"key":"Happy Flower"},{"floor":43.0,"key":"Whetstone"},{"floor":46.0,"key":"Prayer Wheel"},{"floor":55.0,"key":"Boot"}],"event_choices":[{"damage_healed":0.0,"max_hp_gain":0.0,"max_hp_loss":0.0,"gold_gain":75.0,"event_name":"World of Goop","player_choice":"Gather Gold","floor":3.0,"gold_loss":0.0,"damage_taken":11.0},{"cards_removed":["Strike_G"],"damage_healed":0.0,"max_hp_gain":0.0,"max_hp_loss":0.0,"gold_gain":0.0,"event_name":"Wheel of Change","player_choice":"Card Removal","floor":13.0,"gold_loss":0.0,"damage_taken":0.0},{"damage_healed":0.0,"max_hp_gain":0.0,"max_hp_loss":0.0,"gold_gain":0.0,"event_name":"Vampires","player_choice":"Ignored","floor":19.0,"gold_loss":0.0,"damage_taken":0.0},{"damage_healed":0.0,"max_hp_gain":0.0,"max_hp_loss":0.0,"gold_gain":0.0,"event_name":"SensoryStone","player_choice":"Memory 1","floor":36.0,"gold_loss":0.0,"damage_taken":0.0},{"damage_healed":0.0,"max_hp_gain":0.0,"max_hp_loss":0.0,"gold_gain":0.0,"event_name":"MindBloom","player_choice":"Fight","floor":37.0,"gold_loss":0.0,"damage_taken":0.0},{"damage_healed":0.0,"max_hp_gain":0.0,"max_hp_loss":0.0,"gold_gain":0.0,"event_name":"Mysterious Sphere","player_choice":"Fight","floor":46.0,"gold_loss":0.0,"damage_taken":0.0},{"cards_removed":["Cloak And Dagger"],"damage_healed":0.0,"max_hp_gain":0.0,"max_hp_loss":0.0,"gold_gain":0.0,"event_name":"Falling","player_choice":"Removed Skill","floor":48.0,"gold_loss":0.0,"damage_taken":0.0}],"is_beta":false,"boss_relics":[{"not_picked":["Sozu","Ectoplasm"],"picked":"Orrery"},{"not_picked":["HoveringKite","Calling Bell"],"picked":"Eternal Feather"}],"items_purged_floors":[20,39,54],"is_endless":false,"potions_floor_spawned":[2,5,7,14,16,18,27,33,38,40,44],"ascension_level":20}