{"gold_per_floor":[213,88,102,102,122,135,135,135,161,161,173,173,207,220,220,317,317,336,261,275,290,304,304,7,7,7,24,24,123,136,236,236,331,331,349,365,465,379,391,391,391,404,404,415,435,135,135,153,153,153],"floor_reached":51,"playtime":1414,"items_purged":["Strike_B","Strike_B","Defend_B","Defend_B"],"score":703,"play_id":"3b71b1e1-1419-4be5-aa14-b9c4dcd70e72","local_time":"20190618235122","is_ascension_mode":false,"campfire_choices":[{"data":"Sunder","floor":7.0,"key":"SMITH"},{"data":"Beam Cell","floor":10.0,"key":"SMITH"},{"data":"Loop","floor":12.0,"key":"SMITH"},{"data":"Zap","floor":15.0,"key":"SMITH"},{"data":"Fission","floor":23.0,"key":"SMITH"},{"data":"Apotheosis","floor":25.0,"key":"SMITH"},{"data":"Hologram","floor":28.0,"key":"SMITH"},{"floor":32.0,"key":"REST"},{"data":"Loop","floor":40.0,"key":"SMITH"},{"data":"Discovery","floor":47.0,"key":"SMITH"},{"floor":49.0,"key":"REST"}],"neow_cost":"NONE","seed_source_timestamp":48661792914585,"circlet_count":0,"master_deck":["Defend_B","Zap+1","Dualcast","Beam Cell+1","Gash","Loop+1","Sunder+1","Fission+1","Flash of Steel","Gash","Biased Cognition","Glacier","Self Repair+1","Hologram+1","Apotheosis+1","Rainbow","Gash+1","Turbo+1","Electrodynamics","Compile Driver+1","Darkness","Loop+1","Defragment+1","Heatsinks+1","Coolheaded+1","Discovery+1","Coolheaded"],"special_seed":0,"relics":["Cracked Core","Smiling Mask","Strawberry","Nuclear Battery","Gremlin Horn","Du-Vu Doll","Matryoshka","Empty Cage","Boot","Incense Burner","Regal Pillow"],"potions_floor_usage":[50,50],"damage_taken":[{"damage":6.0,"enemies":"Cultist","floor":1.0,"turns":3.0},{"damage":2.0,"enemies":"2 Louse","floor":3.0,"turns":3.0},{"damage":6.0,"enemies":"Jaw Worm","floor":5.0,"turns":3.0},{"damage":3.0,"enemies":"Red Slaver","floor":6.0,"turns":3.0},{"damage":5.0,"enemies":"Looter","floor":11.0,"turns":2.0},{"damage":6.0,"enemies":"Gremlin Nob","floor":13.0,"turns":3.0},{"damage":2.0,"enemies":"Blue Slaver","floor":14.0,"turns":2.0},{"damage":21.0,"enemies":"Slime Boss","floor":16.0,"turns":7.0},{"damage":5.0,"enemies":"Chosen","floor":18.0,"turns":3.0},{"damage":10.0,"enemies":"Shell Parasite","floor":20.0,"turns":3.0},{"damage":0.0,"enemies":"Snecko","floor":21.0,"turns":5.0},{"damage":14.0,"enemies":"Sentry and Sphere","floor":22.0,"turns":5.0},{"damage":0.0,"enemies":"Shelled Parasite and Fungi","floor":27.0,"turns":4.0},{"damage":15.0,"enemies":"Snecko","floor":30.0,"turns":3.0},{"damage":22.0,"enemies":"Colosseum Slavers","floor":31.0,"turns":3.0},{"damage":5.0,"enemies":"Colosseum Nobs","floor":31.0,"turns":5.0},{"damage":10.0,"enemies":"Champ","floor":33.0,"turns":8.0},{"damage":5.0,"enemies":"Orb Walker","floor":35.0,"turns":3.0},{"damage":16.0,"enemies":"3 Darklings","floor":36.0,"turns":3.0},{"damage":20.0,"enemies":"Sphere and 2 Shapes","floor":39.0,"turns":4.0},{"damage":19.0,"enemies":"Maw","floor":42.0,"turns":5.0},{"damage":8.0,"enemies":"Spire Growth","floor":44.0,"turns":3.0},{"damage":9.0,"enemies":"3 Darklings","floor":45.0,"turns":2.0},{"damage":9.0,"enemies":"Maw","floor":48.0,"turns":5.0},{"damage":24,"enemies":"Awakened One","floor":50,"turns":6}],"seed_played":"6455500532912919213","potions_obtained":[{"floor":3.0,"key":"Poison Potion"},{"floor":6.0,"key":"Explosive Potion"},{"floor":13.0,"key":"PowerPotion"},{"floor":21.0,"key":"PowerPotion"},{"floor":30.0,"key":"Ancient Potion"},{"floor":33.0,"key":"GamblersBrew"}],"is_trial":false,"path_per_floor":["M","$","M","?","M","M","R","?","T","R","M","R","E","M","R","B",null,"M","?","M","M","M","R","$","R","T","M","R","?","M","?","R","B",null,"M","M","?","$","M","R","?","M","T","M","M","$","R","M","R","B",null],"character_chosen":"DEFECT","items_purchased":["Gash","Apotheosis","Rainbow","Loop","Regal Pillow","Discovery"],"campfire_rested":2,"item_purchase_floors":[2,24,24,38,46,46],"current_hp_per_floor":[69,69,67,67,61,58,58,58,58,58,53,53,54,52,52,31,82,77,77,67,67,63,63,63,63,63,73,73,73,58,51,75,75,82,77,71,71,71,61,61,61,52,52,54,55,55,55,56,82,68],"gold":153,"neow_bonus":"HUNDRED_GOLD","is_prod":false,"is_daily":false,"chose_seed":false,"campfire_upgraded":9,"win_rate":0,"timestamp":1560873082,"path_taken":["M","$","?","?","M","M","R","?","T","R","M","R","E","M","R","BOSS","M","?","M","M","M","R","$","R","T","M","R","?","M","?","R","BOSS","M","M","?","?","M","R","?","M","T","?","M","$","R","M","R","BOSS"],"build_version":"2019-01-23","purchased_purges":4,"victory":true,"max_hp_per_floor":[75,75,75,75,75,75,75,75,75,75,75,75,82,82,82,82,82,82,82,82,82,82,82,82,82,82,82,82,82,82,82,82,82,82,82,82,82,82,82,82,82,82,82,82,82,82,82,82,82,82],"card_choices":[{"not_picked":["Compile Driver","Auto Shields"],"picked":"Beam Cell","floor":1.0},{"not_picked":["Steam Power","Barrage","Sweeping Beam"],"picked":"SKIP","floor":3.0},{"not_picked":["Cold Snap","Stack"],"picked":"Loop","floor":5.0},{"not_picked":["Loop","Conserve Battery"],"picked":"Sunder","floor":6.0},{"not_picked":["Scrape","Doom and Gloom","Rebound"],"picked":"SKIP","floor":11.0},{"not_picked":["Genetic Algorithm","Streamline","Rebound"],"picked":"SKIP","floor":13.0},{"not_picked":["Double Energy","Conserve Battery"],"picked":"Gash","floor":14.0},{"not_picked":["Core Surge","Seek"],"picked":"Biased Cognition","floor":16.0},{"not_picked":["White Noise","Streamline+1","Turbo"],"picked":"SKIP","floor":18.0},{"not_picked":["Lockon+1","Steam"],"picked":"Glacier","floor":20.0},{"not_picked":["Hologram","Beam Cell"],"picked":"Self Repair+1","floor":21.0},{"not_picked":["Hologram","Stack","Beam Cell+1"],"picked":"SKIP","floor":22.0},{"not_picked":["Stack","Beam Cell+1"],"picked":"Hologram","floor":22.0},{"not_picked":["Sweeping Beam+1","Redo","Hello World"],"picked":"SKIP","floor":27.0},{"not_picked":["Force Field","Blizzard"],"picked":"Gash+1","floor":30.0},{"not_picked":["Conserve Battery","Steam"],"picked":"Turbo+1","floor":31.0},{"not_picked":["Multi-Cast","Hyperbeam"],"picked":"Electrodynamics","floor":33.0},{"not_picked":["Sunder","Hologram"],"picked":"Compile Driver+1","floor":35.0},{"not_picked":["Conserve Battery","Machine Learning"],"picked":"Darkness","floor":36.0},{"not_picked":["Sweeping Beam","Undo"],"picked":"Defragment+1","floor":39.0},{"not_picked":["Blizzard","Leap"],"picked":"Heatsinks+1","floor":42.0},{"not_picked":["Force Field+1","Undo"],"picked":"Coolheaded+1","floor":44.0},{"not_picked":["Blizzard+1","Leap+1","Tempest+1"],"picked":"SKIP","floor":45.0},{"not_picked":["Ball Lightning+1","Compile Driver+1"],"picked":"Coolheaded","floor":48.0}],"player_experience":5428031,"relics_obtained":[{"floor":9.0,"key":"Smiling Mask"},{"floor":13.0,"key":"Strawberry"},{"floor":26.0,"key":"Gremlin Horn"},{"floor":31.0,"key":"Du-Vu Doll"},{"floor":31.0,"key":"Matryoshka"},{"floor":43.0,"key":"Boot"},{"floor":43.0,"key":"Incense Burner"}],"event_choices":[{"damage_healed":0.0,"max_hp_gain":0.0,"max_hp_loss":0.0,"gold_gain":0.0,"event_name":"Liars Game","player_choice":"Ignored","floor":4.0,"gold_loss":0.0,"damage_taken":0.0},{"damage_healed":0.0,"max_hp_gain":0.0,"max_hp_loss":0.0,"gold_gain":0.0,"event_name":"Match and Keep!","player_choice":"2 cards matched","floor":8.0,"gold_loss":0.0,"damage_taken":0.0,"cards_obtained":["Fission","Flash of Steel"]},{"cards_removed":["Strike_B"],"damage_healed":0.0,"max_hp_gain":0.0,"max_hp_loss":0.0,"gold_gain":0.0,"event_name":"Beggar","player_choice":"Gave Gold","floor":19.0,"gold_loss":75.0,"damage_taken":0.0},{"damage_healed":0.0,"max_hp_gain":0.0,"max_hp_loss":0.0,"gold_gain":99.0,"event_name":"Nest","player_choice":"Stole From Cult","floor":29.0,"gold_loss":0.0,"damage_taken":0.0},{"damage_healed":0.0,"max_hp_gain":0.0,"max_hp_loss":0.0,"gold_gain":0.0,"event_name":"Colosseum","player_choice":"Fight","floor":31.0,"gold_loss":0.0,"damage_taken":0.0},{"damage_healed":0.0,"max_hp_gain":0.0,"max_hp_loss":0.0,"gold_gain":0.0,"event_name":"Colosseum","player_choice":"Fought Nobs","floor":31.0,"gold_loss":0.0,"damage_taken":0.0},{"damage_healed":0.0,"max_hp_gain":0.0,"max_hp_loss":0.0,"gold_gain":100.0,"event_name":"Golden Shrine","player_choice":"Pray","floor":37.0,"gold_loss":0.0,"damage_taken":0.0},{"damage_healed":0.0,"max_hp_gain":0.0,"max_hp_loss":0.0,"gold_gain":0.0,"event_name":"Tomb of Lord Red Mask","player_choice":"Ignored","floor":41.0,"gold_loss":0.0,"damage_taken":0.0}],"is_beta":false,"boss_relics":[{"not_picked":["Ectoplasm","Lizard Tail"],"picked":"Nuclear Battery"},{"not_picked":["Tiny House","Orrery"],"picked":"Empty Cage"}],"items_purged_floors":[2,24,38,46],"is_endless":false,"potions_floor_spawned":[3,6,13,14,16,21,22,30,31,33,36,42,48],"ascension_level":0}