{"gold_per_floor":[11,22,22,22,42,42,61,61,61,61,61,61,74,149,149,269,269,284,284,350,400,416,416,93,93,93,93,108,149,211,123,123,249,249,267,317,330,380,255,255,275,275,275,290,340,364,364,438,438,438],"floor_reached":51,"playtime":1087,"items_purged":["Strike_R","Strike_R","Strike_R"],"score":755,"play_id":"c9e371fb-359a-4774-891b-d5585d07a9ff","local_time":"20190808193936","is_ascension_mode":false,"campfire_choices":[{"data":"Whirlwind","floor":6.0,"key":"SMITH"},{"data":"Bludgeon","floor":8.0,"key":"SMITH"},{"data":"Flex","floor":10.0,"key":"SMITH"},{"data":"Shockwave","floor":12.0,"key":"SMITH"},{"data":"Searing Blow+1","floor":15.0,"key":"SMITH"},{"data":"Searing Blow+2","floor":23.0,"key":"SMITH"},{"data":"Searing Blow+3","floor":25.0,"key":"SMITH"},{"data":"Searing Blow+4","floor":27.0,"key":"SMITH"},{"data":"Searing Blow+5","floor":32.0,"key":"SMITH"},{"data":"Searing Blow+6","floor":40.0,"key":"SMITH"},{"data":"Searing Blow+7","floor":42.0,"key":"SMITH"},{"data":"Searing Blow+8","floor":47.0,"key":"SMITH"},{"data":"Searing Blow+9","floor":49.0,"key":"SMITH"}],"neow_cost":"NO_GOLD","seed_source_timestamp":3934718360410,"circlet_count":0,"master_deck":["Defend_R","Defend_R","Defend_R","Defend_R","Bash","Flex+1","Bludgeon+1","Whirlwind+1","Shockwave+1","Searing Blow+10","Immolate+1","Ghostly","Ghostly","Ghostly","Ghostly","Ghostly","Second Wind+1","Offering","Armaments+1"],"special_seed":0,"relics":["Burning Blood","Golden Idol","Kunai","Molten Egg 2","Cursed Key","SsserpentHead","Pocketwatch","MawBank","Nilry\u0027s Codex","Busted Crown"],"potions_floor_usage":[50,50,50],"damage_taken":[{"damage":0.0,"enemies":"Cultist","floor":1.0,"turns":3.0},{"damage":10.0,"enemies":"Small Slimes","floor":2.0,"turns":3.0},{"damage":0.0,"enemies":"Jaw Worm","floor":5.0,"turns":2.0},{"damage":13.0,"enemies":"Blue Slaver","floor":7.0,"turns":4.0},{"damage":0.0,"enemies":"Large Slime","floor":13.0,"turns":4.0},{"damage":6.0,"enemies":"Slime Boss","floor":16.0,"turns":8.0},{"damage":6.0,"enemies":"Chosen","floor":18.0,"turns":2.0},{"damage":8.0,"enemies":"Shell Parasite","floor":20.0,"turns":3.0},{"damage":7.0,"enemies":"Snecko","floor":22.0,"turns":5.0},{"damage":3.0,"enemies":"3 Cultists","floor":28.0,"turns":3.0},{"damage":0.0,"enemies":"Gremlin Leader","floor":29.0,"turns":3.0},{"damage":5.0,"enemies":"Collector","floor":33.0,"turns":5.0},{"damage":5.0,"enemies":"3 Shapes","floor":35.0,"turns":2.0},{"damage":0.0,"enemies":"Orb Walker","floor":37.0,"turns":2.0},{"damage":1.0,"enemies":"Sphere and 2 Shapes","floor":41.0,"turns":2.0},{"damage":1.0,"enemies":"Transient","floor":44.0,"turns":5.0},{"damage":2.0,"enemies":"3 Darklings","floor":46.0,"turns":2.0},{"damage":1.0,"enemies":"Maw","floor":48.0,"turns":5.0},{"damage":4,"enemies":"Time Eater","floor":50,"turns":4}],"seed_played":"-1019180486702351794","potions_obtained":[{"floor":1.0,"key":"Block Potion"},{"floor":7.0,"key":"Poison Potion"},{"floor":16.0,"key":"Ancient Potion"},{"floor":18.0,"key":"SteroidPotion"}],"is_trial":false,"path_per_floor":["M","M","?","?","M","R","M","R","T","R","T","R","M","?","R","B",null,"M","?","M","?","M","R","$","R","T","R","M","E","?","$","R","B",null,"M","?","M","?","$","R","M","R","T","M","?","M","R","M","R","B",null],"character_chosen":"IRONCLAD","items_purchased":["Pocketwatch"],"campfire_rested":0,"item_purchase_floors":[24],"current_hp_per_floor":[80,76,76,56,62,62,55,55,55,55,55,55,61,50,50,50,80,80,80,78,40,39,39,39,39,39,39,40,40,24,24,24,25,40,40,30,36,36,36,36,38,38,38,38,38,38,38,38,38,38],"gold":438,"neow_bonus":"TRANSFORM_TWO_CARDS","is_prod":false,"is_daily":false,"chose_seed":false,"campfire_upgraded":13,"win_rate":0,"timestamp":1565264376,"path_taken":["M","?","?","?","M","R","M","R","T","R","?","R","M","?","R","BOSS","M","?","?","?","M","R","?","R","T","R","M","E","?","$","R","BOSS","M","?","M","?","$","R","M","R","T","M","?","M","R","?","R","BOSS"],"build_version":"2019-07-17","purchased_purges":3,"victory":true,"max_hp_per_floor":[80,80,80,80,80,80,80,80,80,80,80,80,80,80,80,80,80,80,80,80,40,40,40,40,40,40,40,40,40,40,40,40,40,40,40,40,40,38,38,38,38,38,38,38,38,38,38,38,38,38],"card_choices":[{"not_picked":["Dual Wield","Headbutt"],"picked":"Whirlwind","floor":1.0},{"not_picked":["Reckless Charge","Entrench"],"picked":"Shockwave","floor":2.0},{"not_picked":["Clothesline","Flex","Infernal Blade"],"picked":"SKIP","floor":5.0},{"not_picked":["Cleave","Anger","Body Slam"],"picked":"SKIP","floor":7.0},{"not_picked":["Shrug It Off","Pommel Strike+1"],"picked":"Searing Blow+1","floor":13.0},{"not_picked":["Juggernaut","Brutality"],"picked":"Immolate+1","floor":16.0},{"not_picked":["Headbutt+1","Dual Wield+1","Anger+1"],"picked":"SKIP","floor":18.0},{"not_picked":["Anger+1","Infernal Blade+1","Sword Boomerang+1"],"picked":"SKIP","floor":20.0},{"not_picked":["Bludgeon+1","Heavy Blade+1","Intimidate"],"picked":"SKIP","floor":22.0},{"not_picked":["Twin Strike+1","Feel No Pain+1"],"picked":"Second Wind+1","floor":28.0},{"not_picked":["Clash+1","Searing Blow+1","True Grit+1"],"picked":"SKIP","floor":29.0},{"not_picked":["Exhume","Brutality"],"picked":"Offering","floor":33.0},{"not_picked":["Wild Strike+1"],"picked":"SKIP","floor":35.0},{"not_picked":[],"picked":"Armaments+1","floor":37.0},{"not_picked":["Havoc"],"picked":"SKIP","floor":41.0},{"not_picked":["Thunderclap+1"],"picked":"SKIP","floor":44.0},{"not_picked":["Heavy Blade+1"],"picked":"SKIP","floor":46.0},{"not_picked":["Twin Strike+1"],"picked":"SKIP","floor":48.0}],"player_experience":5884251,"relics_obtained":[{"floor":9.0,"key":"Kunai"},{"floor":11.0,"key":"Molten Egg 2"},{"floor":29.0,"key":"MawBank"},{"floor":30.0,"key":"Nilry\u0027s Codex"}],"event_choices":[{"damage_healed":0.0,"max_hp_gain":0.0,"max_hp_loss":0.0,"gold_gain":0.0,"event_name":"Liars Game","player_choice":"Ignored","floor":3.0,"gold_loss":0.0,"damage_taken":0.0},{"damage_healed":0.0,"max_hp_gain":0.0,"max_hp_loss":0.0,"gold_gain":0.0,"event_name":"Golden Idol","player_choice":"Take Damage","floor":4.0,"gold_loss":0.0,"damage_taken":20.0,"relics_obtained":["Golden Idol"]},{"damage_healed":0.0,"max_hp_gain":0.0,"max_hp_loss":0.0,"gold_gain":75.0,"event_name":"World of Goop","player_choice":"Gather Gold","floor":14.0,"gold_loss":0.0,"damage_taken":11.0},{"damage_healed":0.0,"max_hp_gain":0.0,"max_hp_loss":0.0,"gold_gain":0.0,"event_name":"FaceTrader","player_choice":"Trade","floor":19.0,"gold_loss":0.0,"damage_taken":0.0,"relics_obtained":["SsserpentHead"]},{"damage_healed":0.0,"max_hp_gain":0.0,"max_hp_loss":40.0,"gold_gain":0.0,"event_name":"Ghosts","player_choice":"Became a Ghost","floor":21.0,"gold_loss":0.0,"damage_taken":0.0,"cards_obtained":["Ghostly","Ghostly","Ghostly","Ghostly","Ghostly"]},{"damage_healed":0.0,"max_hp_gain":0.0,"max_hp_loss":0.0,"gold_gain":0.0,"event_name":"Cursed Tome","player_choice":"Obtained Book","floor":30.0,"gold_loss":0.0,"damage_taken":16.0},{"damage_healed":0.0,"max_hp_gain":0.0,"max_hp_loss":0.0,"gold_gain":0.0,"event_name":"SensoryStone","player_choice":"Memory 3","floor":36.0,"gold_loss":0.0,"damage_taken":10.0},{"damage_healed":0.0,"max_hp_gain":0.0,"max_hp_loss":2.0,"gold_gain":0.0,"event_name":"Winding Halls","player_choice":"Max HP","floor":38.0,"gold_loss":0.0,"damage_taken":0.0},{"damage_healed":0.0,"max_hp_gain":0.0,"max_hp_loss":0.0,"gold_gain":0.0,"event_name":"Wheel of Change","player_choice":"Full Heal","floor":45.0,"gold_loss":0.0,"damage_taken":0.0}],"is_beta":false,"boss_relics":[{"not_picked":["Astrolabe","Fusion Hammer"],"picked":"Cursed Key"},{"not_picked":["Snecko Eye","White Beast Statue"],"picked":"Busted Crown"}],"items_purged_floors":[24,31,39],"is_endless":false,"potions_floor_spawned":[1,7,16,18,33,41,46],"ascension_level":0}