{"gold_per_floor":[110,110,110,130,142,142,42,55,55,55,55,69,89,102,102,174,174,191,204,221,221,171,171,183,183],"floor_reached":25,"playtime":533,"items_purged":[],"score":400,"play_id":"c3350daa-7d39-4e82-9ba3-98918412d1f1","local_time":"20190201043207","is_ascension_mode":true,"campfire_choices":[{"data":"Survivor","floor":6,"key":"SMITH"},{"data":"Catalyst","floor":10,"key":"SMITH"},{"data":"Catalyst","floor":15,"key":"SMITH"},{"data":"Corpse Explosion","floor":23,"key":"SMITH"}],"neow_cost":"NONE","seed_source_timestamp":9606322059812,"circlet_count":0,"master_deck":["AscendersBane","Defend_G","Defend_G","Defend_G","Defend_G","Defend_G","Strike_G+1","Strike_G","Strike_G","Strike_G","Survivor+1","Neutralize+1","Catalyst+1","Poisoned Stab","Catalyst+1","Well Laid Plans","Corpse Explosion+1","Backflip"],"relics":["Ring of the Snake","NeowsBlessing","StoneCalendar","Velvet Choker"],"potions_floor_usage":[14,16,19,25],"damage_taken":[{"damage":0,"enemies":"Small Slimes","floor":1,"turns":1},{"damage":0,"enemies":"Jaw Worm","floor":4,"turns":1},{"damage":0,"enemies":"Cultist","floor":5,"turns":1},{"damage":7,"enemies":"Exordium Wildlife","floor":8,"turns":6},{"damage":1,"enemies":"Looter","floor":12,"turns":3},{"damage":11,"enemies":"Lots of Slimes","floor":13,"turns":7},{"damage":11,"enemies":"Gremlin Gang","floor":14,"turns":7},{"damage":10,"enemies":"Slime Boss","floor":16,"turns":8},{"damage":0,"enemies":"Chosen","floor":18,"turns":4},{"damage":19,"enemies":"Spheric Guardian","floor":19,"turns":5},{"damage":7,"enemies":"3 Cultists","floor":20,"turns":4},{"damage":3,"enemies":"Snecko","floor":24,"turns":3},{"damage":38,"enemies":"Gremlin Leader","floor":25,"turns":4}],"seed_played":"5610010418342237548","potions_obtained":[{"floor":1,"key":"Block Potion"},{"floor":13,"key":"Regen Potion"},{"floor":14,"key":"Ancient Potion"},{"floor":18,"key":"SteroidPotion"},{"floor":24,"key":"Strength Potion"}],"is_trial":false,"path_per_floor":["M","?","?","M","M","R","$","M","T","R","$","M","M","M","R","B",null,"M","M","M","?","?","R","M","E"],"character_chosen":"THE_SILENT","items_purchased":["Catalyst","Poisoned Stab"],"campfire_rested":0,"item_purchase_floors":[7,7],"current_hp_per_floor":[59,39,39,39,39,39,39,32,32,32,32,31,20,24,24,14,53,53,34,27,40,40,40,37,0],"gold":183,"neow_bonus":"THREE_ENEMY_KILL","is_prod":false,"is_daily":false,"chose_seed":false,"campfire_upgraded":4,"win_rate":0,"timestamp":1548966727,"path_taken":["M","?","?","M","M","R","$","M","T","R","$","M","M","M","R","BOSS","M","M","?","?","?","R","M","E"],"build_version":"2019-01-23","purchased_purges":0,"victory":false,"max_hp_per_floor":[66,66,66,66,66,66,66,66,66,66,66,66,66,66,66,66,66,66,66,66,66,66,66,66,66],"card_choices":[{"not_picked":["Eviscerate","Tactician","Backflip"],"picked":"SKIP","floor":1},{"not_picked":["Concentrate","Escape Plan","Bane"],"picked":"SKIP","floor":4},{"not_picked":["Concentrate","Poisoned Stab","Heel Hook"],"picked":"SKIP","floor":5},{"not_picked":["Tactician","PiercingWail","Backflip"],"picked":"SKIP","floor":8},{"not_picked":["Bouncing Flask","Prepared"],"picked":"Catalyst","floor":12},{"not_picked":["Blade Dance","Deflect"],"picked":"Well Laid Plans","floor":13},{"not_picked":["Riddle With Holes","Quick Slash","Tactician"],"picked":"SKIP","floor":14},{"not_picked":["Tools of the Trade","Bullet Time"],"picked":"Corpse Explosion","floor":16},{"not_picked":["Predator","Outmaneuver","Calculated Gamble"],"picked":"SKIP","floor":18},{"not_picked":["Terror","Expertise+1"],"picked":"Backflip","floor":19},{"not_picked":["Dagger Spray","Expertise","Flechettes"],"picked":"SKIP","floor":20},{"not_picked":["Flying Knee","Dagger Throw+1","Outmaneuver"],"picked":"SKIP","floor":24}],"player_experience":2439275,"relics_obtained":[{"floor":9,"key":"StoneCalendar"}],"event_choices":[{"damage_healed":0,"gold_gain":0,"player_choice":"Entered Light","damage_taken":20,"max_hp_gain":0,"max_hp_loss":0,"event_name":"Shining Light","floor":2,"gold_loss":0,"cards_upgraded":["Strike_G","Neutralize"]},{"cards_removed":["Strike_G"],"damage_healed":0,"gold_gain":0,"player_choice":"Purged","damage_taken":0,"max_hp_gain":0,"max_hp_loss":0,"event_name":"Purifier","floor":3,"gold_loss":0},{"damage_healed":13,"gold_gain":0,"player_choice":"Heal","damage_taken":0,"max_hp_gain":0,"max_hp_loss":0,"event_name":"The Library","floor":21,"gold_loss":0},{"damage_healed":0,"gold_gain":0,"player_choice":"Bet on Murderer","damage_taken":0,"max_hp_gain":0,"max_hp_loss":0,"event_name":"The Joust","floor":22,"gold_loss":50}],"is_beta":false,"boss_relics":[{"not_picked":["Tiny House","Calling Bell"],"picked":"Velvet Choker"}],"items_purged_floors":[],"is_endless":false,"potions_floor_spawned":[1,13,14,18,24],"killed_by":"Gremlin Leader","ascension_level":16}