{"gold_per_floor":[14,14,289,49,73,73,113,113,165,184,200,164,179,203,203,203],"floor_reached":16,"playtime":460,"items_purged":["Regret"],"score":204,"play_id":"56624e4b-d68e-432f-ac35-9aab5d40adfa","local_time":"20190728185253","is_ascension_mode":true,"campfire_choices":[{"data":"Acrobatics","floor":6.0,"key":"SMITH"},{"floor":8.0,"key":"REST"},{"floor":15.0,"key":"REST"}],"neow_cost":"NO_GOLD","seed_source_timestamp":93168039794700,"circlet_count":0,"master_deck":["AscendersBane","Strike_G","Strike_G","Strike_G","Strike_G","Strike_G","Defend_G","Defend_G","Defend_G","Defend_G","Defend_G","Survivor","Neutralize","Grand Finale","Acrobatics+1","Backflip","Noxious Fumes","Acrobatics"],"special_seed":0,"relics":["Ring of the Snake","Golden Idol","Boot","Lantern"],"potions_floor_usage":[16],"damage_taken":[{"damage":4.0,"enemies":"Jaw Worm","floor":1.0,"turns":6.0},{"damage":19.0,"enemies":"Cultist","floor":5.0,"turns":7.0},{"damage":32.0,"enemies":"Lagavulin","floor":7.0,"turns":8.0},{"damage":0.0,"enemies":"2 Louse","floor":10.0,"turns":3.0},{"damage":6.0,"enemies":"2 Fungi Beasts","floor":11.0,"turns":5.0},{"damage":9.0,"enemies":"Large Slime","floor":13.0,"turns":9.0},{"damage":0.0,"enemies":"Exordium Thugs","floor":14.0,"turns":1.0},{"damage":14,"enemies":"Slime Boss","floor":16,"turns":6}],"seed_played":"-5608984812179513787","potions_obtained":[{"floor":10.0,"key":"PowerPotion"},{"floor":11.0,"key":"GamblersBrew"},{"floor":14.0,"key":"Fruit Juice"}],"is_trial":false,"path_per_floor":["M","?","?","$","M","R","E","R","T","M","M","?","M","M","R","B"],"character_chosen":"THE_SILENT","items_purchased":["Backflip","SkillPotion","AttackPotion"],"campfire_rested":2,"item_purchase_floors":[4,4,4],"current_hp_per_floor":[55,55,55,55,36,36,4,22,22,22,16,16,7,12,31,17],"gold":203,"neow_bonus":"THREE_RARE_CARDS","is_prod":false,"is_daily":false,"chose_seed":false,"campfire_upgraded":1,"win_rate":0,"timestamp":1564311173,"path_taken":["M","?","?","$","M","R","E","R","T","M","?","?","M","M","R","BOSS"],"build_version":"2019-07-17","purchased_purges":1,"victory":false,"max_hp_per_floor":[66,60,60,60,60,60,60,60,60,60,60,60,60,65,65,65],"card_choices":[{"not_picked":["Corpse Explosion","Doppelganger"],"picked":"Grand Finale","floor":0.0},{"not_picked":["Backstab","Setup"],"picked":"Acrobatics","floor":1.0},{"not_picked":["Cloak And Dagger","Caltrops","Bouncing Flask"],"picked":"SKIP","floor":5.0},{"not_picked":["Outmaneuver","Predator","Flechettes"],"picked":"SKIP","floor":7.0},{"not_picked":["Cloak And Dagger","Sucker Punch","Finisher"],"picked":"SKIP","floor":10.0},{"not_picked":["Flying Knee","Crippling Poison"],"picked":"Noxious Fumes","floor":11.0},{"not_picked":["Dagger Throw","Backflip","Backstab"],"picked":"SKIP","floor":13.0},{"not_picked":["Setup","Dodge and Roll"],"picked":"Acrobatics","floor":14.0}],"player_experience":691975,"relics_obtained":[{"floor":7.0,"key":"Boot"},{"floor":9.0,"key":"Lantern"}],"event_choices":[{"damage_healed":0.0,"max_hp_gain":0.0,"max_hp_loss":6.0,"gold_gain":0.0,"event_name":"Golden Idol","player_choice":"Lose Max HP","floor":2.0,"gold_loss":0.0,"damage_taken":0.0,"relics_obtained":["Golden Idol"]},{"damage_healed":0.0,"max_hp_gain":0.0,"max_hp_loss":0.0,"gold_gain":275.0,"event_name":"Golden Shrine","player_choice":"Desecrate","floor":3.0,"gold_loss":0.0,"damage_taken":0.0,"cards_obtained":["Regret"]},{"damage_healed":0.0,"max_hp_gain":0.0,"max_hp_loss":0.0,"gold_gain":0.0,"event_name":"World of Goop","player_choice":"Left Gold","floor":12.0,"gold_loss":36.0,"damage_taken":0.0}],"is_beta":false,"boss_relics":[],"items_purged_floors":[4],"is_endless":false,"potions_floor_spawned":[10,11,14],"killed_by":"Slime Boss","ascension_level":20}