{"gold_per_floor":[212,227,377,391,391,391,425,188,242,142,168,168,182,202,202,281,281,301,91,91,91,105,105,77,77,77,100,100,117,117,2,2,77,77,96,146,146,166,180,180,214,214,267,287,303,303,303,318,318,318,318,318,318,62,89,89],"floor_reached":57,"playtime":3132,"items_purged":["Doubt","Strike_B","Defend_B"],"score":2576,"play_id":"96903443-7807-417b-adf1-21c025bf37b9","local_time":"20190216223609","is_ascension_mode":true,"campfire_choices":[{"data":"Chaos","floor":6.0,"key":"SMITH"},{"data":"Dualcast","floor":12.0,"key":"SMITH"},{"data":"Zap","floor":15.0,"key":"SMITH"},{"data":"Buffer","floor":23,"key":"SMITH"},{"data":"Hologram","floor":25,"key":"SMITH"},{"data":"Coolheaded","floor":32,"key":"SMITH"},{"data":"Biased Cognition","floor":40,"key":"SMITH"},{"data":"Hologram","floor":42,"key":"SMITH"},{"floor":47,"key":"RECALL"},{"data":"Skim","floor":49,"key":"SMITH"},{"data":"Reinforced Body","floor":53,"key":"SMITH"}],"neow_cost":"NONE","seed_source_timestamp":46493852435001,"circlet_count":0,"master_deck":["AscendersBane","Defend_B","Defend_B","Defend_B","Zap+1","Dualcast+1","Glacier","Reinforced Body+1","Chaos+1","Rip and Tear","Gash","FTL","Core Surge","Buffer+1","Redo+1","Coolheaded+1","Hologram+1","Gash","Self Repair","Skim+1","Biased Cognition+1","Glacier","Hologram","Hologram+1","Heatsinks","FTL+1","Capacitor"],"special_seed":0,"relics":["Cracked Core","PreservedInsect","Bag of Preparation","Tiny Chest","Pen Nib","Nuclear Battery","OrangePellets","Meat on the Bone","Torii","Lantern","Runic Pyramid","Potion Belt","Mango","Bird Faced Urn","Ice Cream"],"potions_floor_usage":[33,51,55,56,56,56],"damage_taken":[{"damage":1.0,"enemies":"Cultist","floor":1.0,"turns":3.0},{"damage":9.0,"enemies":"2 Louse","floor":2.0,"turns":2.0},{"damage":1.0,"enemies":"Jaw Worm","floor":4.0,"turns":5.0},{"damage":10.0,"enemies":"Lagavulin","floor":7.0,"turns":10.0},{"damage":11.0,"enemies":"Gremlin Nob","floor":11.0,"turns":3.0},{"damage":1.0,"enemies":"2 Fungi Beasts","floor":13.0,"turns":3.0},{"damage":0.0,"enemies":"Red Slaver","floor":14.0,"turns":4.0},{"damage":6.0,"enemies":"Hexaghost","floor":16.0,"turns":8.0},{"damage":0,"enemies":"Chosen","floor":18,"turns":7},{"damage":5,"enemies":"2 Thieves","floor":22,"turns":4},{"damage":0,"enemies":"Sentry and Sphere","floor":29,"turns":8},{"damage":46,"enemies":"Collector","floor":33,"turns":14},{"damage":0,"enemies":"3 Shapes","floor":35,"turns":4},{"damage":0,"enemies":"3 Darklings","floor":38,"turns":7},{"damage":0,"enemies":"Spire Growth","floor":39,"turns":5},{"damage":0,"enemies":"Giant Head","floor":41,"turns":10},{"damage":20,"enemies":"4 Shapes","floor":44,"turns":7},{"damage":1,"enemies":"3 Darklings","floor":45,"turns":6},{"damage":0,"enemies":"Maw","floor":48,"turns":7},{"damage":26,"enemies":"Donu and Deca","floor":50,"turns":19},{"damage":37,"enemies":"Time Eater","floor":51,"turns":16},{"damage":29,"enemies":"Shield and Spear","floor":55,"turns":10},{"damage":49,"enemies":"The Heart","floor":56,"turns":14}],"seed_played":"-3294979973194634937","potions_obtained":[{"floor":4.0,"key":"Fire Potion"},{"floor":7.0,"key":"LiquidBronze"},{"floor":11.0,"key":"Dexterity Potion"},{"floor":22,"key":"PowerPotion"},{"floor":39,"key":"Swift Potion"},{"floor":45,"key":"Ancient Potion"},{"floor":48,"key":"Weak Potion"},{"floor":55,"key":"GamblersBrew"}],"is_trial":false,"path_per_floor":["M","M","?","M","?","R","E","$","T","$","E","R","M","M","R","B",null,"M","$","T","?","M","R","$","R","T","T","?","M","?","$","R","B",null,"M","T","T","M","M","R","E","R","T","M","M","?","R","M","R","B","B",null,"R","$","E","B",null],"character_chosen":"DEFECT","items_purchased":["Bag of Preparation","OrangePellets","Hologram","Self Repair","Skim","Capacitor","SpeedPotion"],"campfire_rested":0,"item_purchase_floors":[8,19,24,31,31,54,54],"current_hp_per_floor":[63,54,54,53,53,53,43,43,43,43,32,32,31,31,31,25,60,60,60,60,60,55,55,55,55,55,55,55,55,55,55,55,28,60,67,67,81,85,85,85,85,85,85,76,85,85,85,85,85,66,56,78,78,78,63,43],"gold":89,"neow_bonus":"HUNDRED_GOLD","is_prod":false,"is_daily":false,"chose_seed":false,"campfire_upgraded":10,"win_rate":0,"timestamp":1550327769,"path_taken":["M","?","?","M","?","R","E","$","T","$","E","R","?","M","R","BOSS","M","$","?","?","M","R","$","R","T","?","?","M","?","$","R","BOSS","M","?","?","M","M","R","E","R","T","M","?","?","R","M","R","BOSS","BOSS","R","$","E","BOSS"],"build_version":"2019-01-23","purchased_purges":3,"victory":true,"max_hp_per_floor":[71,71,71,71,71,71,71,71,71,71,71,71,71,71,71,71,71,71,71,71,71,71,71,71,71,71,71,71,71,71,71,71,71,71,71,71,85,85,85,85,85,85,85,85,85,85,85,85,85,85,85,85,85,85,85,85],"card_choices":[{"not_picked":["Rebound","Barrage"],"picked":"Glacier","floor":1.0},{"not_picked":["Hello World","Tempest"],"picked":"Reinforced Body","floor":2.0},{"not_picked":["Coolheaded","Redo"],"picked":"Chaos","floor":4.0},{"not_picked":["Lockon","Darkness","Beam Cell"],"picked":"SKIP","floor":7.0},{"not_picked":["Stack","Redo"],"picked":"Gash","floor":11.0},{"not_picked":["Sweeping Beam","Barrage"],"picked":"FTL","floor":13.0},{"not_picked":["Leap","Rebound"],"picked":"Core Surge","floor":14.0},{"not_picked":["Meteor Strike","Seek"],"picked":"Buffer","floor":16.0},{"not_picked":["Ball Lightning","Stack"],"picked":"Redo+1","floor":18},{"not_picked":["Sweeping Beam","Coolheaded","Lockon"],"picked":"SKIP","floor":22},{"not_picked":["Rebound","Cold Snap"],"picked":"Gash","floor":29},{"not_picked":["Creative AI","Seek"],"picked":"Biased Cognition","floor":33},{"not_picked":["Reprogram+1","Conserve Battery"],"picked":"Glacier","floor":35},{"not_picked":["Streamline","Rebound+1","Auto Shields+1"],"picked":"SKIP","floor":38},{"not_picked":["Cold Snap+1","Ball Lightning"],"picked":"Hologram","floor":39},{"not_picked":["Coolheaded","Multi-Cast"],"picked":"Hologram","floor":41},{"not_picked":["Conserve Battery","Barrage+1","Turbo"],"picked":"SKIP","floor":44},{"not_picked":["Lockon","Cold Snap"],"picked":"Heatsinks","floor":45},{"not_picked":["Undo","Self Repair"],"picked":"FTL+1","floor":48},{"not_picked":["Steam Power","Turbo","Sunder"],"picked":"SKIP","floor":55}],"player_experience":2838683,"relics_obtained":[{"floor":7.0,"key":"PreservedInsect"},{"floor":9.0,"key":"Tiny Chest"},{"floor":11.0,"key":"Pen Nib"},{"floor":20,"key":"Meat on the Bone"},{"floor":26,"key":"Torii"},{"floor":27,"key":"Lantern"},{"floor":36,"key":"Potion Belt"},{"floor":37,"key":"Mango"},{"floor":41,"key":"Bird Faced Urn"},{"floor":55,"key":"Ice Cream"}],"event_choices":[{"damage_healed":0.0,"max_hp_gain":0.0,"max_hp_loss":0.0,"gold_gain":150.0,"event_name":"Liars Game","player_choice":"AGREE","floor":3.0,"gold_loss":0.0,"damage_taken":0.0,"cards_obtained":["Doubt"]},{"damage_healed":0.0,"max_hp_gain":0.0,"max_hp_loss":0.0,"gold_gain":0.0,"event_name":"Match and Keep!","player_choice":"1 cards matched","floor":5.0,"gold_loss":0.0,"damage_taken":0.0,"cards_obtained":["Rip and Tear"]},{"damage_healed":0,"gold_gain":0,"player_choice":"Read","damage_taken":0,"max_hp_gain":0,"max_hp_loss":0,"event_name":"The Library","floor":21,"gold_loss":0,"cards_obtained":["Coolheaded"]},{"cards_removed":["Strike_B"],"damage_healed":0,"gold_gain":0,"player_choice":"Elegance","damage_taken":0,"max_hp_gain":0,"max_hp_loss":0,"event_name":"Back to Basics","floor":28,"gold_loss":0},{"cards_removed":["Strike_B"],"damage_healed":0,"gold_gain":0,"player_choice":"Offered Basic","damage_taken":0,"max_hp_gain":0,"max_hp_loss":0,"event_name":"Bonfire Elementals","floor":30,"gold_loss":0},{"cards_removed":["Strike_B"],"damage_healed":0,"gold_gain":0,"player_choice":"Removed Attack","damage_taken":0,"max_hp_gain":0,"max_hp_loss":0,"event_name":"Falling","floor":46,"gold_loss":0}],"is_beta":false,"boss_relics":[{"not_picked":["Velvet Choker","Orrery"],"picked":"Nuclear Battery"},{"not_picked":["Empty Cage","FrozenCore"],"picked":"Runic Pyramid"}],"items_purged_floors":[8,10,54],"is_endless":false,"potions_floor_spawned":[4,7,11,13,22,39,45,48,55],"ascension_level":20}