{"gold_per_floor":[118,43,43,61,32,65,82,7,61,61,73,85,111,126,126,198,198,213,138,138,155,55,55,55,55,55,55,55,73,83,53,53,125,125,139,139,157,157,176,176],"floor_reached":40,"playtime":1599,"items_purged":["Strike_B","Defend_B"],"score":992,"play_id":"6b6599a1-ebf4-472c-af13-70e28bb0ef8f","local_time":"20190401191609","is_ascension_mode":true,"campfire_choices":[{"data":"Streamline","floor":10.0,"key":"SMITH"},{"data":"Skim","floor":15.0,"key":"SMITH"},{"data":"Recycle","floor":23.0,"key":"SMITH"},{"data":"Turbo","floor":25.0,"key":"SMITH"},{"data":"Reinforced Body","floor":28.0,"key":"SMITH"},{"data":"Hologram","floor":32.0,"key":"SMITH"}],"neow_cost":"NONE","seed_source_timestamp":24283830031104,"circlet_count":0,"master_deck":["AscendersBane","Defend_B","Defend_B+1","Zap","Dualcast","Skim+1","Turbo+1","Streamline+1","Recycle+1","Reinforced Body+1","Fission","Recycle","Compile Driver","Hologram+1","Meteor Strike","Recycle+1"],"special_seed":0,"relics":["Cracked Core","NeowsBlessing","Art of War","Du-Vu Doll","Coffee Dripper","Singing Bowl","War Paint","Black Star"],"potions_floor_usage":[40],"damage_taken":[{"damage":0.0,"enemies":"Small Slimes","floor":1.0,"turns":1.0},{"damage":0.0,"enemies":"Cultist","floor":4.0,"turns":1.0},{"damage":0.0,"enemies":"Lagavulin","floor":6.0,"turns":1.0},{"damage":2.0,"enemies":"Jaw Worm","floor":7.0,"turns":2.0},{"damage":6.0,"enemies":"2 Fungi Beasts","floor":11.0,"turns":3.0},{"damage":6.0,"enemies":"Looter","floor":12.0,"turns":3.0},{"damage":14.0,"enemies":"Gremlin Nob","floor":13.0,"turns":3.0},{"damage":1.0,"enemies":"Exordium Thugs","floor":14.0,"turns":3.0},{"damage":32.0,"enemies":"Slime Boss","floor":16.0,"turns":9.0},{"damage":6.0,"enemies":"Shell Parasite","floor":18.0,"turns":7.0},{"damage":2.0,"enemies":"Spheric Guardian","floor":21.0,"turns":4.0},{"damage":13.0,"enemies":"Colosseum Slavers","floor":24.0,"turns":6.0},{"damage":0.0,"enemies":"Centurion and Healer","floor":29.0,"turns":7.0},{"damage":16.0,"enemies":"Shelled Parasite and Fungi","floor":30.0,"turns":6.0},{"damage":0.0,"enemies":"Automaton","floor":33.0,"turns":6.0},{"damage":3.0,"enemies":"3 Shapes","floor":35.0,"turns":6.0},{"damage":10.0,"enemies":"3 Darklings","floor":37.0,"turns":7.0},{"damage":16.0,"enemies":"Sphere and 2 Shapes","floor":39.0,"turns":4.0},{"damage":41,"enemies":"Reptomancer","floor":40,"turns":4}],"seed_played":"3289885435049997668","potions_obtained":[{"floor":1.0,"key":"Fire Potion"},{"floor":12.0,"key":"Explosive Potion"},{"floor":13.0,"key":"SteroidPotion"},{"floor":21.0,"key":"Weak Potion"},{"floor":30.0,"key":"PowerPotion"},{"floor":33.0,"key":"FearPotion"},{"floor":39.0,"key":"Ancient Potion"}],"is_trial":false,"path_per_floor":["M","?","?","M","$","E","M","$","T","R","M","M","E","M","R","B",null,"M","?","?","M","$","R","?","R","T","T","R","M","M","$","R","B",null,"M","?","M","?","M","E"],"character_chosen":"DEFECT","items_purchased":["Streamline","Hologram"],"campfire_rested":0,"item_purchase_floors":[5,31],"current_hp_per_floor":[64,64,64,64,64,64,62,62,62,62,56,50,36,35,35,3,54,48,48,48,46,46,46,33,33,33,33,33,33,19,19,19,19,60,59,59,49,49,35,0],"gold":176,"neow_bonus":"THREE_ENEMY_KILL","is_prod":false,"is_daily":false,"chose_seed":false,"campfire_upgraded":6,"win_rate":0,"timestamp":1554117369,"path_taken":["M","?","?","?","?","E","M","$","T","R","M","M","E","?","R","BOSS","M","?","?","M","$","R","?","R","T","?","R","?","M","?","R","BOSS","M","?","M","?","M","E"],"build_version":"2019-01-23","purchased_purges":2,"victory":false,"max_hp_per_floor":[71,71,71,71,71,71,71,71,71,71,71,71,71,71,71,71,71,71,71,71,71,71,71,71,71,71,71,71,71,73,73,73,73,73,75,75,75,75,77,77],"card_choices":[{"not_picked":["Steam","Beam Cell"],"picked":"Skim","floor":1.0},{"not_picked":["Sweeping Beam","Barrage"],"picked":"Turbo","floor":4.0},{"not_picked":["Coolheaded","Lockon"],"picked":"Recycle","floor":6.0},{"not_picked":["Blizzard","Gash","Melter"],"picked":"SKIP","floor":7.0},{"not_picked":["Steam","Scrape","Streamline"],"picked":"SKIP","floor":11.0},{"not_picked":["Beam Cell","Rebound","Compile Driver"],"picked":"SKIP","floor":12.0},{"not_picked":["Beam Cell","Rebound"],"picked":"Recycle","floor":13.0},{"not_picked":["Auto Shields","Force Field"],"picked":"Reinforced Body","floor":14.0},{"not_picked":["Multi-Cast","Electrodynamics"],"picked":"Fission","floor":16.0},{"not_picked":["Lockon","Blizzard"],"picked":"Recycle","floor":18.0},{"not_picked":["Scrape","Compile Driver","Consume"],"picked":"SKIP","floor":21.0},{"not_picked":["Steam","Leap+1"],"picked":"Compile Driver","floor":29.0},{"not_picked":["Gash","Tempest+1","Static Discharge+1"],"picked":"Singing Bowl","floor":30.0},{"not_picked":["Creative AI","Multi-Cast"],"picked":"Meteor Strike","floor":33.0},{"not_picked":["Conserve Battery","Heatsinks","Steam+1"],"picked":"Singing Bowl","floor":35.0},{"not_picked":["Cold Snap","Compile Driver+1"],"picked":"Recycle+1","floor":37.0},{"not_picked":["Beam Cell","Steam","Stack+1"],"picked":"Singing Bowl","floor":39.0}],"player_experience":3985558,"relics_obtained":[{"floor":6.0,"key":"Art of War"},{"floor":13.0,"key":"Du-Vu Doll"},{"floor":26.0,"key":"Singing Bowl"},{"floor":27.0,"key":"War Paint"}],"event_choices":[{"cards_removed":["Strike_B"],"damage_healed":0.0,"max_hp_gain":0.0,"max_hp_loss":0.0,"gold_gain":0.0,"event_name":"The Cleric","player_choice":"Card Removal","floor":2.0,"gold_loss":75.0,"damage_taken":0.0},{"cards_removed":["Strike_B"],"damage_healed":0.0,"max_hp_gain":0.0,"max_hp_loss":0.0,"gold_gain":0.0,"event_name":"Bonfire Elementals","player_choice":"Offered Basic","floor":3.0,"gold_loss":0.0,"damage_taken":0.0},{"cards_removed":["Strike_B"],"damage_healed":0.0,"max_hp_gain":0.0,"max_hp_loss":0.0,"gold_gain":0.0,"event_name":"Beggar","player_choice":"Gave Gold","floor":19.0,"gold_loss":75.0,"damage_taken":0.0},{"cards_removed":["Defend_B"],"damage_healed":0.0,"max_hp_gain":0.0,"max_hp_loss":0.0,"gold_gain":0.0,"event_name":"Back to Basics","player_choice":"Elegance","floor":20.0,"gold_loss":0.0,"damage_taken":0.0},{"damage_healed":0.0,"max_hp_gain":0.0,"max_hp_loss":0.0,"gold_gain":0.0,"event_name":"Colosseum","player_choice":"Fight","floor":24.0,"gold_loss":0.0,"damage_taken":0.0},{"damage_healed":0.0,"max_hp_gain":0.0,"max_hp_loss":0.0,"gold_gain":0.0,"event_name":"Colosseum","player_choice":"Fled From Nobs","floor":24.0,"gold_loss":0.0,"damage_taken":0.0},{"damage_healed":0.0,"max_hp_gain":0.0,"max_hp_loss":0.0,"gold_gain":0.0,"event_name":"Mysterious Sphere","player_choice":"Ignored","floor":36.0,"gold_loss":0.0,"damage_taken":0.0},{"cards_removed":["Recycle"],"damage_healed":0.0,"max_hp_gain":0.0,"max_hp_loss":0.0,"gold_gain":0.0,"event_name":"Falling","player_choice":"Removed Skill","floor":38.0,"gold_loss":0.0,"damage_taken":0.0}],"is_beta":false,"boss_relics":[{"not_picked":["Busted Crown","Philosopher\u0027s Stone"],"picked":"Coffee Dripper"},{"not_picked":["Fusion Hammer","Calling Bell"],"picked":"Black Star"}],"items_purged_floors":[8,22],"is_endless":false,"potions_floor_spawned":[1,12,13,14,21,30,33,39],"killed_by":"Reptomancer","ascension_level":20}