{"gold_per_floor":[362,362,375,392,406,110,110,185,232,382,70,85,98,98,98,175,175,194,69,169,169,182,182,197,197,197,197,47,80,80,91,91,168,168,178,195,195,195,20,20,51,51,51,78,78,78,78,78,78,78,78,78,78,24,49,49],"floor_reached":57,"playtime":2063,"items_purged":["Strike_G","Doubt","Strike_G","Strike_G","Defend_G"],"score":2903,"play_id":"b5418a59-b075-4fcd-ae21-b9e3ac896301","local_time":"20190324030427","is_ascension_mode":true,"campfire_choices":[{"data":"Glass Knife","floor":7.0,"key":"SMITH"},{"data":"Noxious Fumes","floor":15.0,"key":"SMITH"},{"data":"Bouncing Flask","floor":23.0,"key":"SMITH"},{"data":"Catalyst","floor":25.0,"key":"SMITH"},{"data":"Deadly Poison","floor":27.0,"key":"SMITH"},{"data":"Corpse Explosion","floor":30.0,"key":"SMITH"},{"data":"Well Laid Plans","floor":32.0,"key":"SMITH"},{"data":"Wraith Form v2","floor":40.0,"key":"SMITH"},{"floor":42.0,"key":"RECALL"},{"data":"Night Terror","floor":45.0,"key":"SMITH"},{"data":"Survivor","floor":47.0,"key":"SMITH"},{"data":"Defend_G","floor":49.0,"key":"SMITH"},{"data":"Endless Agony","floor":53.0,"key":"SMITH"}],"neow_cost":"PERCENT_DAMAGE","seed_source_timestamp":0,"circlet_count":0,"master_deck":["AscendersBane","Defend_G+1","Defend_G+1","Survivor+1","Neutralize+1","Well Laid Plans+1","Deadly Poison+1","Glass Knife+1","Noxious Fumes+1","Endless Agony+1","Corpse Explosion+1","Bouncing Flask+1","Expertise+1","Catalyst+1","Footwork+1","Wraith Form v2+1","Night Terror+1"],"special_seed":0,"relics":["Ring of the Snake","Tiny Chest","Toy Ornithopter","Runic Dome","Nunchaku","Meat on the Bone","Juzu Bracelet","Potion Belt","Empty Cage","Vajra","Question Card","Bag of Preparation","Gambling Chip"],"potions_floor_usage":[56,56,56],"damage_taken":[{"damage":3.0,"enemies":"Small Slimes","floor":1.0,"turns":6.0},{"damage":0.0,"enemies":"Jaw Worm","floor":3.0,"turns":6.0},{"damage":0.0,"enemies":"2 Louse","floor":4.0,"turns":3.0},{"damage":6.0,"enemies":"Exordium Thugs","floor":5.0,"turns":7.0},{"damage":0.0,"enemies":"Exordium Wildlife","floor":12.0,"turns":2.0},{"damage":0.0,"enemies":"2 Fungi Beasts","floor":13.0,"turns":4.0},{"damage":0.0,"enemies":"Slime Boss","floor":16.0,"turns":8.0},{"damage":0.0,"enemies":"3 Byrds","floor":18.0,"turns":2.0},{"damage":22.0,"enemies":"Colosseum Slavers","floor":20.0,"turns":3.0},{"damage":32.0,"enemies":"Colosseum Nobs","floor":20.0,"turns":4.0},{"damage":1.0,"enemies":"Chosen","floor":22.0,"turns":3.0},{"damage":8.0,"enemies":"Centurion and Healer","floor":24.0,"turns":4.0},{"damage":18.0,"enemies":"Gremlin Leader","floor":29.0,"turns":4.0},{"damage":0.0,"enemies":"Snake Plant","floor":31.0,"turns":4.0},{"damage":12.0,"enemies":"Automaton","floor":33.0,"turns":8.0},{"damage":4.0,"enemies":"3 Shapes","floor":35.0,"turns":3.0},{"damage":3.0,"enemies":"3 Darklings","floor":36.0,"turns":3.0},{"damage":0.0,"enemies":"Giant Head","floor":41.0,"turns":7.0},{"damage":4.0,"enemies":"Reptomancer","floor":44.0,"turns":5.0},{"damage":25.0,"enemies":"Awakened One","floor":50.0,"turns":9.0},{"damage":6.0,"enemies":"Donu and Deca","floor":51.0,"turns":4.0},{"damage":12.0,"enemies":"Shield and Spear","floor":55.0,"turns":4.0},{"damage":40,"enemies":"The Heart","floor":56,"turns":5}],"seed_played":"5362544994715432221","potions_obtained":[{"floor":4.0,"key":"Weak Potion"},{"floor":5.0,"key":"Dexterity Potion"},{"floor":13.0,"key":"SteroidPotion"},{"floor":16.0,"key":"Energy Potion"},{"floor":31.0,"key":"SneckoOil"},{"floor":33.0,"key":"Dexterity Potion"},{"floor":35.0,"key":"AttackPotion"},{"floor":38.0,"key":"Strength Potion"},{"floor":38.0,"key":"SkillPotion"},{"floor":55.0,"key":"Weak Potion"}],"is_trial":false,"path_per_floor":["M","?","M","M","M","$","R","?","T","?","$","M","M","?","R","B",null,"M","$","?","?","M","R","M","R","T","R","$","E","R","M","R","B",null,"M","M","?","?","$","R","E","R","T","E","R","?","R","?","R","B","B",null,"R","$","E","B",null],"character_chosen":"THE_SILENT","items_purchased":["GhostInAJar","Tiny Chest","Toy Ornithopter","Poison Potion"],"campfire_rested":0,"item_purchase_floors":[6,6,11,54],"current_hp_per_floor":[41,21,21,21,15,15,15,4,4,4,4,9,9,9,9,19,54,54,54,5,5,16,16,20,20,20,20,20,14,14,26,26,31,57,53,50,50,50,50,50,55,55,55,51,51,51,51,51,51,36,42,58,58,58,46,33],"gold":49,"neow_bonus":"TWO_FIFTY_GOLD","is_prod":false,"is_daily":false,"chose_seed":false,"campfire_upgraded":12,"win_rate":0,"timestamp":1553367867,"path_taken":["M","?","M","M","M","$","R","?","T","?","$","M","M","?","R","BOSS","M","$","?","?","?","R","M","R","T","R","$","E","R","M","R","BOSS","M","M","?","?","$","R","E","R","T","E","R","?","R","?","R","BOSS","BOSS","R","$","E","BOSS"],"build_version":"2019-01-23","purchased_purges":5,"victory":true,"max_hp_per_floor":[66,66,66,66,66,66,66,66,66,66,66,66,66,66,66,66,66,66,66,66,66,66,66,66,66,66,66,66,66,66,66,66,66,66,66,66,66,66,66,66,66,66,66,66,66,66,66,63,63,63,63,63,63,63,63,63],"card_choices":[{"not_picked":["Outmaneuver","Bane"],"picked":"Well Laid Plans","floor":1.0},{"not_picked":["Poisoned Stab","Dagger Spray"],"picked":"Deadly Poison","floor":3.0},{"not_picked":["Dagger Spray","Deflect","Cloak And Dagger"],"picked":"SKIP","floor":4.0},{"not_picked":["Escape Plan","Dodge and Roll"],"picked":"Glass Knife","floor":5.0},{"not_picked":["Quick Slash","Poisoned Stab"],"picked":"Noxious Fumes","floor":12.0},{"not_picked":["Cloak And Dagger","Reflex"],"picked":"Calculated Gamble","floor":13.0},{"not_picked":["Malaise","Tools of the Trade"],"picked":"Corpse Explosion","floor":16.0},{"not_picked":["Slice","Sucker Punch","Deadly Poison"],"picked":"SKIP","floor":18.0},{"not_picked":["Choke","Heel Hook"],"picked":"Bouncing Flask","floor":20.0},{"not_picked":["Infinite Blades","Concentrate"],"picked":"Expertise+1","floor":22.0},{"not_picked":["Bane","Flying Knee"],"picked":"Catalyst","floor":24.0},{"not_picked":["Predator","Finisher","Terror"],"picked":"SKIP","floor":29.0},{"not_picked":["Cloak And Dagger","All Out Attack"],"picked":"Footwork+1","floor":31.0},{"not_picked":["After Image","Envenom"],"picked":"Wraith Form v2","floor":33.0},{"not_picked":["Prepared","Quick Slash","Dagger Throw+1"],"picked":"SKIP","floor":35.0},{"not_picked":["All Out Attack","Sucker Punch","Prepared"],"picked":"SKIP","floor":36.0},{"not_picked":["Blade Dance","Quick Slash","Prepared+1"],"picked":"SKIP","floor":41.0},{"not_picked":["Caltrops","Outmaneuver","Deflect"],"picked":"Night Terror","floor":44.0},{"not_picked":["Distraction","Escape Plan+1","Quick Slash+1","Bane"],"picked":"SKIP","floor":55.0}],"player_experience":3960642,"relics_obtained":[{"floor":20.0,"key":"Nunchaku"},{"floor":20.0,"key":"Meat on the Bone"},{"floor":26.0,"key":"Juzu Bracelet"},{"floor":29.0,"key":"Potion Belt"},{"floor":41.0,"key":"Vajra"},{"floor":43.0,"key":"Question Card"},{"floor":44.0,"key":"Bag of Preparation"},{"floor":55.0,"key":"Gambling Chip"}],"event_choices":[{"damage_healed":0.0,"max_hp_gain":0.0,"max_hp_loss":0.0,"gold_gain":0.0,"event_name":"Shining Light","player_choice":"Entered Light","floor":2.0,"gold_loss":0.0,"damage_taken":20.0,"cards_upgraded":["Defend_G","Neutralize"]},{"damage_healed":0.0,"max_hp_gain":0.0,"max_hp_loss":0.0,"gold_gain":75.0,"event_name":"World of Goop","player_choice":"Gather Gold","floor":8.0,"gold_loss":0.0,"damage_taken":11.0},{"damage_healed":0.0,"max_hp_gain":0.0,"max_hp_loss":0.0,"gold_gain":150.0,"event_name":"Liars Game","player_choice":"AGREE","floor":10.0,"gold_loss":0.0,"damage_taken":0.0,"cards_obtained":["Doubt"]},{"damage_healed":0.0,"max_hp_gain":0.0,"max_hp_loss":0.0,"gold_gain":0.0,"cards_transformed":["Strike_G"],"event_name":"Living Wall","player_choice":"Change","floor":14.0,"gold_loss":0.0,"damage_taken":0.0,"cards_obtained":["Endless Agony"]},{"damage_healed":0.0,"max_hp_gain":0.0,"max_hp_loss":0.0,"gold_gain":0.0,"event_name":"Colosseum","player_choice":"Fight","floor":20.0,"gold_loss":0.0,"damage_taken":0.0},{"damage_healed":0.0,"max_hp_gain":0.0,"max_hp_loss":0.0,"gold_gain":0.0,"event_name":"Colosseum","player_choice":"Fought Nobs","floor":20.0,"gold_loss":0.0,"damage_taken":0.0},{"cards_removed":["Strike_G"],"damage_healed":0.0,"max_hp_gain":0.0,"max_hp_loss":0.0,"gold_gain":0.0,"event_name":"Purifier","player_choice":"Purged","floor":21.0,"gold_loss":0.0,"damage_taken":0.0},{"cards_removed":["Calculated Gamble"],"damage_healed":0.0,"max_hp_gain":0.0,"max_hp_loss":0.0,"gold_gain":0.0,"event_name":"Falling","player_choice":"Removed Skill","floor":37.0,"gold_loss":0.0,"damage_taken":0.0},{"damage_healed":0.0,"max_hp_gain":0.0,"max_hp_loss":0.0,"gold_gain":0.0,"event_name":"Lab","player_choice":"Got Potions","floor":38.0,"gold_loss":0.0,"damage_taken":0.0},{"damage_healed":0.0,"max_hp_gain":0.0,"max_hp_loss":0.0,"gold_gain":0.0,"event_name":"SensoryStone","player_choice":"Memory 1","floor":46.0,"gold_loss":0.0,"damage_taken":0.0},{"damage_healed":0.0,"max_hp_gain":0.0,"max_hp_loss":3.0,"gold_gain":0.0,"event_name":"Winding Halls","player_choice":"Max HP","floor":48.0,"gold_loss":0.0,"damage_taken":0.0}],"is_beta":false,"boss_relics":[{"not_picked":["WristBlade","Snecko Eye"],"picked":"Runic Dome"},{"not_picked":["Black Star","Velvet Choker"],"picked":"Empty Cage"}],"items_purged_floors":[6,11,19,28,39],"is_endless":false,"potions_floor_spawned":[4,5,13,16,31,33,35,55],"ascension_level":20}