{"gold_per_floor":[119,119,41,59,209,209,244,265,265,303,303,322,153,153,153,252,252,271,287,311,326,349,349,349],"floor_reached":24,"playtime":659,"items_purged":["Doubt"],"score":566,"play_id":"fae2d800-80f9-466b-b89a-860d56826979","local_time":"20190329123819","is_ascension_mode":true,"campfire_choices":[{"data":"Zap","floor":6.0,"key":"SMITH"},{"data":"Sunder","floor":11.0,"key":"SMITH"},{"data":"Discovery","floor":15,"key":"SMITH"},{"data":"Dualcast","floor":23,"key":"SMITH"}],"neow_cost":"NONE","seed_source_timestamp":90907133192172,"circlet_count":0,"master_deck":["AscendersBane","Strike_B","Strike_B","Strike_B","Strike_B","Defend_B","Defend_B","Defend_B","Defend_B","Zap+1","Dualcast+1","Self Repair","Genetic Algorithm","Cold Snap","Sunder+1","Undo","Echo Form","Discovery+1","Darkness+1","Glacier"],"special_seed":0,"relics":["Cracked Core","NeowsBlessing","Golden Idol","Gremlin Horn","Omamori","Happy Flower","Runic Pyramid"],"potions_floor_usage":[18],"damage_taken":[{"damage":0.0,"enemies":"Small Slimes","floor":1.0,"turns":1.0},{"damage":0.0,"enemies":"Jaw Worm","floor":4.0,"turns":1.0},{"damage":0.0,"enemies":"Gremlin Nob","floor":7.0,"turns":1.0},{"damage":2.0,"enemies":"2 Louse","floor":8.0,"turns":2.0},{"damage":22.0,"enemies":"Lagavulin","floor":10.0,"turns":7.0},{"damage":11,"enemies":"Exordium Thugs","floor":12,"turns":4},{"damage":0,"enemies":"The Guardian","floor":16,"turns":10},{"damage":20,"enemies":"3 Byrds","floor":18,"turns":5},{"damage":11,"enemies":"2 Thieves","floor":19,"turns":5},{"damage":10,"enemies":"Centurion and Healer","floor":20,"turns":5},{"damage":18,"enemies":"Snecko","floor":21,"turns":6},{"damage":43,"enemies":"Shelled Parasite and Fungi","floor":22,"turns":4},{"damage":0,"enemies":"Slavers","floor":24,"turns":1}],"seed_played":"-2914976695516024071","potions_obtained":[{"floor":1.0,"key":"EssenceOfSteel"},{"floor":8.0,"key":"Fire Potion"},{"floor":12,"key":"Strength Potion"},{"floor":19,"key":"FocusPotion"},{"floor":20,"key":"Dexterity Potion"}],"is_trial":false,"path_per_floor":["M","?","$","M","?","R","E","M","T","E","R","M","$","?","R","B",null,"M","M","M","M","M","R","E"],"character_chosen":"DEFECT","items_purchased":["Genetic Algorithm","Discovery"],"campfire_rested":0,"item_purchase_floors":[3,13],"current_hp_per_floor":[64,40,40,40,40,40,40,45,45,30,30,26,26,31,31,45,68,62,65,69,58,22,22,22],"gold":349,"neow_bonus":"THREE_ENEMY_KILL","is_prod":false,"is_daily":false,"chose_seed":false,"campfire_upgraded":4,"win_rate":0,"timestamp":1553834299,"path_taken":["M","?","$","M","?","R","E","M","T","E","R","?","$","?","R","BOSS","M","M","M","M","M","R","E"],"build_version":"2019-01-23","purchased_purges":1,"victory":false,"max_hp_per_floor":[71,71,71,71,71,71,71,71,71,71,71,71,71,76,76,76,76,76,76,76,76,76,76,76],"card_choices":[{"not_picked":["Gash","Storm"],"picked":"Self Repair","floor":1.0},{"not_picked":["Lockon","Hologram"],"picked":"Cold Snap","floor":4.0},{"not_picked":["Loop","Steam"],"picked":"Sunder","floor":7.0},{"not_picked":["Compile Driver","Heatsinks"],"picked":"Undo","floor":8.0},{"not_picked":["Go for the Eyes","Stack","Leap"],"picked":"SKIP","floor":10.0},{"not_picked":["Streamline","Coolheaded"],"picked":"Echo Form","floor":12},{"not_picked":["Fusion","Rip and Tear"],"picked":"Darkness+1","floor":18},{"not_picked":["Streamline","Cold Snap","Go for the Eyes"],"picked":"SKIP","floor":19},{"not_picked":["Lockon","Conserve Battery","Tempest"],"picked":"SKIP","floor":20},{"not_picked":["Reprogram","Streamline","Barrage"],"picked":"SKIP","floor":21},{"not_picked":["Ball Lightning","Conserve Battery+1"],"picked":"Glacier","floor":22}],"player_experience":3942463,"relics_obtained":[{"floor":7.0,"key":"Gremlin Horn"},{"floor":9.0,"key":"Omamori"},{"floor":10.0,"key":"Happy Flower"}],"event_choices":[{"damage_healed":0.0,"max_hp_gain":0.0,"max_hp_loss":0.0,"gold_gain":0.0,"event_name":"Golden Idol","player_choice":"Take Damage","floor":2.0,"gold_loss":0.0,"damage_taken":24.0,"relics_obtained":["Golden Idol"]},{"damage_healed":0.0,"max_hp_gain":0.0,"max_hp_loss":0.0,"gold_gain":150.0,"event_name":"Liars Game","player_choice":"AGREE","floor":5.0,"gold_loss":0.0,"damage_taken":0.0,"cards_obtained":["Doubt"]},{"damage_healed":0,"gold_gain":0,"player_choice":"Donut","damage_taken":0,"max_hp_gain":5,"max_hp_loss":0,"event_name":"Big Fish","floor":14,"gold_loss":0}],"is_beta":false,"boss_relics":[{"not_picked":["Busted Crown","Velvet Choker"],"picked":"Runic Pyramid"}],"items_purged_floors":[13],"is_endless":false,"potions_floor_spawned":[1,8,12,16,19,20],"killed_by":"Slavers","ascension_level":20}