{"gold_per_floor":[113,113,188,188,188,227,227,266,266,266,266,286,286,59,59,180,180,198,198,216,231,231,231,266,266,266,289,313,327,252,268,268,399,399,417,417,317,317,650,683,683,693,693,411,411,321,331,360,360,360,360,360,114,149,149],"floor_reached":56,"playtime":1331,"items_purged":["Strike_G","Strike_G","Strike_G+1","Defend_G+1"],"score":1634,"play_id":"2af29166-8a25-44f0-81eb-d8d68e44673b","local_time":"20181206134010","is_ascension_mode":false,"campfire_choices":[{"data":"Neutralize","floor":7.0,"key":"SMITH"},{"data":"Backflip","floor":10.0,"key":"SMITH"},{"data":"Deadly Poison","floor":13.0,"key":"SMITH"},{"data":"Well Laid Plans","floor":15.0,"key":"SMITH"},{"data":"Grand Finale","floor":23.0,"key":"SMITH"},{"floor":25.0,"key":"RECALL"},{"data":"Footwork","floor":32,"key":"SMITH"},{"floor":41,"key":"REST"},{"floor":45,"key":"REST"},{"floor":49,"key":"REST"},{"floor":52,"key":"REST"}],"neow_cost":"NONE","seed_source_timestamp":16228301978020,"circlet_count":0,"master_deck":["Defend_G+1","Defend_G+1","Survivor+1","Neutralize+1","Backflip+1","Calculated Gamble+1","Footwork+1","Deadly Poison+1","Well Laid Plans+1","Grand Finale+1","Backflip+1","Acrobatics+1","Adrenaline+1","Escape Plan+1","Acrobatics+1"],"special_seed":0,"relics":["Ring of the Snake","NeowsBlessing","Omamori","Prayer Wheel","Regal Pillow","Oddly Smooth Stone","Empty Cage","Centennial Puzzle","Mummified Hand","Runic Pyramid","Mark of the Bloom","Kunai","Art of War","Happy Flower","Lantern","Shovel"],"potions_floor_usage":[33,55],"damage_taken":[{"damage":0.0,"enemies":"Small Slimes","floor":1.0,"turns":1.0},{"damage":0.0,"enemies":"Lagavulin","floor":6.0,"turns":1.0},{"damage":0.0,"enemies":"3 Sentries","floor":8.0,"turns":1.0},{"damage":0.0,"enemies":"Jaw Worm","floor":12.0,"turns":5.0},{"damage":0.0,"enemies":"The Guardian","floor":16.0,"turns":10.0},{"damage":0.0,"enemies":"Chosen","floor":18.0,"turns":6.0},{"damage":0.0,"enemies":"Shell Parasite","floor":20.0,"turns":5.0},{"damage":1.0,"enemies":"Snake Plant","floor":21.0,"turns":3.0},{"damage":0.0,"enemies":"Slavers","floor":24.0,"turns":1.0},{"damage":0.0,"enemies":"3 Cultists","floor":27.0,"turns":2.0},{"damage":2.0,"enemies":"Centurion and Healer","floor":28.0,"turns":3.0},{"damage":0.0,"enemies":"Snake Plant","floor":29.0,"turns":2.0},{"damage":0,"enemies":"Cultist and Chosen","floor":31,"turns":2},{"damage":0,"enemies":"Automaton","floor":33,"turns":6},{"damage":0,"enemies":"Orb Walker","floor":35,"turns":3},{"damage":0,"enemies":"Nemesis","floor":40,"turns":7},{"damage":0,"enemies":"3 Shapes","floor":42,"turns":1},{"damage":0,"enemies":"Jaw Worm Horde","floor":47,"turns":1},{"damage":0,"enemies":"Reptomancer","floor":48,"turns":2},{"damage":0,"enemies":"Donu and Deca","floor":50,"turns":2},{"damage":0,"enemies":"Shield and Spear","floor":54,"turns":1},{"damage":56,"enemies":"The Heart","floor":55,"turns":7}],"seed_played":"6685381300679377135","potions_obtained":[{"floor":8.0,"key":"Poison Potion"},{"floor":16.0,"key":"Regen Potion"},{"floor":18.0,"key":"Regen Potion"},{"floor":33,"key":"Fire Potion"}],"is_trial":false,"path_per_floor":["M","?","?","?","?","E","R","E","T","R","?","M","R","$","R","B",null,"M","?","M","M","?","R","E","R","T","M","M","M","$","M","R","B",null,"M","?","$","?","?","E","R","M","T","$","R","?","M","E","R","B",null,"R","$","E","B",null],"character_chosen":"THE_SILENT","items_purchased":["Well Laid Plans","Oddly Smooth Stone","Happy Flower","Poison Potion","Swift Potion"],"campfire_rested":4,"item_purchase_floors":[14,14,44,53,53],"current_hp_per_floor":[70,63,52,35,28,28,28,28,28,28,45,45,45,45,45,45,70,70,70,70,69,69,69,69,69,69,69,67,67,67,67,67,67,70,70,66,66,66,66,66,66,66,66,66,66,66,66,66,66,66,66,66,66,66,10],"gold":149,"neow_bonus":"THREE_ENEMY_KILL","is_prod":false,"is_daily":false,"chose_seed":false,"campfire_upgraded":6,"win_rate":0,"timestamp":1544074810,"path_taken":["M","?","?","?","?","E","R","E","T","R","?","M","R","$","R","BOSS","M","?","?","M","?","R","E","R","T","M","M","M","$","M","R","BOSS","M","?","$","?","?","E","R","M","T","$","R","?","M","E","R","BOSS","R","$","E","BOSS"],"build_version":"2018-11-15","purchased_purges":4,"victory":true,"max_hp_per_floor":[70,70,70,70,70,70,70,70,70,70,70,70,70,70,70,70,70,70,70,70,70,70,70,70,70,70,70,70,70,70,70,70,70,70,70,66,66,66,66,66,66,66,66,66,66,66,66,66,66,66,66,66,66,66,66],"card_choices":[{"not_picked":["Sucker Punch","Flying Knee"],"picked":"Backflip","floor":1.0},{"not_picked":["Dagger Spray","Cloak And Dagger"],"picked":"Calculated Gamble","floor":6.0},{"not_picked":["Storm of Steel","Cloak And Dagger","Dagger Spray"],"picked":"SKIP","floor":8.0},{"not_picked":["Bane","Reflex"],"picked":"Footwork","floor":12.0},{"not_picked":["Bane","Flying Knee"],"picked":"Deadly Poison","floor":12.0},{"not_picked":["Venomology","After Image"],"picked":"Grand Finale","floor":16.0},{"not_picked":["Deadly Poison","Cloak And Dagger+1","Bane+1"],"picked":"SKIP","floor":18.0},{"not_picked":["Dagger Throw","Crippling Poison","Calculated Gamble+1"],"picked":"SKIP","floor":18.0},{"not_picked":["PiercingWail","Finisher"],"picked":"Backflip+1","floor":20.0},{"not_picked":["Quick Slash+1","Dash+1","Noxious Fumes+1"],"picked":"SKIP","floor":20.0},{"not_picked":["Cloak And Dagger","Underhanded Strike","Finisher"],"picked":"SKIP","floor":21.0},{"not_picked":["Poisoned Stab","All Out Attack","Footwork"],"picked":"SKIP","floor":21.0},{"not_picked":["Venomology","Bouncing Flask","Leg Sweep"],"picked":"SKIP","floor":24.0},{"not_picked":["PiercingWail","Flying Knee","Leg Sweep"],"picked":"SKIP","floor":27.0},{"not_picked":["Prepared","PiercingWail","Blade Dance+1"],"picked":"SKIP","floor":27.0},{"not_picked":["Quick Slash","Finisher","Blade Dance+1"],"picked":"SKIP","floor":28.0},{"not_picked":["Storm of Steel","PiercingWail","Dodge and Roll"],"picked":"SKIP","floor":28.0},{"not_picked":["Prepared+1","Flying Knee"],"picked":"Acrobatics+1","floor":29.0},{"not_picked":["Dodge and Roll","Calculated Gamble+1","Sucker Punch"],"picked":"SKIP","floor":29.0},{"not_picked":["Underhanded Strike+1","Sucker Punch"],"picked":"Adrenaline","floor":31},{"not_picked":["Choke","Dodge and Roll"],"picked":"Escape Plan","floor":31},{"not_picked":["Endless Agony+1","Underhanded Strike","Deflect+1"],"picked":"SKIP","floor":35},{"not_picked":["Deflect","Leg Sweep","Night Terror"],"picked":"SKIP","floor":35},{"not_picked":["Bouncing Flask","Cloak And Dagger+1"],"picked":"Acrobatics+1","floor":40},{"not_picked":["Underhanded Strike","Blade Dance+1","Sucker Punch+1"],"picked":"SKIP","floor":42},{"not_picked":["Outmaneuver","Footwork","Sucker Punch+1"],"picked":"SKIP","floor":42},{"not_picked":["Cloak And Dagger","Backstab","After Image"],"picked":"SKIP","floor":47},{"not_picked":["Expertise+1","Slice","Flying Knee"],"picked":"SKIP","floor":47},{"not_picked":["Catalyst+1","Infinite Blades","Heel Hook+1"],"picked":"SKIP","floor":48},{"not_picked":["Heel Hook","Backflip","Caltrops+1"],"picked":"SKIP","floor":54}],"player_experience":1161741,"relics_obtained":[{"floor":6.0,"key":"Prayer Wheel"},{"floor":8.0,"key":"Regal Pillow"},{"floor":24.0,"key":"Centennial Puzzle"},{"floor":26.0,"key":"Mummified Hand"},{"floor":40,"key":"Kunai"},{"floor":43,"key":"Art of War"},{"floor":48,"key":"Lantern"},{"floor":54,"key":"Shovel"}],"event_choices":[{"cards_removed":["Defend_G"],"damage_healed":0.0,"max_hp_gain":0.0,"max_hp_loss":0.0,"gold_gain":0.0,"event_name":"Golden Wing","player_choice":"Card Removal","floor":2.0,"gold_loss":0.0,"damage_taken":7.0},{"damage_healed":0.0,"max_hp_gain":0.0,"max_hp_loss":0.0,"gold_gain":75.0,"event_name":"World of Goop","player_choice":"Gather Gold","floor":3.0,"gold_loss":0.0,"damage_taken":11.0},{"damage_healed":0.0,"max_hp_gain":0.0,"max_hp_loss":0.0,"gold_gain":0.0,"event_name":"Golden Idol","player_choice":"Take Damage","floor":4.0,"gold_loss":0.0,"damage_taken":17.0,"relics_obtained":["Golden Idol"]},{"damage_healed":0.0,"max_hp_gain":0.0,"max_hp_loss":0.0,"gold_gain":0.0,"event_name":"Scrap Ooze","player_choice":"Success","floor":5.0,"gold_loss":0.0,"damage_taken":7.0,"relics_obtained":["Omamori"]},{"damage_healed":17.0,"max_hp_gain":0.0,"max_hp_loss":0.0,"gold_gain":0.0,"event_name":"Mushrooms","player_choice":"Healed and dodged fight","floor":11.0,"gold_loss":0.0,"damage_taken":0.0,"cards_obtained":["Parasite"]},{"damage_healed":0.0,"max_hp_gain":0.0,"max_hp_loss":0.0,"gold_gain":0.0,"event_name":"N\u0027loth","player_choice":"Ignored","floor":19.0,"gold_loss":0.0,"damage_taken":0.0},{"damage_healed":0.0,"max_hp_gain":0.0,"max_hp_loss":0.0,"gold_gain":0.0,"event_name":"Vampires","player_choice":"Ignored","floor":22.0,"gold_loss":0.0,"damage_taken":0.0},{"damage_healed":0,"gold_gain":0,"player_choice":"Max HP","damage_taken":0,"max_hp_gain":0,"max_hp_loss":4,"event_name":"Winding Halls","floor":36,"gold_loss":0},{"damage_healed":0,"gold_gain":0,"player_choice":"Upgrade","damage_taken":0,"relics_obtained":["Mark of the Bloom"],"max_hp_gain":0,"max_hp_loss":0,"event_name":"MindBloom","floor":38,"gold_loss":0,"cards_upgraded":["Defend_G","Defend_G","Defend_G","Defend_G","Strike_G","Survivor","Calculated Gamble","Adrenaline","Escape Plan"]},{"damage_healed":0,"gold_gain":333,"player_choice":"Gave Idol","damage_taken":0,"max_hp_gain":0,"max_hp_loss":0,"event_name":"The Moai Head","floor":39,"relics_lost":["Golden Idol"],"gold_loss":0},{"cards_removed":["Defend_G"],"damage_healed":0,"gold_gain":0,"player_choice":"Removal","damage_taken":0,"max_hp_gain":0,"max_hp_loss":0,"event_name":"Designer","floor":46,"gold_loss":90}],"is_beta":false,"boss_relics":[{"not_picked":["WristBlade","Orrery"],"picked":"Empty Cage"},{"not_picked":["Ring of the Serpent","Velvet Choker"],"picked":"Runic Pyramid"}],"items_purged_floors":[30,37,44,53],"is_endless":false,"potions_floor_spawned":[8,16,18,20,33,40,54],"ascension_level":0}