{"path_per_floor":["M","?","?","M","M","E","R","E","T","M","M","?","?","$","R","B",null,"M","?","?","?","M","E","$","?","T"],"character_chosen":"THE_SILENT","items_purchased":["Trip"],"gold_per_floor":[114,114,114,124,144,172,172,202,202,213,225,225,225,59,59,189,189,164,164,164,89,106,139,39,39,39],"floor_reached":27,"campfire_rested":0,"playtime":2734,"current_hp_per_floor":[70,56,56,56,53,39,39,25,25,25,24,34,34,34,34,5,80,56,56,56,56,48,25,25,25,25],"items_purged":["Strike_G","Strike_G"],"gold":39,"score":239,"play_id":"9f3f777a-59f8-4282-8d58-1c6f827fe8ef","is_prod":false,"is_daily":false,"is_ascension_mode":false,"campfire_upgraded":2,"path_taken":["M","?","?","?","M","E","R","E","T","M","M","?","?","?","R","BOSS","M","?","?","?","M","E","$","?","T","E"],"build_version":"2018-02-22-PROD1","purchased_purges":2,"victory":false,"master_deck":["Defend_G","Defend_G+1","Defend_G","Defend_G+1","Strike_G","Strike_G","Strike_G","Survivor+1","Neutralize+1","Concentrate","Footwork+1","Dash+1","Escape Plan","Injury","Trip","Adrenaline","Predator","Outmaneuver+1"],"max_hp_per_floor":[70,70,70,70,70,70,70,70,70,70,70,80,80,80,80,80,80,80,80,80,80,80,80,80,80,80],"relics":["Ring of the Snake","Pen Nib","Tingsha","Torii","Pear","Bloody Idol","Snecko Eye","Omamori","War Paint"],"card_choices":[{"not_picked":["Unload","Deadly Poison"],"picked":"Concentrate"},{"not_picked":["Acrobatics","Deadly Poison"],"picked":"Footwork"},{"not_picked":["All Out Attack","Eviscerate"],"picked":"Dash"},{"not_picked":["Dagger Spray","Bane"],"picked":"Escape Plan"},{"not_picked":["Doppelganger","Venomology"],"picked":"Adrenaline"},{"not_picked":["Flying Knee","Quick Slash"],"picked":"Outmaneuver"}],"player_experience":125489,"potions_floor_usage":[6,8,16,16,23,27],"damage_taken":[{"damage":0,"enemies":"2 Louse","floor":1,"turns":3},{"damage":0,"enemies":"Small Slimes","floor":4,"turns":4},{"damage":3,"enemies":"Jaw Worm","floor":5,"turns":4},{"damage":14,"enemies":"Gremlin Nob","floor":6,"turns":4},{"damage":14,"enemies":"3 Sentries","floor":8,"turns":12},{"damage":0,"enemies":"Exordium Thugs","floor":10,"turns":5},{"damage":1,"enemies":"Red Slaver","floor":11,"turns":5},{"damage":29,"enemies":"Hexaghost","floor":16,"turns":20},{"damage":24,"enemies":"2 Thieves","floor":18,"turns":5},{"damage":13,"enemies":"3 Byrds","floor":22,"turns":6},{"damage":28,"enemies":"Slavers","floor":23,"turns":7},{"damage":33,"enemies":"Gremlin Leader","floor":27,"turns":10}],"event_choices":[{"event_name":"Shining Light","player_choice":"Entered Light","floor":2,"damage_taken":0},{"event_name":"The Lab","player_choice":"Got Potions","floor":3,"damage_taken":0},{"event_name":"Big Fish","player_choice":"Box","floor":12,"damage_taken":0},{"event_name":"Golden Idol","player_choice":"Take Wound","floor":13,"damage_taken":0},{"event_name":"Forgotten Altar","player_choice":"Gave Idol","floor":19,"damage_taken":0},{"event_name":"The Library","player_choice":"Read","floor":20,"damage_taken":0},{"event_name":"Beggar","player_choice":"Gave Gold","floor":21,"damage_taken":0},{"event_name":"Match and Keep!","player_choice":"1 cards matched","floor":25,"damage_taken":0}],"boss_relics":[{"not_picked":["The Specimen","Eternal Feather"],"picked":"Snecko Eye"}],"potions_floor_spawned":[5,8,10,16,18,22],"seed_played":"-6859434354346794121","killed_by":"Gremlin Leader","ascension_level":0,"is_trial":false}