{"gold_per_floor":[116,116,37,56,69,69,97,97,97,116,116,12,31,56,56,56],"floor_reached":16,"playtime":517,"items_purged":["Strike_G"],"score":220,"play_id":"da7bc78c-8b47-4d73-8d67-3910c3d0be02","local_time":"20190729142603","is_ascension_mode":true,"campfire_choices":[{"data":"Deadly Poison","floor":6.0,"key":"SMITH"},{"data":"Acrobatics","floor":8.0,"key":"SMITH"},{"data":"Neutralize","floor":15,"key":"SMITH"}],"neow_cost":"NONE","seed_source_timestamp":195215026476682,"circlet_count":0,"master_deck":["AscendersBane","Strike_G","Strike_G","Strike_G","Strike_G","Defend_G","Defend_G","Defend_G","Defend_G","Defend_G","Survivor","Neutralize+1","Deadly Poison+1","Acrobatics+1","Backflip","Blur","Tactician+1","Leg Sweep+1","Outmaneuver+1"],"special_seed":0,"relics":["Ring of the Snake","NeowsBlessing","Vajra","Toxic Egg 2","Happy Flower"],"potions_floor_usage":[13,14,16],"damage_taken":[{"damage":0.0,"enemies":"Small Slimes","floor":1.0,"turns":1.0},{"damage":0.0,"enemies":"Cultist","floor":4.0,"turns":1.0},{"damage":0.0,"enemies":"Jaw Worm","floor":5.0,"turns":1.0},{"damage":25.0,"enemies":"Lagavulin","floor":7.0,"turns":7.0},{"damage":17.0,"enemies":"Exordium Thugs","floor":10.0,"turns":7.0},{"damage":13,"enemies":"Large Slime","floor":13,"turns":14},{"damage":5,"enemies":"3 Sentries","floor":14,"turns":10},{"damage":0,"enemies":"Hexaghost","floor":16,"turns":9}],"seed_played":"-2428832799062949423","potions_obtained":[{"floor":2.0,"key":"Regen Potion"},{"floor":2.0,"key":"Weak Potion"},{"floor":10.0,"key":"PowerPotion"},{"floor":14,"key":"Block Potion"}],"is_trial":false,"path_per_floor":["M","?","$","M","M","R","E","R","T","M","?","$","M","E","R","B"],"character_chosen":"THE_SILENT","items_purchased":["Acrobatics","Backflip","Outmaneuver+1"],"campfire_rested":0,"item_purchase_floors":[3,3,12],"current_hp_per_floor":[59,59,59,59,59,59,34,34,34,17,17,17,19,14,14,14],"gold":56,"neow_bonus":"THREE_ENEMY_KILL","is_prod":false,"is_daily":false,"chose_seed":false,"campfire_upgraded":3,"win_rate":0,"timestamp":1564381563,"path_taken":["M","?","$","M","M","R","E","R","T","?","?","?","M","E","R","BOSS"],"build_version":"2019-07-17","purchased_purges":1,"victory":false,"max_hp_per_floor":[66,66,66,66,66,66,66,66,66,66,66,66,66,66,66,66],"card_choices":[{"not_picked":["Finisher","Backflip"],"picked":"Deadly Poison","floor":1.0},{"not_picked":["Dodge and Roll","Deflect"],"picked":"Blur","floor":4.0},{"not_picked":["Expertise","Dash","Poisoned Stab"],"picked":"SKIP","floor":5.0},{"not_picked":["Quick Slash","Underhanded Strike","All Out Attack"],"picked":"SKIP","floor":7.0},{"not_picked":["Eviscerate","Endless Agony"],"picked":"Tactician+1","floor":10.0},{"not_picked":["Poisoned Stab","Dodge and Roll+1","Backflip+1"],"picked":"SKIP","floor":13},{"not_picked":["Tactician+1","Poisoned Stab","Eviscerate"],"picked":"SKIP","floor":14}],"player_experience":1694891,"relics_obtained":[{"floor":7.0,"key":"Vajra"},{"floor":9.0,"key":"Toxic Egg 2"},{"floor":14,"key":"Happy Flower"}],"event_choices":[{"damage_healed":0.0,"max_hp_gain":0.0,"max_hp_loss":0.0,"gold_gain":0.0,"event_name":"Lab","player_choice":"Got Potions","floor":2.0,"gold_loss":0.0,"damage_taken":0.0},{"damage_healed":0.0,"max_hp_gain":0.0,"max_hp_loss":0.0,"gold_gain":0.0,"event_name":"Match and Keep!","player_choice":"1 cards matched","floor":11.0,"gold_loss":0.0,"damage_taken":0.0,"cards_obtained":["Leg Sweep"]}],"is_beta":false,"boss_relics":[],"items_purged_floors":[12],"is_endless":false,"potions_floor_spawned":[10,14],"killed_by":"Hexaghost","ascension_level":20}