{"gold_per_floor":[118,193,30,46,60,60,92,92,172,186,186,186,259,270,270,345,345,358,358,378,378,378,378,197,197,197,197,214,214,228,29,29,101,101,117,117,136,155,171,171,190,190,190,190,115,149,149,165,165,165,165],"floor_reached":52,"playtime":3907,"items_purged":["Strike_B","Strike_B","Strike_B"],"score":1939,"play_id":"0cf69dca-b452-4fd1-9e92-2f2c0a72ce66","local_time":"20181111142115","is_ascension_mode":true,"campfire_choices":[{"data":"Defragment","floor":6.0,"key":"SMITH"},{"data":"Capacitor","floor":8.0,"key":"SMITH"},{"data":"Defragment","floor":12.0,"key":"SMITH"},{"data":"Biased Cognition","floor":15.0,"key":"SMITH"},{"floor":23,"key":"REST"},{"data":"Defragment","floor":25,"key":"SMITH"},{"data":"Buffer","floor":27,"key":"SMITH"},{"data":"Defragment","floor":32,"key":"SMITH"},{"data":"Amplify","floor":40,"key":"SMITH"},{"data":"Echo Form","floor":42,"key":"SMITH"},{"data":"Creative AI","floor":47,"key":"SMITH"},{"data":"White Noise","floor":49,"key":"SMITH"}],"neow_cost":"NONE","seed_source_timestamp":9477366443429,"circlet_count":0,"master_deck":["AscendersBane","Strike_B","Defend_B","Defend_B","Defend_B","Defend_B","Zap","Dualcast","Buffer+1","Capacitor+1","Defragment+1","Coolheaded+1","Conserve Battery","Self Repair","Defragment+1","Biased Cognition+1","Echo Form+1","Melter","Defragment+1","Coolheaded","Chill","Conserve Battery","Defragment+1","Electrodynamics","Hologram+1","Amplify+1","White Noise+1","PanicButton","Creative AI+1"],"special_seed":0,"relics":["FrozenCore","Bronze Scales","Letter Opener","Cursed Key","Pantograph"],"potions_floor_usage":[21],"damage_taken":[{"damage":2.0,"enemies":"Jaw Worm","floor":1.0,"turns":6.0},{"damage":11.0,"enemies":"Small Slimes","floor":4.0,"turns":4.0},{"damage":0.0,"enemies":"Cultist","floor":5.0,"turns":3.0},{"damage":6.0,"enemies":"Lagavulin","floor":7.0,"turns":7.0},{"damage":24.0,"enemies":"Lots of Slimes","floor":10.0,"turns":4.0},{"damage":13.0,"enemies":"Exordium Wildlife","floor":14.0,"turns":5.0},{"damage":0.0,"enemies":"Hexaghost","floor":16.0,"turns":9.0},{"damage":15.0,"enemies":"3 Byrds","floor":18.0,"turns":2.0},{"damage":7.0,"enemies":"Shell Parasite","floor":20.0,"turns":4.0},{"damage":0,"enemies":"Sentry and Sphere","floor":21,"turns":3},{"damage":3,"enemies":"Snecko","floor":28,"turns":7},{"damage":0,"enemies":"Snake Plant","floor":30,"turns":5},{"damage":0,"enemies":"Automaton","floor":33,"turns":11},{"damage":0,"enemies":"3 Darklings","floor":35,"turns":4},{"damage":0,"enemies":"3 Shapes","floor":37,"turns":5},{"damage":0,"enemies":"Transient","floor":38,"turns":6},{"damage":0,"enemies":"Maw","floor":39,"turns":9},{"damage":7,"enemies":"4 Shapes","floor":41,"turns":8},{"damage":0,"enemies":"Nemesis","floor":46,"turns":7},{"damage":0,"enemies":"3 Darklings","floor":48,"turns":3},{"damage":39,"enemies":"Time Eater","floor":50,"turns":18},{"damage":26,"enemies":"Donu and Deca","floor":51,"turns":9}],"seed_played":"-8973390452217003449","potions_obtained":[{"floor":4.0,"key":"SmokeBomb"},{"floor":7.0,"key":"Weak Potion"},{"floor":28,"key":"SteroidPotion"},{"floor":33,"key":"Explosive Potion"}],"is_trial":false,"path_per_floor":["M","?","$","M","M","R","E","R","T","M","?","R","T","M","R","B",null,"M","?","M","M","?","R","$","R","T","R","M","?","M","$","R","B",null,"M","?","M","M","M","R","M","R","T","?","$","E","R","M","R","B","B",null],"character_chosen":"DEFECT","items_purchased":["Defragment","Chill","Defragment","Creative AI"],"campfire_rested":1,"item_purchase_floors":[3,24,31,45],"current_hp_per_floor":[62,51,51,40,40,40,34,34,34,17,17,17,17,11,11,18,58,43,43,43,43,23,45,45,45,45,45,49,49,63,63,63,70,75,76,76,76,76,76,76,76,76,76,76,76,76,76,76,76,51,57],"gold":165,"neow_bonus":"ONE_RANDOM_RARE_CARD","is_prod":false,"is_daily":false,"chose_seed":false,"campfire_upgraded":11,"win_rate":0,"timestamp":1541917275,"path_taken":["M","?","$","M","M","R","E","R","T","M","?","R","?","M","R","BOSS","M","?","M","M","?","R","?","R","T","R","M","?","M","$","R","BOSS","M","?","?","?","M","R","M","R","T","?","$","E","R","M","R","BOSS","BOSS"],"build_version":"2018-11-08","purchased_purges":3,"victory":true,"max_hp_per_floor":[71,71,71,71,71,71,71,71,71,71,71,71,71,71,71,71,71,71,71,71,71,76,76,76,76,76,76,76,76,76,76,76,76,76,76,76,76,76,76,76,76,76,76,76,76,76,76,76,76,76,76],"card_choices":[{"not_picked":["Stack","Turbo"],"picked":"Capacitor","floor":1.0},{"not_picked":["Ball Lightning","Double Energy"],"picked":"Coolheaded","floor":4.0},{"not_picked":["Compile Driver","Fusion"],"picked":"Conserve Battery","floor":5.0},{"not_picked":["Go for the Eyes","Cold Snap"],"picked":"Self Repair","floor":7.0},{"not_picked":["Cold Snap","Coolheaded"],"picked":"Defragment","floor":10.0},{"not_picked":["Rebound","Ball Lightning"],"picked":"Biased Cognition","floor":14.0},{"not_picked":["Reboot","Multi-Cast"],"picked":"Echo Form","floor":16.0},{"not_picked":["Stack","Streamline"],"picked":"Melter","floor":18.0},{"not_picked":["Melter","Genetic Algorithm+1"],"picked":"Coolheaded","floor":20.0},{"not_picked":["Barrage","Genetic Algorithm","Steam"],"picked":"SKIP","floor":28},{"not_picked":["Compile Driver","Steam"],"picked":"Conserve Battery","floor":30},{"not_picked":["All For One","Buffer"],"picked":"Electrodynamics","floor":33},{"not_picked":["Steam","Beam Cell","Barrage"],"picked":"SKIP","floor":35},{"not_picked":["Reinforced Body","Gash+1"],"picked":"Hologram+1","floor":37},{"not_picked":["Aggregate","Hologram"],"picked":"Amplify","floor":38},{"not_picked":["Beam Cell","BootSequence"],"picked":"White Noise","floor":39},{"not_picked":["Steam","Sweeping Beam","Aggregate+1"],"picked":"SKIP","floor":41},{"not_picked":["Jack Of All Trades","Finesse"],"picked":"PanicButton","floor":44},{"not_picked":["Streamline","Sweeping Beam","Beam Cell+1"],"picked":"SKIP","floor":46},{"not_picked":["Melter","Rebound","Compile Driver"],"picked":"SKIP","floor":48}],"player_experience":976666,"relics_obtained":[{"floor":7.0,"key":"Bronze Scales"},{"floor":9.0,"key":"Letter Opener"},{"floor":46,"key":"Pantograph"}],"event_choices":[{"damage_healed":0.0,"max_hp_gain":0.0,"max_hp_loss":0.0,"gold_gain":75.0,"event_name":"World of Goop","player_choice":"Gather Gold","floor":2.0,"gold_loss":0.0,"damage_taken":11.0},{"damage_healed":0.0,"max_hp_gain":0.0,"max_hp_loss":0.0,"gold_gain":0.0,"event_name":"Liars Game","player_choice":"Ignored","floor":11.0,"gold_loss":0.0,"damage_taken":0.0},{"damage_healed":0.0,"max_hp_gain":0.0,"max_hp_loss":0.0,"gold_gain":0.0,"event_name":"The Library","player_choice":"Read","floor":19.0,"gold_loss":0.0,"damage_taken":0.0,"cards_obtained":["Defragment"]},{"damage_healed":0,"gold_gain":0,"player_choice":"Shed Blood","damage_taken":25,"max_hp_gain":5,"max_hp_loss":0,"event_name":"Forgotten Altar","floor":22,"gold_loss":0},{"damage_healed":0,"gold_gain":0,"player_choice":"Ignored","damage_taken":0,"max_hp_gain":0,"max_hp_loss":0,"event_name":"Cursed Tome","floor":29,"gold_loss":0},{"damage_healed":0,"gold_gain":0,"player_choice":"Forge","damage_taken":0,"max_hp_gain":0,"max_hp_loss":0,"event_name":"Accursed Blacksmith","floor":36,"gold_loss":0,"cards_upgraded":["Coolheaded"]},{"damage_healed":0,"gold_gain":0,"player_choice":"Memory 1","damage_taken":0,"max_hp_gain":0,"max_hp_loss":0,"event_name":"SensoryStone","floor":44,"gold_loss":0}],"is_beta":false,"boss_relics":[{"not_picked":["Busted Crown","Astrolabe"],"picked":"Cursed Key"},{"not_picked":["Empty Cage","White Beast Statue"],"picked":"FrozenCore"}],"items_purged_floors":[3,24,31],"is_endless":false,"potions_floor_spawned":[4,7,14,28,33,37,41,46],"ascension_level":20}