{"gold_per_floor":[115,115,190,204,219,219,247,247,327,362,362,362],"floor_reached":12,"playtime":461,"items_purged":[],"score":155,"play_id":"ba20f37a-8745-436d-813c-f41a4194051d","local_time":"20181006002650","is_ascension_mode":true,"campfire_choices":[{"data":"Neutralize","floor":6,"key":"SMITH"},{"data":"Footwork","floor":8,"key":"SMITH"}],"neow_cost":"NONE","seed_source_timestamp":297493875132647,"circlet_count":0,"master_deck":["Defend_G","Defend_G","Defend_G","Defend_G","Defend_G","Strike_G","Strike_G","Strike_G","Strike_G","Survivor","Neutralize+1","AscendersBane","Finisher","Escape Plan","Footwork+1","Deflect"],"relics":["Ring of the Snake","Strawberry","Regal Pillow","Toxic Egg 2","Dodecahedron"],"potions_floor_usage":[7],"damage_taken":[{"damage":0,"enemies":"Small Slimes","floor":1,"turns":4},{"damage":4,"enemies":"Jaw Worm","floor":4,"turns":3},{"damage":4,"enemies":"Cultist","floor":5,"turns":3},{"damage":13,"enemies":"Lagavulin","floor":7,"turns":13},{"damage":36,"enemies":"3 Sentries","floor":10,"turns":18},{"damage":6,"enemies":"Exordium Thugs","floor":12,"turns":4}],"seed_played":"-6681287399664803988","potions_obtained":[{"floor":1,"key":"Regen Potion"}],"is_trial":false,"path_per_floor":["M","?","?","M","M","R","E","R","T","E","?"],"character_chosen":"THE_SILENT","items_purchased":[],"campfire_rested":0,"item_purchase_floors":[],"current_hp_per_floor":[66,59,48,44,40,40,42,42,42,6,6,0],"gold":362,"neow_bonus":"RANDOM_COMMON_RELIC","is_prod":false,"is_daily":false,"chose_seed":false,"campfire_upgraded":2,"win_rate":0,"timestamp":1538756810,"path_taken":["M","?","?","M","M","R","E","R","T","E","?","?"],"build_version":"2018-10-04","purchased_purges":0,"victory":false,"max_hp_per_floor":[73,73,73,73,73,73,73,73,73,73,73,73],"card_choices":[{"not_picked":["Expertise","Bane"],"picked":"Finisher","floor":1},{"not_picked":["Quick Slash","Heel Hook"],"picked":"Escape Plan","floor":4},{"not_picked":["Sucker Punch","Poisoned Stab"],"picked":"Footwork","floor":5},{"not_picked":["Unload","Reflex"],"picked":"Deflect","floor":7},{"not_picked":["Masterful Stab","Setup+1","Bane"],"picked":"SKIP","floor":10}],"player_experience":195417,"relics_obtained":[{"floor":7,"key":"Regal Pillow"},{"floor":9,"key":"Toxic Egg 2"},{"floor":10,"key":"Dodecahedron"}],"event_choices":[{"event_name":"Golden Wing","player_choice":"Card Removal","floor":2,"damage_taken":0},{"event_name":"World of Goop","player_choice":"Gather Gold","floor":3,"damage_taken":0},{"event_name":"Shining Light","player_choice":"Ignored","floor":11,"damage_taken":0}],"is_beta":false,"boss_relics":[],"items_purged_floors":[],"is_endless":false,"potions_floor_spawned":[1],"killed_by":"Exordium Thugs","ascension_level":16}