{"path_per_floor":["M","?","?","M","M","R","E","M","T","$","M","M","R","?","R","B",null,"M","M","M","M","M","R","$","?","T","M","R","?","M","E","R"],"character_chosen":"DEFECT","items_purchased":["Potion Belt","Recycle","Toxic Egg 2"],"gold_per_floor":[114,189,189,204,219,219,249,264,264,113,128,143,143,143,143,243,243,258,273,288,303,318,318,118,118,118,133,133,48,63,93,93,93],"floor_reached":33,"campfire_rested":0,"playtime":1439,"item_purchase_floors":[10,10,24],"current_hp_per_floor":[75,64,70,70,69,69,60,54,54,54,54,53,53,50,50,33,99,77,64,38,36,30,30,30,30,36,36,36,36,33,33,33,0],"items_purged":[],"gold":93,"score":471,"play_id":"eb85f03b-036f-4d2c-863d-7f09352131d3","local_time":"20180603093907","daily_mods":["Brewmaster","Cursed Run","Uncertain Future"],"is_prod":false,"is_daily":true,"chose_seed":false,"is_ascension_mode":false,"campfire_upgraded":6,"win_rate":0,"timestamp":1527989947,"campfire_choices":[{"data":"Zap","floor":6,"key":"SMITH"},{"data":"Defragment","floor":13,"key":"SMITH"},{"data":"Recycle","floor":15,"key":"SMITH"},{"data":"Chaos","floor":23,"key":"SMITH"},{"data":"Coolheaded","floor":28,"key":"SMITH"},{"data":"Dualcast","floor":32,"key":"SMITH"}],"path_taken":["M","?","?","M","M","R","E","M","T","$","M","M","R","?","R","BOSS","M","M","M","M","M","R","$","?","T","?","R","?","M","E","R","BOSS"],"build_version":"2018-05-30v2","seed_source_timestamp":0,"purchased_purges":0,"victory":false,"master_deck":["Strike_B","Strike_B","Strike_B","Strike_B","Defend_B","Defend_B","Defend_B","Defend_B","Zap+1","Dualcast+1","Venomology","Venomology","Venomology","Venomology","Venomology","Regret","Conserve Battery","Rebound","Hologram","Chaos+1","Recycle+1","Lockon","Defragment+1","Echo Form","Regret","Injury","Decay","Ball Lightning+1","Coolheaded+1","Sunder+1","Parasite","Beam Cell+1","Multi-Cast+1","Defragment+1"],"max_hp_per_floor":[75,75,81,81,81,81,81,81,81,81,81,81,81,81,81,81,99,99,99,99,99,99,99,99,99,105,105,105,105,105,105,105,105],"relics":["Cursed Key","Darkstone Periapt","Du-Vu Doll","White Beast Statue","Omamori","Happy Flower","The Courier","Potion Belt","Bronze Scales","Calling Bell","Ancient Tea Set","Molten Egg 2","Thread and Needle","Toxic Egg 2","Toolbox","Mummified Hand","Juzu Bracelet"],"card_choices":[{"not_picked":["Ball Lightning","Redo","Beam Cell"],"picked":"SKIP","floor":1},{"not_picked":["Compile Driver","Cold Snap"],"picked":"Conserve Battery","floor":4},{"not_picked":["Cold Snap","Aggregate"],"picked":"Rebound","floor":5},{"not_picked":["Streamline","Buffer"],"picked":"Hologram","floor":7},{"not_picked":["Sweeping Beam","Fusion"],"picked":"Chaos","floor":8},{"not_picked":["Genetic Algorithm","FTL"],"picked":"Lockon","floor":11},{"not_picked":["Chaos","Leap"],"picked":"Defragment","floor":12},{"not_picked":["Hyperbeam","Buffer"],"picked":"Echo Form","floor":16},{"not_picked":["Compile Driver+1","Chill","Hello World"],"picked":"SKIP","floor":18},{"not_picked":["Turbo","Cold Snap+1"],"picked":"Ball Lightning+1","floor":19},{"not_picked":["Stack","Conserve Battery"],"picked":"Coolheaded","floor":20},{"not_picked":["Compile Driver+1","Redo"],"picked":"Sunder+1","floor":21},{"not_picked":["Stack","Ball Lightning+1","Leap"],"picked":"SKIP","floor":22},{"not_picked":["Genetic Algorithm+1","Chill+1"],"picked":"Beam Cell+1","floor":27},{"not_picked":["Defragment","Turbo+1"],"picked":"Multi-Cast+1","floor":30},{"not_picked":["Reprogram+1","Scrape+1"],"picked":"Defragment+1","floor":31}],"player_experience":524813,"potions_floor_usage":[1,1,4,4,5,5,5,5,5,7,7,7,7,7,7,7,7,7,8,8,8,11,11,12,12,12,12,12,12,16,16,16,16,16,16,16,18,18,19,19,19,19,19,20,20,20,21,21,21,21,21,22,22,22,22,27,27,30,30,31,31,31,31,33,33,33,33,33,33,33,33,33],"damage_taken":[{"damage":0,"enemies":"Small Slimes","floor":1,"turns":3},{"damage":0,"enemies":"2 Louse","floor":4,"turns":1},{"damage":1,"enemies":"Jaw Worm","floor":5,"turns":3},{"damage":9,"enemies":"3 Sentries","floor":7,"turns":5},{"damage":6,"enemies":"3 Louse","floor":8,"turns":2},{"damage":0,"enemies":"Looter","floor":11,"turns":4},{"damage":1,"enemies":"Large Slime","floor":12,"turns":3},{"damage":17,"enemies":"The Guardian","floor":16,"turns":9},{"damage":22,"enemies":"2 Thieves","floor":18,"turns":4},{"damage":13,"enemies":"Spheric Guardian","floor":19,"turns":5},{"damage":26,"enemies":"Snake Plant","floor":20,"turns":4},{"damage":2,"enemies":"Centurion and Healer","floor":21,"turns":7},{"damage":18,"enemies":"Slaver and Parasite","floor":22,"turns":4},{"damage":0,"enemies":"Snake Plant","floor":27,"turns":2},{"damage":3,"enemies":"Cultist and Chosen","floor":30,"turns":3},{"damage":0,"enemies":"Book of Stabbing","floor":31,"turns":3},{"damage":41,"enemies":"Collector","floor":33,"turns":5}],"relics_obtained":[{"floor":7,"key":"Happy Flower"},{"floor":9,"key":"The Courier"},{"floor":17,"key":"Ancient Tea Set"},{"floor":17,"key":"Molten Egg 2"},{"floor":17,"key":"Thread and Needle"},{"floor":26,"key":"Toolbox"},{"floor":31,"key":"Juzu Bracelet"}],"event_choices":[{"event_name":"World of Goop","player_choice":"Gather Gold","floor":2,"damage_taken":0},{"event_name":"Big Fish","player_choice":"Box","floor":3,"damage_taken":0},{"event_name":"Scrap Ooze","player_choice":"success","floor":14,"damage_taken":3},{"event_name":"Ghosts","player_choice":"Ignored","floor":25,"damage_taken":0},{"event_name":"Addict","player_choice":"Obtained Relic","floor":29,"damage_taken":0}],"boss_relics":[{"not_picked":["Lizard Tail","Eternal Feather"],"picked":"Calling Bell"}],"items_purged_floors":[],"potions_floor_spawned":[1,4,5,7,8,11,12,16,18,19,20,21,22,27,30,31],"seed_played":"8893598992173634706","killed_by":"Collector","ascension_level":0,"potions_obtained":[{"floor":4,"key":"Explosive Potion"},{"floor":5,"key":"AttackPotion"},{"floor":7,"key":"Explosive Potion"},{"floor":12,"key":"SpeedPotion"},{"floor":16,"key":"FearPotion"},{"floor":19,"key":"LiquidBronze"},{"floor":20,"key":"SpeedPotion"},{"floor":21,"key":"GamblersBrew"},{"floor":22,"key":"Poison Potion"},{"floor":27,"key":"LiquidBronze"},{"floor":30,"key":"Fire Potion"},{"floor":31,"key":"EssenceOfSteel"}],"is_trial":false}