{"gold_per_floor":[119,119,44,44,44,44,68,68,68,68,68,92,117,160,160,253,253,277,277,277,294,219,219,234,263,263,263,290,303,314,343,343,421,421,437,485,503,503,503,503,538,488,488,438,452,452,479,499,499,499,499,499,499,62,87,87],"floor_reached":57,"playtime":1881,"items_purged":["Strike_G","Blade Dance","Masterful Stab","Survivor"],"score":3482,"play_id":"5cba9464-ce27-4cb8-8d7d-7d589efb715f","local_time":"20190219204520","is_ascension_mode":true,"campfire_choices":[{"data":"Expertise","floor":6.0,"key":"SMITH"},{"data":"Grand Finale","floor":8.0,"key":"SMITH"},{"data":"Neutralize","floor":10.0,"key":"SMITH"},{"data":"Footwork","floor":15.0,"key":"SMITH"},{"data":"Wraith Form v2","floor":23.0,"key":"SMITH"},{"floor":27.0,"key":"RECALL"},{"data":"Backflip","floor":32,"key":"SMITH"},{"data":"Terror","floor":40,"key":"SMITH"},{"data":"Adrenaline","floor":46,"key":"SMITH"},{"data":"Concentrate","floor":49,"key":"SMITH"},{"data":"Deflect","floor":53,"key":"SMITH"}],"neow_cost":"NONE","seed_source_timestamp":43292473704017,"circlet_count":0,"master_deck":["AscendersBane","Neutralize+1","Grand Finale+1","Expertise+1","Footwork+1","Wraith Form v2+1","Backflip+1","Adrenaline+1","Dagger Throw","Terror+1","Blur","Backstab","Deflect+1","Concentrate+1"],"special_seed":0,"relics":["Ring of the Snake","Bloody Idol","Kunai","Ancient Tea Set","Runic Pyramid","Dream Catcher","Tough Bandages","Pandora\u0027s Box","Smiling Mask","Oddly Smooth Stone","Paper Crane","Anchor","Lantern","OrangePellets","Boot"],"potions_floor_usage":[31,56],"damage_taken":[{"damage":0.0,"enemies":"2 Louse","floor":1.0,"turns":5.0},{"damage":0.0,"enemies":"Jaw Worm","floor":7.0,"turns":2.0},{"damage":0.0,"enemies":"Cultist","floor":12.0,"turns":3.0},{"damage":15.0,"enemies":"Lots of Slimes","floor":13.0,"turns":8.0},{"damage":0.0,"enemies":"Lagavulin","floor":14.0,"turns":5.0},{"damage":0.0,"enemies":"Slime Boss","floor":16.0,"turns":2.0},{"damage":2.0,"enemies":"3 Byrds","floor":18.0,"turns":3.0},{"damage":4.0,"enemies":"2 Thieves","floor":21.0,"turns":4.0},{"damage":7.0,"enemies":"Snake Plant","floor":24.0,"turns":4.0},{"damage":0.0,"enemies":"Book of Stabbing","floor":25.0,"turns":4.0},{"damage":3.0,"enemies":"Gremlin Leader","floor":28.0,"turns":5.0},{"damage":7.0,"enemies":"Chosen and Byrds","floor":29.0,"turns":6.0},{"damage":1.0,"enemies":"Centurion and Healer","floor":30.0,"turns":4.0},{"damage":3,"enemies":"Slavers","floor":31,"turns":3},{"damage":1,"enemies":"Automaton","floor":33,"turns":8},{"damage":0,"enemies":"3 Darklings","floor":35,"turns":2},{"damage":0,"enemies":"Orb Walker","floor":37,"turns":2},{"damage":0,"enemies":"Nemesis","floor":41,"turns":3},{"damage":0,"enemies":"Transient","floor":45,"turns":5},{"damage":0,"enemies":"Giant Head","floor":47,"turns":3},{"damage":0,"enemies":"4 Shapes","floor":48,"turns":1},{"damage":0,"enemies":"Donu and Deca","floor":50,"turns":4},{"damage":0,"enemies":"Awakened One","floor":51,"turns":4},{"damage":0,"enemies":"Shield and Spear","floor":55,"turns":3},{"damage":3,"enemies":"The Heart","floor":56,"turns":7}],"seed_played":"3190207044438660142","potions_obtained":[{"floor":5.0,"key":"Weak Potion"},{"floor":5.0,"key":"FearPotion"},{"floor":18.0,"key":"Swift Potion"},{"floor":24.0,"key":"AttackPotion"},{"floor":29.0,"key":"LiquidBronze"},{"floor":35,"key":"Dexterity Potion"}],"is_trial":false,"path_per_floor":["M","?","$","?","?","R","M","R","T","R","$","M","M","E","R","B",null,"M","?","?","M","$","R","M","E","T","R","E","M","M","E","R","B",null,"M","T","M","?","?","R","E","$","T","$","M","R","E","M","R","B","B",null,"R","$","E","B",null],"character_chosen":"THE_SILENT","items_purchased":["Expertise","Lantern","OrangePellets"],"campfire_rested":0,"item_purchase_floors":[3,54,54],"current_hp_per_floor":[59,64,64,64,64,64,64,64,64,64,64,64,49,49,49,49,60,58,58,58,64,64,64,62,64,64,64,64,62,64,64,64,64,64,64,64,64,64,64,64,64,64,64,64,64,64,64,64,64,64,64,64,64,64,64,61],"gold":87,"neow_bonus":"ONE_RANDOM_RARE_CARD","is_prod":false,"is_daily":false,"chose_seed":false,"campfire_upgraded":10,"win_rate":0,"timestamp":1550580320,"path_taken":["M","?","$","?","?","R","?","R","T","R","?","M","M","E","R","BOSS","M","?","?","M","$","R","M","E","T","R","E","M","M","E","R","BOSS","M","?","M","?","?","R","E","$","T","$","M","R","E","M","R","BOSS","BOSS","R","$","E","BOSS"],"build_version":"2019-01-23","purchased_purges":4,"victory":true,"max_hp_per_floor":[66,71,71,64,64,64,64,64,64,64,64,64,64,64,64,64,64,64,64,64,64,64,64,64,64,64,64,64,64,64,64,64,64,64,64,64,64,64,64,64,64,64,64,64,64,64,64,64,64,64,64,64,64,64,64,64],"card_choices":[{"not_picked":["Dagger Spray","Reflex","Eviscerate"],"picked":"SKIP","floor":1.0},{"not_picked":["Dagger Throw","Prepared","Dash"],"picked":"SKIP","floor":7.0},{"not_picked":["Dagger Throw","PiercingWail"],"picked":"Footwork","floor":12.0},{"not_picked":["Prepared","Deflect"],"picked":"Masterful Stab","floor":13.0},{"not_picked":["Night Terror","Leg Sweep","Slice"],"picked":"SKIP","floor":14.0},{"not_picked":["Noxious Fumes","Flechettes","Distraction"],"picked":"SKIP","floor":18.0},{"not_picked":["Masterful Stab","Endless Agony"],"picked":"Backflip","floor":21.0},{"not_picked":["Noxious Fumes","Slice","PiercingWail+1"],"picked":"SKIP","floor":24.0},{"not_picked":["Predator+1","Slice+1","Outmaneuver"],"picked":"SKIP","floor":25.0},{"not_picked":["Escape Plan","Noxious Fumes","Cloak And Dagger"],"picked":"SKIP","floor":28.0},{"not_picked":["Flying Knee","Deadly Poison","Backflip"],"picked":"SKIP","floor":29.0},{"not_picked":["Dash","Distraction","Poisoned Stab"],"picked":"SKIP","floor":30.0},{"not_picked":["Well Laid Plans","Deflect","Flechettes+1"],"picked":"SKIP","floor":31},{"not_picked":["Caltrops","Choke","Deflect+1"],"picked":"SKIP","floor":35},{"not_picked":["Choke","Accuracy","Riddle With Holes"],"picked":"SKIP","floor":37},{"not_picked":["Heel Hook+1","Catalyst","Flechettes"],"picked":"SKIP","floor":41},{"not_picked":["Sucker Punch","Cloak And Dagger+1","Flying Knee"],"picked":"SKIP","floor":45},{"not_picked":["Distraction","Dagger Spray+1","Deadly Poison+1"],"picked":"SKIP","floor":47},{"not_picked":["Dash","Cloak And Dagger"],"picked":"Concentrate","floor":48},{"not_picked":["Terror","Blade Dance","Quick Slash"],"picked":"SKIP","floor":55}],"player_experience":2969022,"relics_obtained":[{"floor":9.0,"key":"Kunai"},{"floor":14.0,"key":"Ancient Tea Set"},{"floor":28.0,"key":"Dream Catcher"},{"floor":31,"key":"Tough Bandages"},{"floor":36,"key":"Smiling Mask"},{"floor":41,"key":"Oddly Smooth Stone"},{"floor":43,"key":"Paper Crane"},{"floor":47,"key":"Anchor"},{"floor":55,"key":"Boot"}],"event_choices":[{"damage_healed":0.0,"max_hp_gain":5.0,"max_hp_loss":0.0,"gold_gain":0.0,"event_name":"Big Fish","player_choice":"Donut","floor":2.0,"gold_loss":0.0,"damage_taken":0.0},{"damage_healed":0.0,"max_hp_gain":0.0,"max_hp_loss":7.0,"gold_gain":0.0,"event_name":"Golden Idol","player_choice":"Lose Max HP","floor":4.0,"gold_loss":0.0,"damage_taken":0.0,"relics_obtained":["Golden Idol"]},{"damage_healed":0.0,"max_hp_gain":0.0,"max_hp_loss":0.0,"gold_gain":0.0,"event_name":"Lab","player_choice":"Got Potions","floor":5.0,"gold_loss":0.0,"damage_taken":0.0},{"damage_healed":0.0,"max_hp_gain":0.0,"max_hp_loss":0.0,"gold_gain":0.0,"event_name":"Forgotten Altar","player_choice":"Gave Idol","floor":19.0,"relics_lost":["Golden Idol"],"gold_loss":0.0,"damage_taken":0.0,"relics_obtained":["Bloody Idol"]},{"damage_healed":0.0,"max_hp_gain":0.0,"max_hp_loss":0.0,"gold_gain":0.0,"cards_transformed":["Strike_G"],"event_name":"Transmorgrifier","player_choice":"Transformed","floor":20.0,"gold_loss":0.0,"damage_taken":0.0,"cards_obtained":["Wraith Form v2"]},{"cards_removed":["Reflex"],"damage_healed":0,"gold_gain":0,"player_choice":"Removed Skill","damage_taken":0,"max_hp_gain":0,"max_hp_loss":0,"event_name":"Falling","floor":38,"gold_loss":0},{"damage_healed":0,"gold_gain":0,"player_choice":"Ignored","damage_taken":0,"max_hp_gain":0,"max_hp_loss":0,"event_name":"Tomb of Lord Red Mask","floor":39,"gold_loss":0}],"is_beta":false,"boss_relics":[{"not_picked":["Coffee Dripper","Black Star"],"picked":"Runic Pyramid"},{"not_picked":["Velvet Choker","Astrolabe"],"picked":"Pandora\u0027s Box"}],"items_purged_floors":[22,42,44,54],"is_endless":false,"potions_floor_spawned":[7,12,18,24,29,30,35,37,47],"ascension_level":20}