{"gold_per_floor":[11,86,106,118,118,118,118,118,172,198,58,58,92,110,110,110],"floor_reached":16,"playtime":389,"items_purged":["Strike_B"],"score":216,"play_id":"cb5956b0-a1bf-4d38-9f99-c2d61d54fb54","local_time":"20190224195910","is_ascension_mode":true,"campfire_choices":[{"data":"Chaos","floor":6.0,"key":"SMITH"},{"data":"Zap","floor":8.0,"key":"SMITH"},{"floor":12.0,"key":"REST"},{"data":"Fission","floor":15.0,"key":"SMITH"}],"neow_cost":"NO_GOLD","seed_source_timestamp":605006659047288,"circlet_count":0,"master_deck":["AscendersBane","Strike_B","Strike_B","Defend_B","Defend_B","Defend_B","Defend_B","Zap+1","Dualcast","Biased Cognition","Chaos+1","Turbo","Compile Driver","Compile Driver","FTL","Fission+1","Leap"],"special_seed":0,"relics":["Cracked Core","Kunai","Happy Flower","Smiling Mask","Emotion Chip"],"potions_floor_usage":[],"damage_taken":[{"damage":3.0,"enemies":"Small Slimes","floor":1.0,"turns":3.0},{"damage":7.0,"enemies":"Jaw Worm","floor":3.0,"turns":3.0},{"damage":1.0,"enemies":"Cultist","floor":4.0,"turns":3.0},{"damage":18.0,"enemies":"3 Sentries","floor":10.0,"turns":7.0},{"damage":28.0,"enemies":"Gremlin Nob","floor":13.0,"turns":4.0},{"damage":2.0,"enemies":"3 Louse","floor":14.0,"turns":3.0},{"damage":0,"enemies":"The Guardian","floor":16,"turns":4}],"seed_played":"-8260130693294628796","potions_obtained":[{"floor":3.0,"key":"SteroidPotion"},{"floor":4.0,"key":"Fire Potion"},{"floor":13.0,"key":"Strength Potion"}],"is_trial":false,"path_per_floor":["M","?","M","M","?","R","?","R","T","E","$","R","E","M","R","B"],"character_chosen":"DEFECT","items_purchased":["FTL"],"campfire_rested":1,"item_purchase_floors":[11],"current_hp_per_floor":[61,50,43,42,37,37,30,30,30,12,12,33,5,3,3,3],"gold":110,"neow_bonus":"THREE_RARE_CARDS","is_prod":false,"is_daily":false,"chose_seed":false,"campfire_upgraded":3,"win_rate":0,"timestamp":1551009550,"path_taken":["M","?","M","M","?","R","?","R","T","E","?","R","E","M","R","BOSS"],"build_version":"2019-01-23","purchased_purges":1,"victory":false,"max_hp_per_floor":[71,71,71,71,71,71,71,71,71,71,71,71,71,71,71,71],"card_choices":[{"not_picked":["Amplify","Core Surge"],"picked":"Biased Cognition","floor":0.0},{"not_picked":["Beam Cell","Streamline"],"picked":"Chaos","floor":1.0},{"not_picked":["Gash","Stack"],"picked":"Turbo","floor":3.0},{"not_picked":["BootSequence","Conserve Battery"],"picked":"Compile Driver","floor":4.0},{"not_picked":["Sunder","Steam Power"],"picked":"Compile Driver","floor":10.0},{"not_picked":["Barrage","Steam"],"picked":"Fission","floor":13.0},{"not_picked":["Beam Cell","Lockon"],"picked":"Leap","floor":14.0}],"player_experience":976087,"relics_obtained":[{"floor":9.0,"key":"Happy Flower"},{"floor":10.0,"key":"Smiling Mask"},{"floor":13.0,"key":"Emotion Chip"}],"event_choices":[{"damage_healed":0.0,"max_hp_gain":0.0,"max_hp_loss":0.0,"gold_gain":75.0,"event_name":"World of Goop","player_choice":"Gather Gold","floor":2.0,"gold_loss":0.0,"damage_taken":11.0},{"damage_healed":0.0,"max_hp_gain":0.0,"max_hp_loss":0.0,"gold_gain":0.0,"event_name":"Scrap Ooze","player_choice":"Success","floor":5.0,"gold_loss":0.0,"damage_taken":5.0,"relics_obtained":["Kunai"]},{"cards_removed":["Strike_B"],"damage_healed":0.0,"max_hp_gain":0.0,"max_hp_loss":0.0,"gold_gain":0.0,"event_name":"Golden Wing","player_choice":"Card Removal","floor":7.0,"gold_loss":0.0,"damage_taken":7.0}],"is_beta":false,"boss_relics":[],"items_purged_floors":[11],"is_endless":false,"potions_floor_spawned":[3,4,13],"killed_by":"The Guardian","ascension_level":20}