{"gold_per_floor":[116,116,116,128,144,144,163,182,182,182,194,194,194],"floor_reached":13,"playtime":372,"items_purged":[],"score":154,"play_id":"b53ede58-0a82-416b-badc-037dfc72cb7a","local_time":"20190104225921","is_ascension_mode":true,"campfire_choices":[{"data":"Catalyst","floor":6,"key":"SMITH"},{"data":"Neutralize","floor":10,"key":"SMITH"}],"neow_cost":"NONE","seed_source_timestamp":14600013509625,"circlet_count":0,"master_deck":["AscendersBane","Defend_G","Defend_G","Defend_G","Defend_G","Defend_G+1","Strike_G","Strike_G","Strike_G+1","Strike_G","Survivor","Neutralize+1","Unload","Catalyst+1","Envenom+1","Footwork+1"],"special_seed":0,"relics":["Ring of the Snake","Frozen Egg 2","Singing Bowl"],"potions_floor_usage":[8,8],"damage_taken":[{"damage":0.0,"enemies":"2 Louse","floor":1.0,"turns":2.0},{"damage":4,"enemies":"Small Slimes","floor":4,"turns":5},{"damage":0,"enemies":"Cultist","floor":5,"turns":4},{"damage":0,"enemies":"2 Fungi Beasts","floor":7,"turns":5},{"damage":0,"enemies":"Looter","floor":8,"turns":4},{"damage":7,"enemies":"Exordium Wildlife","floor":11,"turns":8},{"damage":2,"enemies":"3 Louse","floor":13,"turns":2}],"seed_played":"670916577200475648","potions_obtained":[{"floor":1.0,"key":"GamblersBrew"},{"floor":7,"key":"Explosive Potion"},{"floor":8,"key":"Ancient Potion"}],"is_trial":false,"path_per_floor":["M","?","?","M","M","R","M","M","T","R","M","?","M"],"character_chosen":"THE_SILENT","items_purchased":[],"campfire_rested":0,"item_purchase_floors":[],"current_hp_per_floor":[59,33,33,29,29,29,29,29,29,29,24,4,2],"gold":194,"neow_bonus":"ONE_RANDOM_RARE_CARD","is_prod":false,"is_daily":false,"chose_seed":false,"campfire_upgraded":2,"win_rate":0,"timestamp":1546613961,"path_taken":["M","?","?","M","M","R","?","M","T","R","M","?","M"],"build_version":"2019-01-03v3","purchased_purges":0,"victory":false,"max_hp_per_floor":[66,66,66,66,66,66,66,66,66,66,68,68,68],"card_choices":[{"not_picked":["Cloak And Dagger","Expertise"],"picked":"Catalyst","floor":1.0},{"not_picked":["Slice","Dash","Blade Dance"],"picked":"SKIP","floor":4},{"not_picked":["Terror","Flying Knee"],"picked":"Footwork+1","floor":5},{"not_picked":["Quick Slash","Backstab","Accuracy+1"],"picked":"SKIP","floor":7},{"not_picked":["Deflect","Dodge and Roll","PiercingWail"],"picked":"SKIP","floor":8},{"not_picked":["Dodge and Roll","Quick Slash","Expertise"],"picked":"Singing Bowl","floor":11}],"player_experience":1733558,"relics_obtained":[{"floor":9,"key":"Singing Bowl"}],"event_choices":[{"damage_healed":0.0,"max_hp_gain":0.0,"max_hp_loss":0.0,"gold_gain":0.0,"event_name":"Scrap Ooze","player_choice":"Success","floor":2.0,"gold_loss":0.0,"damage_taken":26.0,"relics_obtained":["Frozen Egg 2"]},{"damage_healed":0,"gold_gain":0,"cards_transformed":["Strike_G"],"player_choice":"Transformed","damage_taken":0,"max_hp_gain":0,"max_hp_loss":0,"event_name":"Transmorgrifier","floor":3,"gold_loss":0,"cards_obtained":["Envenom"]},{"damage_healed":0,"gold_gain":0,"player_choice":"Entered Light","damage_taken":20,"max_hp_gain":0,"max_hp_loss":0,"event_name":"Shining Light","floor":12,"gold_loss":0,"cards_upgraded":["Defend_G","Strike_G"]}],"is_beta":false,"boss_relics":[],"items_purged_floors":[],"is_endless":false,"potions_floor_spawned":[1,7,8],"killed_by":"3 Louse","ascension_level":20}