{"gold_per_floor":[112,123,48,65,80,93,93,20,67,67,83,83,3,14,14,111,111,130,141,158,170,13,13,26,26,26,26,40,60,60,60,60,155,205,224,224,99,118,118,153,153,172,172,172,190,190,190,190,190,190],"floor_reached":51,"playtime":4179,"items_purged":["Strike_G"],"score":746,"play_id":"a8aaca56-8975-4ce8-96fb-0b335c02abb3","local_time":"20181021122730","is_ascension_mode":false,"campfire_choices":[{"data":"Neutralize","floor":7.0,"key":"SMITH"},{"data":"Grand Finale","floor":10.0,"key":"SMITH"},{"data":"Footwork","floor":15.0,"key":"SMITH"},{"data":"Acrobatics","floor":23.0,"key":"SMITH"},{"data":"Expertise","floor":25.0,"key":"SMITH"},{"data":"Footwork","floor":27.0,"key":"SMITH"},{"data":"Grand Finale","floor":30.0,"key":"SMITH"},{"data":"Malaise","floor":32.0,"key":"SMITH"},{"floor":41,"key":"REST"},{"floor":46,"key":"REST"},{"data":"Well Laid Plans","floor":49,"key":"SMITH"}],"neow_cost":"NONE","seed_source_timestamp":11571388453255,"circlet_count":0,"master_deck":["Defend_G","Defend_G","Defend_G","Defend_G","Defend_G","Strike_G+1","Strike_G+1","Strike_G","Survivor","Neutralize+1","Tools of the Trade","Backflip","Grand Finale+1","Dagger Throw","Malaise+1","Footwork+1","Acrobatics+1","Escape Plan+1","Expertise+1","Footwork+1","Grand Finale+1","Escape Plan","Prepared+1","Acrobatics","Leg Sweep","Wraith Form v2","Well Laid Plans+1"],"special_seed":0,"relics":["Ring of the Serpent","Art of War","Pen Nib","Boot","Tiny House","WarpedTongs","Letter Opener","Sundial","Whetstone"],"potions_floor_usage":[40,40,40,45,50],"damage_taken":[{"damage":0.0,"enemies":"2 Louse","floor":1.0,"turns":3.0},{"damage":0.0,"enemies":"Small Slimes","floor":2.0,"turns":5.0},{"damage":0.0,"enemies":"Jaw Worm","floor":4.0,"turns":6.0},{"damage":0.0,"enemies":"Lots of Slimes","floor":5.0,"turns":2.0},{"damage":9.0,"enemies":"Blue Slaver","floor":6.0,"turns":6.0},{"damage":0.0,"enemies":"Exordium Wildlife","floor":11.0,"turns":3.0},{"damage":0.0,"enemies":"Exordium Thugs","floor":14.0,"turns":4.0},{"damage":0.0,"enemies":"The Guardian","floor":16.0,"turns":9.0},{"damage":0.0,"enemies":"3 Byrds","floor":18.0,"turns":4.0},{"damage":0.0,"enemies":"Shell Parasite","floor":19.0,"turns":4.0},{"damage":0.0,"enemies":"Centurion and Healer","floor":20.0,"turns":7.0},{"damage":0.0,"enemies":"3 Cultists","floor":21.0,"turns":3.0},{"damage":0.0,"enemies":"Sentry and Sphere","floor":24.0,"turns":3.0},{"damage":6.0,"enemies":"Shelled Parasite and Fungi","floor":28.0,"turns":4.0},{"damage":0.0,"enemies":"Centurion and Healer","floor":29.0,"turns":4.0},{"damage":0.0,"enemies":"Automaton","floor":33.0,"turns":4.0},{"damage":11.0,"enemies":"Orb Walker","floor":35.0,"turns":7.0},{"damage":7.0,"enemies":"3 Shapes","floor":38.0,"turns":3.0},{"damage":38,"enemies":"Reptomancer","floor":40,"turns":9},{"damage":12,"enemies":"Maw","floor":42,"turns":16},{"damage":2,"enemies":"4 Shapes","floor":45,"turns":3},{"damage":15,"enemies":"Time Eater","floor":50,"turns":8}],"seed_played":"-3523991946419283967","potions_obtained":[{"floor":1.0,"key":"SteroidPotion"},{"floor":2.0,"key":"FearPotion"},{"floor":4.0,"key":"Explosive Potion"},{"floor":11.0,"key":"SteroidPotion"},{"floor":19.0,"key":"Swift Potion"},{"floor":21.0,"key":"GhostInAJar"},{"floor":35.0,"key":"Strength Potion"},{"floor":40,"key":"GamblersBrew"},{"floor":45,"key":"SpeedPotion"}],"is_trial":false,"path_per_floor":["M","M","$","M","M","M","R","$","T","R","M","?","$","M","R","B",null,"M","M","M","M","$","R","M","R","T","R","M","M","R","$","R","B",null,"M","?","$","M","?","E","R","M","T","T","M","R","?","?","R","B"],"character_chosen":"THE_SILENT","items_purchased":["Grand Finale","Footwork","Expertise","Footwork","Acrobatics","Leg Sweep"],"campfire_rested":2,"item_purchase_floors":[8,13,22,22,37,37],"current_hp_per_floor":[70,70,70,70,70,61,61,61,61,61,61,61,61,61,61,61,70,70,70,70,70,70,70,70,70,70,70,64,64,64,64,64,64,75,64,64,64,57,57,19,41,29,29,29,27,49,49,49,49,34],"gold":190,"neow_bonus":"RANDOM_COMMON_RELIC","is_prod":false,"is_daily":false,"chose_seed":false,"campfire_upgraded":9,"win_rate":0,"timestamp":1540096050,"path_taken":["M","M","$","M","M","M","R","$","T","R","M","?","$","?","R","BOSS","M","M","M","M","?","R","M","R","T","R","M","M","R","$","R","BOSS","M","?","$","M","?","E","R","M","T","?","M","R","?","?","R","BOSS"],"build_version":"2018-10-18","purchased_purges":1,"victory":true,"max_hp_per_floor":[70,70,70,70,70,70,70,70,70,70,70,70,70,70,70,70,70,70,70,70,70,70,70,70,70,70,70,70,70,70,70,70,70,75,75,75,75,75,75,75,75,75,75,75,75,75,75,75,75,75],"card_choices":[{"not_picked":["Quick Slash","Terror","Expertise"],"picked":"SKIP","floor":1.0},{"not_picked":["Endless Agony","Prepared","Flying Knee"],"picked":"SKIP","floor":2.0},{"not_picked":["Prepared","Underhanded Strike","Reflex"],"picked":"SKIP","floor":4.0},{"not_picked":["Infinite Blades","Skewer"],"picked":"Tools of the Trade","floor":5.0},{"not_picked":["Quick Slash","Predator"],"picked":"Backflip","floor":6.0},{"not_picked":["Sucker Punch","Choke"],"picked":"Dagger Throw","floor":11.0},{"not_picked":["A Thousand Cuts","Accuracy","Sucker Punch"],"picked":"SKIP","floor":14.0},{"not_picked":["All Out Attack","Backstab"],"picked":"Acrobatics","floor":18.0},{"not_picked":["Tactician","Blade Dance","Dagger Spray+1"],"picked":"SKIP","floor":19.0},{"not_picked":["Caltrops","Heel Hook","Underhanded Strike"],"picked":"SKIP","floor":20.0},{"not_picked":["Deflect+1","Outmaneuver"],"picked":"Escape Plan","floor":21.0},{"not_picked":["Bouncing Flask","Caltrops+1","Dagger Spray+1"],"picked":"SKIP","floor":24.0},{"not_picked":["Masterful Stab+1","Finisher"],"picked":"Grand Finale","floor":28.0},{"not_picked":["Eviscerate","Dagger Spray+1"],"picked":"Escape Plan","floor":29.0},{"not_picked":["Wraith Form v2","Night Terror"],"picked":"Phantasmal Killer","floor":33.0},{"not_picked":["Noxious Fumes+1","Bane+1"],"picked":"Prepared+1","floor":35.0},{"not_picked":["Slice+1","Eviscerate+1","Poisoned Stab"],"picked":"SKIP","floor":38.0},{"not_picked":["Cloak And Dagger","Slice+1"],"picked":"Wraith Form v2","floor":40},{"not_picked":["Underhanded Strike+1","Poisoned Stab+1","Caltrops+1"],"picked":"SKIP","floor":42},{"not_picked":["Infinite Blades+1","Cloak And Dagger+1"],"picked":"Well Laid Plans","floor":45}],"player_experience":444187,"relics_obtained":[{"floor":9.0,"key":"Pen Nib"},{"floor":26.0,"key":"Boot"},{"floor":40,"key":"Letter Opener"},{"floor":43,"key":"Sundial"},{"floor":44,"key":"Whetstone"}],"event_choices":[{"damage_healed":0.0,"max_hp_gain":0.0,"max_hp_loss":0.0,"gold_gain":0.0,"cards_transformed":["Strike_G"],"event_name":"Living Wall","player_choice":"Change","floor":12.0,"gold_loss":0.0,"damage_taken":0.0,"cards_obtained":["Malaise"]},{"damage_healed":0.0,"max_hp_gain":0.0,"max_hp_loss":0.0,"gold_gain":0.0,"event_name":"Tomb of Lord Red Mask","player_choice":"Ignored","floor":36.0,"gold_loss":0.0,"damage_taken":0.0},{"damage_healed":0.0,"max_hp_gain":0.0,"max_hp_loss":0.0,"gold_gain":0.0,"event_name":"Accursed Blacksmith","player_choice":"Rummage","floor":39.0,"gold_loss":0.0,"damage_taken":0.0,"relics_obtained":["WarpedTongs"],"cards_obtained":["Pain"]},{"cards_removed":["Phantasmal Killer"],"damage_healed":0,"gold_gain":0,"player_choice":"Removed Skill","damage_taken":0,"max_hp_gain":0,"max_hp_loss":0,"event_name":"Falling","floor":47,"gold_loss":0},{"cards_removed":["Pain"],"damage_healed":0,"gold_gain":0,"player_choice":"Purged","damage_taken":0,"max_hp_gain":0,"max_hp_loss":0,"event_name":"Purifier","floor":48,"gold_loss":0}],"is_beta":false,"boss_relics":[{"not_picked":["Ectoplasm","Busted Crown"],"picked":"Ring of the Serpent"},{"not_picked":["White Beast Statue","Black Star"],"picked":"Tiny House"}],"items_purged_floors":[3],"is_endless":false,"potions_floor_spawned":[1,2,4,11,19,21,24,28,35,40,45],"ascension_level":0}