{"gold_per_floor":[116,136,61,80,90,90,121,121,148,148,178,178,35,35,35,35],"floor_reached":16,"playtime":269,"items_purged":["Strike_G","Strike_G"],"score":196,"play_id":"07443224-66a2-4d47-ac43-9b648a2b415a","local_time":"20190128212724","is_ascension_mode":true,"campfire_choices":[{"data":"Masterful Stab","floor":6.0,"key":"SMITH"},{"data":"Neutralize","floor":8.0,"key":"SMITH"},{"data":"Leg Sweep","floor":10.0,"key":"SMITH"},{"data":"Survivor","floor":12.0,"key":"SMITH"},{"data":"Footwork","floor":15,"key":"SMITH"}],"neow_cost":"NONE","seed_source_timestamp":41266895569662,"circlet_count":0,"master_deck":["AscendersBane","Defend_G","Defend_G","Defend_G","Defend_G","Defend_G","Strike_G","Strike_G","Survivor+1","Neutralize+1","Leg Sweep+1","All Out Attack","Masterful Stab+1","Footwork+1"],"special_seed":0,"relics":["Ring of the Snake","NeowsBlessing","Lantern","Centennial Puzzle","Tiny Chest"],"potions_floor_usage":[],"damage_taken":[{"damage":0.0,"enemies":"Small Slimes","floor":1.0,"turns":1.0},{"damage":0.0,"enemies":"Jaw Worm","floor":2.0,"turns":1.0},{"damage":0.0,"enemies":"Cultist","floor":4.0,"turns":1.0},{"damage":0.0,"enemies":"3 Louse","floor":5.0,"turns":3.0},{"damage":6.0,"enemies":"Gremlin Nob","floor":7.0,"turns":3.0},{"damage":12,"enemies":"The Guardian","floor":16,"turns":3}],"seed_played":"-7373875086227513283","potions_obtained":[{"floor":1.0,"key":"FearPotion"},{"floor":7.0,"key":"GamblersBrew"}],"is_trial":false,"path_per_floor":["M","M","$","M","M","R","E","R","T","R","?","R","$","?","R","B"],"character_chosen":"THE_SILENT","items_purchased":["Footwork"],"campfire_rested":0,"item_purchase_floors":[13],"current_hp_per_floor":[59,59,59,59,59,59,53,53,53,53,27,27,27,27,27,15],"gold":35,"neow_bonus":"THREE_ENEMY_KILL","is_prod":false,"is_daily":false,"chose_seed":false,"campfire_upgraded":5,"win_rate":0,"timestamp":1548682044,"path_taken":["M","M","$","M","M","R","E","R","T","R","?","R","$","?","R","BOSS"],"build_version":"2019-01-23","purchased_purges":2,"victory":false,"max_hp_per_floor":[66,66,66,66,66,66,66,66,66,66,66,66,66,66,66,66],"card_choices":[{"not_picked":["Riddle With Holes","Dash"],"picked":"Leg Sweep","floor":1.0},{"not_picked":["Blade Dance","PiercingWail","Dagger Throw"],"picked":"SKIP","floor":2.0},{"not_picked":["Prepared","Dagger Spray"],"picked":"All Out Attack","floor":4.0},{"not_picked":["Bane","Blade Dance"],"picked":"Masterful Stab","floor":5.0},{"not_picked":["Dagger Throw","Phantasmal Killer","Skewer"],"picked":"SKIP","floor":7.0}],"player_experience":2359083,"relics_obtained":[{"floor":7.0,"key":"Lantern"},{"floor":9.0,"key":"Centennial Puzzle"}],"event_choices":[{"damage_healed":0.0,"max_hp_gain":0.0,"max_hp_loss":0.0,"gold_gain":0.0,"event_name":"Scrap Ooze","player_choice":"Success","floor":11.0,"gold_loss":0.0,"damage_taken":26.0,"relics_obtained":["Tiny Chest"]},{"cards_removed":["Strike_G"],"damage_healed":0,"gold_gain":0,"player_choice":"Forget","damage_taken":0,"max_hp_gain":0,"max_hp_loss":0,"event_name":"Living Wall","floor":14,"gold_loss":0}],"is_beta":false,"boss_relics":[],"items_purged_floors":[3,13],"is_endless":false,"potions_floor_spawned":[1,7],"killed_by":"The Guardian","ascension_level":20}