{"gold_per_floor":[112,112,62,75,95,95,170,200,224,224,256,256,270,270],"floor_reached":14,"playtime":333,"items_purged":[],"score":147,"play_id":"613609f9-4664-4286-abba-6a5b802f1017","local_time":"20181008221939","is_ascension_mode":true,"campfire_choices":[{"data":"Zap","floor":6,"key":"SMITH"},{"floor":10,"key":"REST"}],"neow_cost":"NONE","seed_source_timestamp":549193771409421,"circlet_count":0,"master_deck":["Strike_B","Strike_B","Strike_B","Defend_B","Defend_B","Defend_B","Defend_B","Zap+1","Dualcast","AscendersBane","Redo","Multi-Cast","Ball Lightning","Self Repair","Capacitor"],"relics":["White Beast Statue","Smiling Mask","Du-Vu Doll","Juzu Bracelet","Pear","CultistMask"],"potions_floor_usage":[8,8,11,14],"damage_taken":[{"damage":0,"enemies":"Cultist","floor":1,"turns":4},{"damage":0,"enemies":"2 Louse","floor":4,"turns":3},{"damage":19,"enemies":"Small Slimes","floor":5,"turns":4},{"damage":22,"enemies":"Lagavulin","floor":8,"turns":7},{"damage":25,"enemies":"3 Sentries","floor":11,"turns":5},{"damage":17,"enemies":"Exordium Thugs","floor":13,"turns":4},{"damage":13,"enemies":"Exordium Wildlife","floor":14,"turns":1}],"seed_played":"6509986253061405541","potions_obtained":[{"floor":1,"key":"Poison Potion"},{"floor":4,"key":"Weak Potion"},{"floor":5,"key":"FocusPotion"},{"floor":8,"key":"AttackPotion"},{"floor":11,"key":"Ancient Potion"},{"floor":13,"key":"GamblersBrew"}],"is_trial":false,"path_per_floor":["M","?","?","M","M","R","?","E","T","R","E","?","M"],"character_chosen":"DEFECT","items_purchased":[],"campfire_rested":1,"item_purchase_floors":[],"current_hp_per_floor":[68,65,65,65,46,46,35,13,13,35,20,20,10,0],"gold":270,"neow_bonus":"BOSS_RELIC","is_prod":false,"is_daily":false,"chose_seed":false,"campfire_upgraded":1,"win_rate":0,"timestamp":1539008379,"path_taken":["M","?","?","M","?","R","?","E","T","R","E","?","M","M"],"build_version":"2018-10-04v2","purchased_purges":0,"victory":false,"max_hp_per_floor":[75,75,75,75,75,75,75,75,75,75,85,85,85,85],"card_choices":[{"not_picked":["Reinforced Body","Heatsinks"],"picked":"Redo","floor":1},{"not_picked":["Rip and Tear","Beam Cell","Stack"],"picked":"SKIP","floor":4},{"not_picked":["Conserve Battery","Hologram"],"picked":"Multi-Cast","floor":5},{"not_picked":["Heatsinks","Turbo"],"picked":"Ball Lightning","floor":8},{"not_picked":["Steam","FTL"],"picked":"Self Repair","floor":11},{"not_picked":["Undo","Biased Cognition"],"picked":"Capacitor","floor":13}],"player_experience":242868,"relics_obtained":[{"floor":8,"key":"Du-Vu Doll"},{"floor":9,"key":"Juzu Bracelet"},{"floor":11,"key":"Pear"}],"event_choices":[{"event_name":"Scrap Ooze","player_choice":"success","floor":2,"damage_taken":3},{"event_name":"The Cleric","player_choice":"Card Removal","floor":3,"damage_taken":0},{"event_name":"World of Goop","player_choice":"Gather Gold","floor":7,"damage_taken":0},{"event_name":"FaceTrader","player_choice":"Trade","floor":12,"damage_taken":0}],"is_beta":false,"boss_relics":[],"items_purged_floors":[],"is_endless":false,"potions_floor_spawned":[1,4,5,8,11,13],"killed_by":"Exordium Wildlife","ascension_level":10}