{"gold_per_floor":[113,113,38,38,112,112,167,167,167,167,203,85,85,101,101,196,196,210],"floor_reached":18,"playtime":324,"items_purged":["Strike_B"],"score":432,"play_id":"3ec876b1-fc49-4062-b8c2-40ebab4c6179","local_time":"20190109201515","is_ascension_mode":true,"campfire_choices":[{"data":"Dualcast","floor":6,"key":"SMITH"},{"data":"Darkness","floor":10,"key":"SMITH"},{"data":"Capacitor","floor":13,"key":"SMITH"},{"data":"Defragment","floor":15,"key":"SMITH"}],"neow_cost":"NONE","seed_source_timestamp":29469864226036,"circlet_count":0,"master_deck":["AscendersBane","Strike_B","Strike_B","Defend_B","Defend_B","Defend_B","Defend_B","Zap+1","Dualcast+1","Streamline+1","Darkness+1","Capacitor+1","Defragment+1","Biased Cognition"],"relics":["Cracked Core","NeowsBlessing","Shuriken","Tiny Chest","Golden Idol","Gremlin Horn","Emotion Chip","Philosopher\u0027s Stone"],"potions_floor_usage":[],"damage_taken":[{"damage":0,"enemies":"2 Louse","floor":1,"turns":1},{"damage":0,"enemies":"3 Sentries","floor":7,"turns":1},{"damage":0,"enemies":"Lagavulin","floor":11,"turns":1},{"damage":0,"enemies":"Small Slimes","floor":14,"turns":2},{"damage":33,"enemies":"Slime Boss","floor":16,"turns":8},{"damage":23,"enemies":"Spheric Guardian","floor":18,"turns":4}],"seed_played":"6206164979181607483","potions_obtained":[{"floor":7,"key":"SteroidPotion"}],"is_trial":false,"path_per_floor":["M","?","?","$","T","R","E","?","T","R","E","$","R","M","R","B",null,"M"],"character_chosen":"DEFECT","items_purchased":["Capacitor"],"campfire_rested":0,"item_purchase_floors":[12],"current_hp_per_floor":[64,43,43,43,43,43,43,43,43,43,43,43,43,43,43,10,51,28],"gold":210,"neow_bonus":"THREE_ENEMY_KILL","is_prod":false,"is_daily":false,"chose_seed":false,"campfire_upgraded":4,"win_rate":0,"timestamp":1547036115,"path_taken":["M","?","?","?","?","R","E","?","T","R","E","?","R","M","R","BOSS","M"],"build_version":"2019-01-03v4","purchased_purges":1,"victory":false,"max_hp_per_floor":[71,71,71,71,71,71,71,64,64,64,64,64,64,64,64,64,64,64],"card_choices":[{"not_picked":["Ball Lightning","Loop"],"picked":"Streamline","floor":1},{"not_picked":["Rebound","Cold Snap"],"picked":"Darkness","floor":7},{"not_picked":["Lockon","Scrape","Streamline"],"picked":"SKIP","floor":11},{"not_picked":["Melter","Leap"],"picked":"Defragment","floor":14},{"not_picked":["Creative AI","Machine Learning"],"picked":"Biased Cognition","floor":16}],"player_experience":1889843,"relics_obtained":[{"floor":5,"key":"Shuriken"},{"floor":7,"key":"Tiny Chest"},{"floor":9,"key":"Gremlin Horn"},{"floor":11,"key":"Emotion Chip"}],"event_choices":[{"damage_healed":0,"gold_gain":0,"player_choice":"Entered Light","damage_taken":21,"max_hp_gain":0,"max_hp_loss":0,"event_name":"Shining Light","floor":2,"gold_loss":0,"cards_upgraded":["Zap","Streamline"]},{"cards_removed":["Strike_B"],"damage_healed":0,"gold_gain":0,"player_choice":"Card Removal","damage_taken":0,"max_hp_gain":0,"max_hp_loss":0,"event_name":"The Cleric","floor":3,"gold_loss":75},{"damage_healed":0,"gold_gain":0,"player_choice":"Lose Max HP","damage_taken":0,"relics_obtained":["Golden Idol"],"max_hp_gain":0,"max_hp_loss":7,"event_name":"Golden Idol","floor":8,"gold_loss":0}],"is_beta":false,"boss_relics":[{"not_picked":["Tiny House","Cursed Key"],"picked":"Philosopher\u0027s Stone"}],"items_purged_floors":[12],"is_endless":false,"potions_floor_spawned":[7],"killed_by":"Spheric Guardian","ascension_level":20}