{"gold_per_floor":[15,35,51,51,66,66,92,92,172,172,26,26,26,26,26,130,130,141,41,41,41,41,41,41,41,41,41,41,41,60,76,76,180,180,200,211,228,228,294,294,344,344,344,344,494,512,577,2,2,2],"floor_reached":51,"playtime":4189,"items_purged":["Strike_R","Strike_R","Defend_R"],"score":666,"play_id":"517dba5c-a17d-4002-b92d-67f0297bed0e","local_time":"20190621152929","is_ascension_mode":false,"campfire_choices":[{"data":"Armaments","floor":6.0,"key":"SMITH"},{"data":"Berserk","floor":8.0,"key":"SMITH"},{"data":"Flame Barrier","floor":10.0,"key":"SMITH"},{"data":"Body Slam","floor":15.0,"key":"SMITH"},{"data":"Dark Embrace","floor":23.0,"key":"SMITH"},{"data":"Shrug It Off","floor":27.0,"key":"SMITH"},{"data":"Sentinel","floor":29.0,"key":"SMITH"},{"data":"Ghostly Armor","floor":32.0,"key":"SMITH"},{"data":"True Grit","floor":40,"key":"SMITH"},{"data":"Shrug It Off","floor":42,"key":"SMITH"},{"data":"Exhume","floor":44,"key":"SMITH"},{"data":"Battle Trance","floor":49,"key":"SMITH"}],"neow_cost":"NO_GOLD","seed_source_timestamp":9092479648822,"circlet_count":0,"master_deck":["Defend_R+1","Defend_R","Bash+1","Exhume+1","Flame Barrier+1","Ghostly Armor+1","Sentinel+1","Armaments+1","Berserk+1","Body Slam+1","Shrug It Off+1","Dark Embrace+1","Power Through+1","Impervious+1","Shrug It Off+1","Disarm+1","True Grit+1","Shockwave+1","Parasite","Battle Trance+1"],"special_seed":0,"relics":["Burning Blood","Turnip","Mummified Hand","Philosopher\u0027s Stone","Matryoshka","Sozu","SsserpentHead","Mercury Hourglass","Gremlin Horn","War Paint","Anchor","Sling"],"potions_floor_usage":[],"damage_taken":[{"damage":0.0,"enemies":"2 Louse","floor":1.0,"turns":3.0},{"damage":0.0,"enemies":"Cultist","floor":2.0,"turns":5.0},{"damage":6.0,"enemies":"Jaw Worm","floor":3.0,"turns":6.0},{"damage":5.0,"enemies":"Looter","floor":5.0,"turns":5.0},{"damage":19.0,"enemies":"Gremlin Nob","floor":7.0,"turns":5.0},{"damage":37.0,"enemies":"The Guardian","floor":16.0,"turns":11.0},{"damage":2.0,"enemies":"Shell Parasite","floor":18.0,"turns":6.0},{"damage":18.0,"enemies":"Colosseum Slavers","floor":20.0,"turns":6.0},{"damage":0.0,"enemies":"2 Thieves","floor":30.0,"turns":5.0},{"damage":0.0,"enemies":"Centurion and Healer","floor":31.0,"turns":5.0},{"damage":44.0,"enemies":"Champ","floor":33.0,"turns":17.0},{"damage":0.0,"enemies":"3 Shapes","floor":35.0,"turns":5.0},{"damage":30,"enemies":"Orb Walker","floor":36,"turns":7},{"damage":12,"enemies":"4 Shapes","floor":37,"turns":7},{"damage":0,"enemies":"3 Darklings","floor":39,"turns":7},{"damage":27,"enemies":"Transient","floor":46,"turns":5},{"damage":0,"enemies":"Writhing Mass","floor":47,"turns":5},{"damage":0,"enemies":"Awakened One","floor":50,"turns":16}],"seed_played":"-6219045102121379691","potions_obtained":[{"floor":2.0,"key":"Poison Potion"},{"floor":5.0,"key":"Swift Potion"},{"floor":16.0,"key":"GamblersBrew"},{"floor":18.0,"key":"Dexterity Potion"},{"floor":30.0,"key":"FearPotion"}],"is_trial":false,"path_per_floor":["M","M","M","?","M","R","E","R","T","R","$","?","$","?","R","B",null,"M","$","?","$","?","R","$","?","T","R","?","R","M","M","R","B",null,"M","M","M","?","M","R","?","R","T","R","?","M","M","$","R","B",null],"character_chosen":"IRONCLAD","items_purchased":["Body Slam","Shrug It Off","War Paint","Anchor","Sling"],"campfire_rested":0,"item_purchase_floors":[11,11,48,48,48],"current_hp_per_floor":[80,80,80,80,80,80,67,67,67,67,67,67,67,60,60,29,80,80,80,68,68,68,68,68,68,68,68,68,68,74,80,80,42,80,80,56,50,50,56,56,56,56,56,56,56,35,41,41,41,47],"gold":2,"neow_bonus":"TRANSFORM_TWO_CARDS","is_prod":false,"is_daily":false,"chose_seed":false,"campfire_upgraded":12,"win_rate":0,"timestamp":1561102169,"path_taken":["M","M","M","?","M","R","E","R","T","R","?","?","$","?","R","BOSS","M","$","?","$","?","R","$","?","T","R","?","R","M","M","R","BOSS","M","M","M","?","?","R","?","R","T","R","?","M","?","?","R","BOSS"],"build_version":"2019-01-23","purchased_purges":3,"victory":true,"max_hp_per_floor":[80,80,80,80,80,80,80,80,80,80,80,80,80,80,80,80,80,80,80,80,80,80,80,80,80,80,80,80,80,80,80,80,80,80,80,80,80,80,80,80,80,80,80,80,80,80,80,80,80,80],"card_choices":[{"not_picked":["Thunderclap","Pummel"],"picked":"Ghostly Armor","floor":1.0},{"not_picked":["Perfected Strike","Clothesline","Anger"],"picked":"SKIP","floor":2.0},{"not_picked":["Clothesline","Sever Soul"],"picked":"Sentinel","floor":3.0},{"not_picked":["Sword Boomerang","Perfected Strike"],"picked":"Armaments","floor":5.0},{"not_picked":["Pommel Strike","Iron Wave"],"picked":"Berserk","floor":7.0},{"not_picked":["Demon Form","Exhume"],"picked":"Dark Embrace","floor":16.0},{"not_picked":["Thunderclap","Flex","Twin Strike+1"],"picked":"SKIP","floor":18.0},{"not_picked":["Corruption","Thunderclap","Pummel"],"picked":"SKIP","floor":30.0},{"not_picked":["Headbutt","Anger"],"picked":"Power Through+1","floor":31.0},{"not_picked":["Immolate","Juggernaut"],"picked":"Impervious","floor":33.0},{"not_picked":["Headbutt","Flex+1"],"picked":"Shrug It Off","floor":35.0},{"not_picked":["Flex","Twin Strike","Ghostly Armor"],"picked":"SKIP","floor":36},{"not_picked":["Berserk","Iron Wave+1"],"picked":"Disarm+1","floor":37},{"not_picked":["Corruption","Warcry+1"],"picked":"True Grit","floor":39},{"not_picked":["Hemokinesis","Perfected Strike+1"],"picked":"Shockwave+1","floor":46},{"not_picked":["Wild Strike+1","Shockwave"],"picked":"Battle Trance","floor":47}],"player_experience":5502391,"relics_obtained":[{"floor":7.0,"key":"Turnip"},{"floor":9.0,"key":"Mummified Hand"},{"floor":26.0,"key":"Matryoshka"},{"floor":43,"key":"Mercury Hourglass"},{"floor":43,"key":"Gremlin Horn"}],"event_choices":[{"damage_healed":0.0,"max_hp_gain":0.0,"max_hp_loss":0.0,"gold_gain":0.0,"event_name":"Upgrade Shrine","player_choice":"Upgraded","floor":4.0,"gold_loss":0.0,"damage_taken":0.0,"cards_upgraded":["Bash"]},{"damage_healed":0.0,"max_hp_gain":0.0,"max_hp_loss":0.0,"gold_gain":0.0,"event_name":"The Cleric","player_choice":"Leave","floor":12.0,"gold_loss":0.0,"damage_taken":0.0},{"cards_removed":["Strike_R"],"damage_healed":0.0,"max_hp_gain":0.0,"max_hp_loss":0.0,"gold_gain":0.0,"event_name":"Golden Wing","player_choice":"Card Removal","floor":14.0,"gold_loss":0.0,"damage_taken":7.0},{"damage_healed":0.0,"max_hp_gain":0.0,"max_hp_loss":0.0,"gold_gain":0.0,"event_name":"Colosseum","player_choice":"Fight","floor":20.0,"gold_loss":0.0,"damage_taken":0.0},{"damage_healed":0.0,"max_hp_gain":0.0,"max_hp_loss":0.0,"gold_gain":0.0,"event_name":"Colosseum","player_choice":"Fled From Nobs","floor":20.0,"gold_loss":0.0,"damage_taken":0.0},{"damage_healed":0.0,"max_hp_gain":0.0,"max_hp_loss":0.0,"gold_gain":0.0,"event_name":"Beggar","player_choice":"Ignored","floor":22.0,"gold_loss":0.0,"damage_taken":0.0},{"cards_removed":["Defend_R"],"damage_healed":0.0,"max_hp_gain":0.0,"max_hp_loss":0.0,"gold_gain":0.0,"event_name":"Back to Basics","player_choice":"Elegance","floor":25.0,"gold_loss":0.0,"damage_taken":0.0},{"damage_healed":0.0,"max_hp_gain":0.0,"max_hp_loss":0.0,"gold_gain":0.0,"event_name":"The Mausoleum","player_choice":"Ignored","floor":28.0,"gold_loss":0.0,"damage_taken":0.0},{"damage_healed":0,"gold_gain":0,"player_choice":"Trade","damage_taken":0,"relics_obtained":["SsserpentHead"],"max_hp_gain":0,"max_hp_loss":0,"event_name":"FaceTrader","floor":38,"gold_loss":0},{"damage_healed":0,"gold_gain":0,"player_choice":"Ignored","damage_taken":0,"max_hp_gain":0,"max_hp_loss":0,"event_name":"Tomb of Lord Red Mask","floor":41,"gold_loss":0},{"damage_healed":0,"gold_gain":100,"player_choice":"Pray","damage_taken":0,"max_hp_gain":0,"max_hp_loss":0,"event_name":"Golden Shrine","floor":45,"gold_loss":0}],"is_beta":false,"boss_relics":[{"not_picked":["Tiny House","Mark of Pain"],"picked":"Philosopher\u0027s Stone"},{"not_picked":["Lizard Tail","Black Blood"],"picked":"Sozu"}],"items_purged_floors":[11,19,48],"is_endless":false,"potions_floor_spawned":[2,5,16,18,30,37,46,47],"ascension_level":0}