{"path_per_floor":["M","?","?","T","M","R","E","$","T","M","M","E","M","M","R","B",null,"M","?","M","$","M"],"character_chosen":"THE_SILENT","items_purchased":["Prepared","Meat on the Bone"],"gold_per_floor":[113,288,238,264,280,280,307,180,203,213,232,264,275,289,289,391,391,406,406,388,45,65,65],"floor_reached":23,"campfire_rested":0,"playtime":882,"item_purchase_floors":[8,21],"current_hp_per_floor":[63,63,63,63,65,65,65,65,65,67,67,51,51,53,53,23,63,56,42,44,44,43,0],"items_purged":["Strike_G","Strike_G"],"gold":65,"score":331,"play_id":"6512f2b8-a1f2-473f-9d67-577443110d51","local_time":"20180611224702","is_prod":false,"is_daily":false,"chose_seed":false,"is_ascension_mode":true,"campfire_upgraded":2,"win_rate":0,"timestamp":1528728422,"campfire_choices":[{"data":"Neutralize","floor":6,"key":"SMITH"},{"data":"Prepared","floor":15,"key":"SMITH"}],"path_taken":["M","?","?","?","M","R","E","$","T","M","M","E","M","?","R","BOSS","M","?","M","$","?","E"],"build_version":"2018-06-08","seed_source_timestamp":50878667525656,"purchased_purges":2,"victory":false,"master_deck":["Defend_G","Defend_G","Defend_G","Defend_G","Defend_G","Strike_G","Strike_G","Strike_G","Survivor","Neutralize+1","Sucker Punch","Heel Hook","Prepared+1","Escape Plan","Infinite Blades","Finisher","Night Terror","Trip"],"max_hp_per_floor":[70,70,70,70,72,72,72,72,72,74,74,74,74,76,76,76,76,78,78,80,80,82,82],"relics":["Ring of the Snake","NeowsBlessing","Singing Bowl","Letter Opener","Lantern","Potion Belt","Runic Pyramid","Meat on the Bone"],"card_choices":[{"not_picked":["Cloak And Dagger","Skewer"],"picked":"Sucker Punch","floor":1},{"not_picked":["Accuracy","Flechettes","Underhanded Strike"],"picked":"Singing Bowl","floor":5},{"not_picked":["Sucker Punch","Cloak And Dagger"],"picked":"Heel Hook","floor":7},{"not_picked":["Flying Knee","Dagger Spray","Prepared"],"picked":"Singing Bowl","floor":10},{"not_picked":["Cloak And Dagger","Dagger Spray"],"picked":"Escape Plan","floor":11},{"not_picked":["Slice","Dodge and Roll"],"picked":"Infinite Blades","floor":12},{"not_picked":["Sucker Punch","Skewer"],"picked":"Finisher","floor":13},{"not_picked":["Prepared","Dodge and Roll","Dash"],"picked":"Singing Bowl","floor":14},{"not_picked":["Doppelganger","Bullet Time"],"picked":"Night Terror","floor":16},{"not_picked":["Dodge and Roll+1","Flying Knee","Dagger Spray"],"picked":"Singing Bowl","floor":18},{"not_picked":["Accuracy","Malaise+1","Blur"],"picked":"Singing Bowl","floor":20},{"not_picked":["Sucker Punch+1","Flechettes","Deflect+1"],"picked":"Singing Bowl","floor":22}],"player_experience":572515,"potions_floor_usage":[12,12,16,23,23],"damage_taken":[{"damage":0,"enemies":"Small Slimes","floor":1,"turns":1},{"damage":0,"enemies":"2 Louse","floor":5,"turns":1},{"damage":0,"enemies":"Gremlin Nob","floor":7,"turns":1},{"damage":0,"enemies":"Jaw Worm","floor":10,"turns":3},{"damage":0,"enemies":"Gremlin Gang","floor":11,"turns":7},{"damage":16,"enemies":"Lagavulin","floor":12,"turns":9},{"damage":0,"enemies":"Red Slaver","floor":13,"turns":4},{"damage":0,"enemies":"Exordium Thugs","floor":14,"turns":4},{"damage":30,"enemies":"Hexaghost","floor":16,"turns":11},{"damage":9,"enemies":"Shell Parasite","floor":18,"turns":4},{"damage":0,"enemies":"2 Thieves","floor":20,"turns":4},{"damage":15,"enemies":"Chosen and Byrds","floor":22,"turns":5},{"damage":43,"enemies":"Gremlin Leader","floor":23,"turns":5}],"relics_obtained":[{"floor":4,"key":"Singing Bowl"},{"floor":7,"key":"Letter Opener"},{"floor":9,"key":"Lantern"},{"floor":12,"key":"Potion Belt"}],"event_choices":[{"event_name":"Liars Game","player_choice":"agreed","floor":2,"damage_taken":0},{"event_name":"The Cleric","player_choice":"Card Removal","floor":3,"damage_taken":0},{"event_name":"Knowing Skull","player_choice":"CARD ","floor":19,"damage_taken":0}],"boss_relics":[{"not_picked":["Calling Bell","Eternal Feather"],"picked":"Runic Pyramid"}],"items_purged_floors":[8,21],"potions_floor_spawned":[5,10,11,14,18,22],"seed_played":"7247031290442616016","killed_by":"Gremlin Leader","ascension_level":9,"potions_obtained":[{"floor":5,"key":"Swift Potion"},{"floor":10,"key":"SkillPotion"},{"floor":11,"key":"Weak Potion"},{"floor":14,"key":"Dexterity Potion"},{"floor":18,"key":"Explosive Potion"},{"floor":22,"key":"Ancient Potion"}],"is_trial":false}