{"gold_per_floor":[110,110,120,140,157,157,192,192,192,209,222,256,4,4,4,4],"floor_reached":16,"playtime":421,"items_purged":[],"score":224,"play_id":"df2f322e-7047-4b84-a98a-f6604e39226f","local_time":"20190222141243","is_ascension_mode":true,"campfire_choices":[{"data":"Loop","floor":6.0,"key":"SMITH"},{"data":"Zap","floor":8.0,"key":"SMITH"},{"data":"Blizzard","floor":15,"key":"SMITH"}],"neow_cost":"NONE","seed_source_timestamp":411425845478776,"circlet_count":0,"master_deck":["AscendersBane","Strike_B","Strike_B","Strike_B","Strike_B","Defend_B","Defend_B","Defend_B","Defend_B","Zap+1","Dualcast","Reinforced Body","Decay","Melter","Loop+1","Ball Lightning","Glacier","Cold Snap","FTL","Blizzard+1"],"special_seed":0,"relics":["Cracked Core","NeowsBlessing","Singing Bowl","Incense Burner","FossilizedHelix","Membership Card"],"potions_floor_usage":[],"damage_taken":[{"damage":0.0,"enemies":"Jaw Worm","floor":1.0,"turns":1.0},{"damage":0.0,"enemies":"Cultist","floor":3.0,"turns":1.0},{"damage":0.0,"enemies":"Small Slimes","floor":4.0,"turns":1.0},{"damage":10.0,"enemies":"Blue Slaver","floor":5.0,"turns":3.0},{"damage":35.0,"enemies":"3 Sentries","floor":7.0,"turns":7.0},{"damage":6.0,"enemies":"Lots of Slimes","floor":10.0,"turns":5.0},{"damage":0.0,"enemies":"3 Louse","floor":11.0,"turns":3.0},{"damage":11.0,"enemies":"Gremlin Nob","floor":12.0,"turns":3.0},{"damage":6,"enemies":"Hexaghost","floor":16,"turns":9}],"seed_played":"-1409432601668372565","potions_obtained":[{"floor":1.0,"key":"Weak Potion"},{"floor":3.0,"key":"Ancient Potion"},{"floor":10.0,"key":"FearPotion"},{"floor":11.0,"key":"Fire Potion"}],"is_trial":false,"path_per_floor":["M","?","M","M","M","R","E","R","T","M","M","E","$","?","R","B"],"character_chosen":"DEFECT","items_purchased":["Membership Card","Blizzard"],"campfire_rested":0,"item_purchase_floors":[13,13],"current_hp_per_floor":[64,64,64,64,54,54,19,19,19,13,15,4,4,4,4,0],"gold":4,"neow_bonus":"THREE_ENEMY_KILL","is_prod":false,"is_daily":false,"chose_seed":false,"campfire_upgraded":3,"win_rate":0,"timestamp":1550815963,"path_taken":["M","?","M","M","M","R","E","R","T","?","?","E","?","?","R","BOSS"],"build_version":"2019-01-23","purchased_purges":0,"victory":false,"max_hp_per_floor":[71,71,71,71,71,71,71,71,71,71,73,73,73,73,73,73],"card_choices":[{"not_picked":["Redo","Static Discharge"],"picked":"Reinforced Body","floor":1.0},{"not_picked":["Leap","Auto Shields"],"picked":"Melter","floor":3.0},{"not_picked":["Ball Lightning","Barrage"],"picked":"Loop","floor":4.0},{"not_picked":["Stack","Force Field"],"picked":"Ball Lightning","floor":5.0},{"not_picked":["Sweeping Beam","Capacitor"],"picked":"Glacier","floor":7.0},{"not_picked":["Sunder","Leap"],"picked":"Cold Snap","floor":10.0},{"not_picked":["Leap","Sweeping Beam","Tempest"],"picked":"Singing Bowl","floor":11.0},{"not_picked":["Aggregate","Streamline"],"picked":"FTL","floor":12.0}],"player_experience":897730,"relics_obtained":[{"floor":7.0,"key":"Singing Bowl"},{"floor":9.0,"key":"Incense Burner"},{"floor":12.0,"key":"FossilizedHelix"}],"event_choices":[{"damage_healed":0.0,"max_hp_gain":0.0,"max_hp_loss":0.0,"gold_gain":0.0,"event_name":"Wheel of Change","player_choice":"Cursed","floor":2.0,"gold_loss":0.0,"damage_taken":0.0,"cards_obtained":["Decay"]},{"damage_healed":0,"gold_gain":0,"player_choice":"Ignored","damage_taken":0,"max_hp_gain":0,"max_hp_loss":0,"event_name":"Shining Light","floor":14,"gold_loss":0}],"is_beta":false,"boss_relics":[],"items_purged_floors":[],"is_endless":false,"potions_floor_spawned":[1,3,10,11],"killed_by":"Hexaghost","ascension_level":20}