{"gold_per_floor":[111,36,36,56,68,68,102,2,26,40,56,74,109,124,124,124],"floor_reached":16,"playtime":628,"items_purged":["Strike_G","Strike_G"],"score":228,"play_id":"692fe243-aea8-41b2-8bf3-abfd7e2dbc31","local_time":"20190630135804","is_ascension_mode":true,"campfire_choices":[{"data":"Flechettes","floor":6,"key":"SMITH"},{"data":"Deadly Poison","floor":15,"key":"SMITH"}],"neow_cost":"NONE","seed_source_timestamp":1853104446681,"circlet_count":0,"master_deck":["AscendersBane","Defend_G","Defend_G","Defend_G","Defend_G","Defend_G","Strike_G","Strike_G","Survivor","Neutralize","Corpse Explosion","Endless Agony","Flechettes+1","Well Laid Plans","Deadly Poison+1","Acrobatics"],"relics":["Ring of the Snake","Snake Skull","Art of War","Meat on the Bone"],"potions_floor_usage":[7,12,14],"damage_taken":[{"damage":0,"enemies":"2 Louse","floor":1,"turns":2},{"damage":0,"enemies":"Cultist","floor":4,"turns":3},{"damage":4,"enemies":"Jaw Worm","floor":5,"turns":4},{"damage":24,"enemies":"Gremlin Nob","floor":7,"turns":4},{"damage":0,"enemies":"Blue Slaver","floor":10,"turns":4},{"damage":15,"enemies":"3 Louse","floor":11,"turns":4},{"damage":4,"enemies":"Red Slaver","floor":12,"turns":4},{"damage":22,"enemies":"Lagavulin","floor":13,"turns":5},{"damage":1,"enemies":"Exordium Thugs","floor":14,"turns":5},{"damage":23,"enemies":"Slime Boss","floor":16,"turns":5}],"seed_played":"-4461469729852448122","potions_obtained":[{"floor":5,"key":"FearPotion"},{"floor":7,"key":"Regen Potion"},{"floor":10,"key":"Ancient Potion"},{"floor":11,"key":"Dexterity Potion"},{"floor":14,"key":"Energy Potion"}],"is_trial":false,"path_per_floor":["M","$","?","M","M","R","E","$","T","M","M","M","E","M","R","B"],"character_chosen":"THE_SILENT","items_purchased":[],"campfire_rested":0,"item_purchase_floors":[],"current_hp_per_floor":[59,59,59,59,55,55,31,31,31,31,16,26,4,15,15,0],"gold":124,"neow_bonus":"ONE_RANDOM_RARE_CARD","is_prod":false,"is_daily":false,"chose_seed":false,"campfire_upgraded":2,"win_rate":0,"timestamp":1561874284,"path_taken":["M","$","?","M","M","R","E","$","T","M","?","M","E","M","R","BOSS"],"build_version":"2019-01-23","purchased_purges":2,"victory":false,"max_hp_per_floor":[66,66,66,66,66,66,66,66,66,66,66,66,66,66,66,66],"card_choices":[{"not_picked":["Slice","Dodge and Roll","Crippling Poison"],"picked":"SKIP","floor":1},{"not_picked":["Accuracy","Acrobatics","Cloak And Dagger"],"picked":"SKIP","floor":4},{"not_picked":["Bane","Infinite Blades"],"picked":"Flechettes","floor":5},{"not_picked":["Tactician","Dagger Spray"],"picked":"Well Laid Plans","floor":7},{"not_picked":["PiercingWail","Terror","Bane"],"picked":"SKIP","floor":10},{"not_picked":["Flying Knee","Venomology"],"picked":"Deadly Poison","floor":11},{"not_picked":["Outmaneuver","Infinite Blades","Deflect"],"picked":"SKIP","floor":12},{"not_picked":["Well Laid Plans","Reflex","Dash"],"picked":"SKIP","floor":13},{"not_picked":["All Out Attack","Blade Dance"],"picked":"Acrobatics","floor":14}],"player_experience":1495492,"relics_obtained":[{"floor":7,"key":"Snake Skull"},{"floor":9,"key":"Art of War"},{"floor":13,"key":"Meat on the Bone"}],"event_choices":[{"damage_healed":0,"gold_gain":0,"cards_transformed":["Strike_G"],"player_choice":"Transformed","damage_taken":0,"max_hp_gain":0,"max_hp_loss":0,"event_name":"Transmorgrifier","floor":3,"gold_loss":0,"cards_obtained":["Endless Agony"]}],"is_beta":false,"boss_relics":[],"items_purged_floors":[2,8],"is_endless":false,"potions_floor_spawned":[5,7,10,11,14],"killed_by":"Slime Boss","ascension_level":20}