{"gold_per_floor":[116,129,48,48,48,48,86,86,86,86,109,109,129,149,149,277,277,297,74,93,93,112,112,237,237,260,260,295,129,164,185,185,314,314,335,118,141,91,91,122,137,9,77,115,115,155,174,45,45,45],"floor_reached":51,"playtime":1945,"items_purged":["Strike_G","Strike_G","Strike_G","Defend_G","Defend_G"],"score":860,"play_id":"183682f0-aae2-4ed9-bae8-05a5ab4da227","local_time":"20181029200728","is_ascension_mode":true,"campfire_choices":[{"data":"Neutralize","floor":6,"key":"SMITH"},{"data":"Skewer","floor":8,"key":"SMITH"},{"data":"Outmaneuver","floor":10,"key":"SMITH"},{"data":"Doppelganger","floor":12,"key":"SMITH"},{"data":"Survivor","floor":15,"key":"SMITH"},{"data":"Backflip","floor":23,"key":"SMITH"},{"floor":25,"key":"REST"},{"data":"Footwork","floor":32,"key":"SMITH"},{"data":"Well Laid Plans","floor":45,"key":"SMITH"},{"floor":49,"key":"REST"}],"neow_cost":"NONE","seed_source_timestamp":361183332694305,"circlet_count":0,"master_deck":["Defend_G","Defend_G+1","Survivor+1","Neutralize+1","Outmaneuver+1","Skewer+1","Doppelganger+1","Backflip+1","Backstab+1","Acrobatics+1","Well Laid Plans+1","Footwork+1","Adrenaline","Outmaneuver+1","Phantasmal Killer+1","Trip+1","Blur+1"],"relics":["Ring of the Snake","NeowsBlessing","Golden Idol","Mango","Meat on the Bone","Philosopher\u0027s Stone","Juzu Bracelet","StoneCalendar","The Courier","Smiling Mask","PreservedInsect","Centennial Puzzle","Empty Cage","Chemical X","SsserpentHead","Toxic Egg 2","Ornamental Fan","Vajra","War Paint"],"potions_floor_usage":[16,28,28,28,33],"damage_taken":[{"damage":0,"enemies":"Jaw Worm","floor":1,"turns":1},{"damage":0,"enemies":"Small Slimes","floor":2,"turns":1},{"damage":0,"enemies":"Lagavulin","floor":7,"turns":1},{"damage":0,"enemies":"2 Louse","floor":11,"turns":3},{"damage":1,"enemies":"Red Slaver","floor":13,"turns":3},{"damage":0,"enemies":"Large Slime","floor":14,"turns":2},{"damage":22,"enemies":"The Guardian","floor":16,"turns":11},{"damage":0,"enemies":"Spheric Guardian","floor":18,"turns":3},{"damage":0,"enemies":"3 Byrds","floor":20,"turns":5},{"damage":16,"enemies":"Snake Plant","floor":22,"turns":6},{"damage":17,"enemies":"Colosseum Slavers","floor":24,"turns":3},{"damage":30,"enemies":"Colosseum Nobs","floor":24,"turns":5},{"damage":29,"enemies":"Gremlin Leader","floor":28,"turns":9},{"damage":13,"enemies":"Book of Stabbing","floor":30,"turns":5},{"damage":1,"enemies":"Shelled Parasite and Fungi","floor":31,"turns":4},{"damage":36,"enemies":"Champ","floor":33,"turns":17},{"damage":7,"enemies":"3 Darklings","floor":35,"turns":7},{"damage":6,"enemies":"3 Shapes","floor":37,"turns":3},{"damage":2,"enemies":"Nemesis","floor":40,"turns":5},{"damage":0,"enemies":"Transient","floor":41,"turns":5},{"damage":0,"enemies":"Giant Head","floor":44,"turns":3},{"damage":4,"enemies":"Reptomancer","floor":46,"turns":5},{"damage":7,"enemies":"Jaw Worm Horde","floor":47,"turns":4},{"damage":18,"enemies":"Time Eater","floor":50,"turns":4}],"seed_played":"-6992569316516042570","potions_obtained":[{"floor":2,"key":"SkillPotion"},{"floor":13,"key":"GamblersBrew"},{"floor":14,"key":"Poison Potion"},{"floor":24,"key":"Swift Potion"},{"floor":28,"key":"Swift Potion"},{"floor":30,"key":"Weak Potion"},{"floor":33,"key":"Weak Potion"},{"floor":37,"key":"Swift Potion"}],"is_trial":false,"path_per_floor":["M","M","$","?","$","R","E","R","T","R","M","R","M","M","R","B",null,"M","$","M","$","M","R","?","R","T","?","E","$","E","M","R","B",null,"M","$","M","$","?","E","M","$","T","E","R","E","M","$","R","B"],"character_chosen":"THE_SILENT","items_purchased":["Skewer","Juzu Bracelet","Well Laid Plans","Footwork","Chemical X","Phantasmal Killer+1","Trip+1","Blur+1"],"campfire_rested":2,"item_purchase_floors":[3,19,29,29,36,42,48,48],"current_hp_per_floor":[70,70,70,53,53,53,67,67,67,67,67,67,66,66,66,44,84,84,84,84,84,68,68,33,58,58,58,41,41,40,51,51,27,84,77,77,71,71,71,69,69,69,69,69,69,65,58,58,83,65],"gold":45,"neow_bonus":"THREE_ENEMY_KILL","is_prod":false,"is_daily":false,"chose_seed":false,"campfire_upgraded":8,"win_rate":0,"timestamp":1540814848,"path_taken":["M","M","$","?","$","R","E","R","T","R","M","R","?","M","R","BOSS","M","$","M","?","M","R","?","R","T","?","E","$","E","M","R","BOSS","M","?","M","$","?","E","M","$","T","E","R","E","M","?","R","BOSS"],"build_version":"2018-10-25v2","purchased_purges":5,"victory":true,"max_hp_per_floor":[70,70,70,70,70,70,84,84,84,84,84,84,84,84,84,84,84,84,84,84,84,84,84,84,84,84,84,84,84,84,84,84,84,84,84,84,84,84,84,84,84,84,84,84,84,84,84,84,84,84],"card_choices":[{"not_picked":["Cloak And Dagger","Infinite Blades","Sucker Punch"],"picked":"SKIP","floor":1},{"not_picked":["Sucker Punch","Acrobatics"],"picked":"Outmaneuver","floor":2},{"not_picked":["Flechettes","Dodge and Roll","Finisher"],"picked":"SKIP","floor":7},{"not_picked":["Outmaneuver","Infinite Blades"],"picked":"Doppelganger","floor":11},{"not_picked":["Flying Knee","Crippling Poison","Masterful Stab"],"picked":"SKIP","floor":13},{"not_picked":["Underhanded Strike","Slice","Quick Slash"],"picked":"SKIP","floor":14},{"not_picked":["Skewer","Outmaneuver"],"picked":"Backflip","floor":18},{"not_picked":["Calculated Gamble+1","Dagger Throw","Dagger Spray+1"],"picked":"SKIP","floor":20},{"not_picked":["Underhanded Strike","Dagger Throw"],"picked":"Backstab+1","floor":22},{"not_picked":["Catalyst+1","Reflex"],"picked":"Acrobatics","floor":28},{"not_picked":["Blade Dance+1","Underhanded Strike","Backstab"],"picked":"SKIP","floor":30},{"not_picked":["Flying Knee","Dodge and Roll","Distraction+1"],"picked":"SKIP","floor":31},{"not_picked":["After Image","Wraith Form v2"],"picked":"Adrenaline","floor":33},{"not_picked":["Dash","Deflect","Finisher"],"picked":"SKIP","floor":35},{"not_picked":["Dagger Throw+1","Dagger Spray+1","Reflex+1"],"picked":"SKIP","floor":37},{"not_picked":["Glass Knife","Poisoned Stab","Heel Hook+1"],"picked":"SKIP","floor":40},{"not_picked":["Outmaneuver+1","Sucker Punch","Reflex+1"],"picked":"SKIP","floor":41},{"not_picked":["Sucker Punch","Reflex+1"],"picked":"Outmaneuver+1","floor":41},{"not_picked":["Dagger Spray","Calculated Gamble+1","Infinite Blades+1"],"picked":"SKIP","floor":44},{"not_picked":["Caltrops+1","Prepared+1","Tools of the Trade"],"picked":"SKIP","floor":46},{"not_picked":["Eviscerate","Bouncing Flask+1","Backflip+1"],"picked":"SKIP","floor":47}],"player_experience":418117,"relics_obtained":[{"floor":7,"key":"Mango"},{"floor":9,"key":"Meat on the Bone"},{"floor":24,"key":"StoneCalendar"},{"floor":24,"key":"The Courier"},{"floor":26,"key":"Smiling Mask"},{"floor":28,"key":"PreservedInsect"},{"floor":30,"key":"Centennial Puzzle"},{"floor":40,"key":"Toxic Egg 2"},{"floor":43,"key":"Ornamental Fan"},{"floor":44,"key":"Vajra"},{"floor":46,"key":"War Paint"}],"event_choices":[{"damage_healed":0,"gold_gain":0,"player_choice":"Take Damage","damage_taken":17,"relics_obtained":["Golden Idol"],"max_hp_gain":0,"max_hp_loss":0,"event_name":"Golden Idol","floor":4,"gold_loss":0},{"damage_healed":0,"gold_gain":0,"player_choice":"Fight","damage_taken":0,"max_hp_gain":0,"max_hp_loss":0,"event_name":"Colosseum","floor":24,"gold_loss":0},{"damage_healed":0,"gold_gain":0,"player_choice":"Fought Nobs","damage_taken":0,"max_hp_gain":0,"max_hp_loss":0,"event_name":"Colosseum","floor":24,"gold_loss":0},{"cards_removed":["Strike_G"],"damage_healed":0,"gold_gain":0,"player_choice":"Elegance","damage_taken":0,"max_hp_gain":0,"max_hp_loss":0,"event_name":"Back to Basics","floor":27,"gold_loss":0},{"damage_healed":0,"gold_gain":0,"player_choice":"Trade","damage_taken":0,"relics_obtained":["SsserpentHead"],"max_hp_gain":0,"max_hp_loss":0,"event_name":"FaceTrader","floor":39,"gold_loss":0}],"is_beta":false,"boss_relics":[{"not_picked":["Snecko Eye","Fusion Hammer"],"picked":"Philosopher\u0027s Stone"},{"not_picked":["WristBlade","Orrery"],"picked":"Empty Cage"}],"items_purged_floors":[19,29,36,38,48],"is_endless":false,"potions_floor_spawned":[2,13,14,24,28,30,33,37,46],"ascension_level":1}