{"gold_per_floor":[13,24,41,56,56,56,69,69,69,110,110,43,43,66,66,187,187,210,223,148,168,168,168,184,200,200,47,60,83,83,99,99,225,225,248,262,342,366,227,227,250,270,297,340,340,220,220,235,235,235],"floor_reached":51,"playtime":1763,"items_purged":["Strike_G","Defend_G","Blade Dance+1","Accuracy+1"],"score":860,"play_id":"20c4f8ce-f8ff-4194-83a1-f6b6fdbca063","local_time":"20181124193946","is_ascension_mode":false,"campfire_choices":[{"data":"Neutralize","floor":6.0,"key":"SMITH"},{"data":"Leg Sweep","floor":8.0,"key":"SMITH"},{"data":"Accuracy","floor":13.0,"key":"SMITH"},{"data":"Strike_G","floor":15.0,"key":"PURGE"},{"data":"Defend_G","floor":23.0,"key":"PURGE"},{"data":"Defend_G","floor":30.0,"key":"PURGE"},{"data":"Tactician","floor":32,"key":"SMITH"},{"data":"Infinite Blades","floor":40,"key":"PURGE"},{"data":"Leg Sweep+1","floor":45,"key":"PURGE"},{"data":"Expertise","floor":47,"key":"PURGE"},{"data":"Purity","floor":49,"key":"PURGE"}],"neow_cost":"NO_GOLD","seed_source_timestamp":35579245383695,"circlet_count":0,"master_deck":["Adrenaline","Grand Finale","Tactician+1","Acrobatics","Well Laid Plans+1","Tools of the Trade+1","Acrobatics"],"special_seed":0,"relics":["Ring of the Snake","Golden Idol","Peace Pipe","The Specimen","Runic Dome","The Courier","Astrolabe","Pear","Bag of Preparation","Incense Burner"],"potions_floor_usage":[],"damage_taken":[{"damage":0.0,"enemies":"Jaw Worm","floor":1.0,"turns":6.0},{"damage":0.0,"enemies":"Small Slimes","floor":2.0,"turns":4.0},{"damage":0.0,"enemies":"Cultist","floor":3.0,"turns":5.0},{"damage":0.0,"enemies":"Large Slime","floor":4.0,"turns":6.0},{"damage":3.0,"enemies":"Gremlin Gang","floor":7.0,"turns":6.0},{"damage":19.0,"enemies":"3 Sentries","floor":10.0,"turns":11.0},{"damage":4.0,"enemies":"Red Slaver","floor":14.0,"turns":4.0},{"damage":20.0,"enemies":"The Guardian","floor":16.0,"turns":19.0},{"damage":9.0,"enemies":"Chosen","floor":18.0,"turns":7.0},{"damage":8.0,"enemies":"Spheric Guardian","floor":19.0,"turns":5.0},{"damage":5.0,"enemies":"Snecko","floor":21.0,"turns":11.0},{"damage":23.0,"enemies":"Snake Plant","floor":24.0,"turns":13.0},{"damage":0.0,"enemies":"Chosen and Byrds","floor":25.0,"turns":8.0},{"damage":0.0,"enemies":"Centurion and Healer","floor":28.0,"turns":1.0},{"damage":0.0,"enemies":"Snecko","floor":29.0,"turns":3.0},{"damage":0,"enemies":"Cultist and Chosen","floor":31,"turns":1},{"damage":0,"enemies":"Champ","floor":33,"turns":1},{"damage":0,"enemies":"3 Shapes","floor":35,"turns":1},{"damage":0,"enemies":"3 Darklings","floor":36,"turns":1},{"damage":0,"enemies":"Writhing Mass","floor":38,"turns":1},{"damage":6,"enemies":"Sphere and 2 Shapes","floor":41,"turns":1},{"damage":0,"enemies":"3 Darklings","floor":42,"turns":1},{"damage":0,"enemies":"Giant Head","floor":44,"turns":1},{"damage":0,"enemies":"Transient","floor":48,"turns":1},{"damage":0,"enemies":"Awakened One","floor":50,"turns":2}],"seed_played":"5762281001506589174","potions_obtained":[{"floor":1.0,"key":"Fire Potion"},{"floor":3.0,"key":"Regen Potion"},{"floor":4.0,"key":"Fire Potion"},{"floor":18.0,"key":"EssenceOfSteel"},{"floor":21.0,"key":"FairyPotion"},{"floor":28.0,"key":"Dexterity Potion"}],"is_trial":false,"path_per_floor":["M","M","M","M","?","R","M","R","T","E","?","$","R","M","R","B",null,"M","M","$","M","?","R","M","M","T","$","M","M","R","M","R","B",null,"M","M","T","M","$","R","M","M","T","E","R","$","R","M","R","B",null],"character_chosen":"THE_SILENT","items_purchased":["Accuracy","Purity","Acrobatics"],"campfire_rested":0,"item_purchase_floors":[12,27,39],"current_hp_per_floor":[70,70,70,70,65,65,62,62,62,43,43,43,43,39,39,19,65,56,59,59,54,54,54,31,31,31,31,31,31,31,31,31,31,65,65,65,75,75,75,75,69,69,69,69,69,69,69,69,69,69],"gold":235,"neow_bonus":"REMOVE_TWO","is_prod":false,"is_daily":false,"chose_seed":false,"campfire_upgraded":4,"win_rate":0,"timestamp":1543059586,"path_taken":["M","M","M","M","?","R","M","R","T","E","?","$","R","?","R","BOSS","M","M","$","M","?","R","M","?","T","?","?","M","R","M","R","BOSS","M","M","?","M","$","R","M","M","T","E","R","$","R","M","R","BOSS"],"build_version":"2018-11-15","purchased_purges":4,"victory":true,"max_hp_per_floor":[70,70,70,70,65,65,65,65,65,65,65,65,65,65,65,65,65,65,65,65,65,65,65,65,65,65,65,65,65,65,65,65,65,65,65,65,75,75,75,75,75,75,75,75,75,75,75,75,75,75],"card_choices":[{"not_picked":["Bane","Slice"],"picked":"Leg Sweep","floor":1.0},{"not_picked":["Skewer","Dodge and Roll","Deflect"],"picked":"SKIP","floor":2.0},{"not_picked":["Dagger Throw","Leg Sweep"],"picked":"Infinite Blades","floor":3.0},{"not_picked":["Prepared","Endless Agony","Blur"],"picked":"SKIP","floor":4.0},{"not_picked":["Setup","Blade Dance","Dagger Spray"],"picked":"SKIP","floor":7.0},{"not_picked":["Backstab","Eviscerate"],"picked":"Adrenaline","floor":10.0},{"not_picked":["Flechettes","Expertise","Riddle With Holes"],"picked":"SKIP","floor":14.0},{"not_picked":["Glass Knife","A Thousand Cuts"],"picked":"Grand Finale","floor":16.0},{"not_picked":["Underhanded Strike","Bane","PiercingWail"],"picked":"SKIP","floor":18.0},{"not_picked":["Blade Dance","Bouncing Flask+1","Prepared"],"picked":"SKIP","floor":19.0},{"not_picked":["Masterful Stab","Flechettes","Noxious Fumes"],"picked":"SKIP","floor":21.0},{"not_picked":["Flying Knee","Deflect","Sucker Punch"],"picked":"SKIP","floor":24.0},{"not_picked":["Concentrate","Flying Knee"],"picked":"Expertise","floor":25.0},{"not_picked":["Dagger Spray","Envenom","PiercingWail+1"],"picked":"SKIP","floor":28.0},{"not_picked":["Tactician","Bouncing Flask+1","Sucker Punch"],"picked":"SKIP","floor":29.0},{"not_picked":["Footwork+1","Backstab"],"picked":"Acrobatics","floor":31},{"not_picked":["Backflip+1","Underhanded Strike+1","Dagger Spray"],"picked":"SKIP","floor":35},{"not_picked":["Choke+1","Tactician+1","Outmaneuver+1"],"picked":"SKIP","floor":36},{"not_picked":["Dagger Spray+1","Backstab","Heel Hook+1"],"picked":"SKIP","floor":38},{"not_picked":["Endless Agony+1","Outmaneuver+1","Noxious Fumes+1"],"picked":"SKIP","floor":41},{"not_picked":["Flying Knee+1","Dagger Throw","Deflect+1"],"picked":"SKIP","floor":42},{"not_picked":["Die Die Die","Flying Knee","Skewer"],"picked":"SKIP","floor":44},{"not_picked":["Choke","Cloak And Dagger+1","Backflip+1"],"picked":"SKIP","floor":48}],"player_experience":1160090,"relics_obtained":[{"floor":9.0,"key":"Peace Pipe"},{"floor":10.0,"key":"The Specimen"},{"floor":26.0,"key":"The Courier"},{"floor":37,"key":"Pear"},{"floor":43,"key":"Bag of Preparation"},{"floor":44,"key":"Incense Burner"}],"event_choices":[{"damage_healed":0.0,"max_hp_gain":0.0,"max_hp_loss":5.0,"gold_gain":0.0,"event_name":"Golden Idol","player_choice":"Lose Max HP","floor":5.0,"gold_loss":0.0,"damage_taken":0.0,"relics_obtained":["Golden Idol"]},{"cards_removed":["Strike_G"],"damage_healed":0.0,"max_hp_gain":0.0,"max_hp_loss":0.0,"gold_gain":0.0,"event_name":"Bonfire Elementals","player_choice":"Offered Basic","floor":11.0,"gold_loss":0.0,"damage_taken":0.0},{"damage_healed":0.0,"max_hp_gain":0.0,"max_hp_loss":0.0,"gold_gain":0.0,"cards_transformed":["Strike_G"],"event_name":"Transmorgrifier","player_choice":"Transformed","floor":22.0,"gold_loss":0.0,"damage_taken":0.0,"cards_obtained":["Tactician"]}],"is_beta":false,"boss_relics":[{"not_picked":["Snecko Eye","Busted Crown"],"picked":"Runic Dome"},{"not_picked":["HoveringKite","Pandora\u0027s Box"],"picked":"Astrolabe"}],"items_purged_floors":[20,27,39,46],"is_endless":false,"potions_floor_spawned":[1,3,4,18,21,28,31,36,41,44,48],"ascension_level":0}