{"gold_per_floor":[119,138,138,138,152,180,180,213,239,18,78,93,112,143,143,219,219,236,248,261,44,60,60,88,103,103,103,121,132,182,211,211,286,286,298,311,586,601,617,642,658,693,716,728,728,761,777,777,777,777,777],"floor_reached":51,"playtime":1159,"items_purged":[],"score":2231,"play_id":"33d9721d-85f6-40a9-8f78-dbabc4b0634e","local_time":"20190326155052","is_ascension_mode":true,"campfire_choices":[{"data":"Apotheosis","floor":7.0,"key":"SMITH"},{"data":"1","floor":15.0,"key":"LIFT"},{"data":"2","floor":23.0,"key":"LIFT"},{"data":"3","floor":27.0,"key":"LIFT"},{"floor":32.0,"key":"RECALL"},{"floor":45,"key":"REST"},{"data":"Seek","floor":49,"key":"SMITH"}],"neow_cost":"","seed_source_timestamp":8190085170683,"circlet_count":0,"master_deck":["Shiv","Bite","RitualDagger","Swift Strike","Flash of Steel","Ghostly","J.A.X.","HandOfGreed","Mind Blast+1","Dramatic Entrance","Jack Of All Trades","Good Instincts","Finesse","Panacea","Purity","Blind","Bandage Up","Deep Breath","Forethought","Enlightenment","Impatience","Trip","PanicButton","Dark Shackles","Madness","Secret Weapon","Master of Strategy","Thinking Ahead","Transmutation","Discovery","Violence","Secret Technique","Metamorphosis","Chrysalis","Apotheosis+1","Mayhem","Magnetism","Sadistic Nature","Panache","The Bomb","Sucker Punch+1","Flying Knee","Slice","Strike_G","Neutralize","Quick Slash","Poisoned Stab","Dagger Throw","Bane+1","Dagger Spray","Endless Agony","Backstab","Masterful Stab","Skewer","Underhanded Strike","All Out Attack","Flechettes","Heel Hook","Finisher","Predator","Grand Finale","Eviscerate","Choke","Riddle With Holes","Dash","Die Die Die","Unload","Glass Knife","Defend_G","Survivor","Outmaneuver","PiercingWail","Dodge and Roll","Deflect","Prepared","Backflip","Acrobatics","Blade Dance","Deadly Poison","Cloak And Dagger","Calculated Gamble","Escape Plan","Concentrate","Tactician","Reflex","Distraction","Terror","Setup","Blur","Expertise","Malaise","Crippling Poison","Leg Sweep","Bouncing Flask","Catalyst","Doppelganger","Adrenaline","Venomology","Burst","Corpse Explosion","Well Laid Plans","Bullet Time","Night Terror","Storm of Steel","Phantasmal Killer","Footwork","Accuracy","Infinite Blades","Noxious Fumes","Caltrops","Wraith Form v2","A Thousand Cuts","Envenom","After Image","Tools of the Trade","Strike_R","Bash","Clash","Anger","Sword Boomerang","Thunderclap","Pommel Strike","Twin Strike","Headbutt","Wild Strike","Body Slam","Iron Wave","Cleave","Perfected Strike","Heavy Blade","Rampage","Dropkick","Reckless Charge","Whirlwind","Clothesline","Pummel","Hemokinesis","Uppercut","Carnage","Searing Blow","Reaper","Fiend Fire","Feed","Blood for Blood","Sever Soul","Immolate","Bludgeon","Defend_R","Flex","Warcry","Bloodletting","True Grit","Shrug It Off","Armaments","Havoc","Battle Trance","Rage","Intimidate","Ghostly Armor","Second Wind","Infernal Blade","Burning Pact","Seeing Red","Disarm","Sentinel","Dual Wield","Power Through","Spot Weakness","Entrench","Shockwave","Exhume","Limit Break","Double Tap","Offering","Flame Barrier","Impervious","Evolve","Fire Breathing","Rupture","Feel No Pain","Berserk","Corruption","Inflame","Metallicize","Combust","Brutality","Dark Embrace","Juggernaut","Demon Form","Barricade","Creative AI","Echo Form","Buffer","Electrodynamics","Machine Learning","Biased Cognition","Storm","Hello World","Self Repair","Loop","Static Discharge","Heatsinks","Capacitor","Defragment","Rainbow","Amplify","Fission","Reboot","Seek+1","Multi-Cast","Force Field","Glacier","Consume","Fusion","Undo","Genetic Algorithm","Aggregate","Chaos","Darkness","Double Energy","Auto Shields","Recycle","Skim+1","White Noise","Steam Power","Chill","BootSequence","Reprogram","Tempest+1","Reinforced Body","Redo","Stack","Coolheaded","Conserve Battery","Hologram","Leap","Turbo","Steam","Zap","Defend_B","Dualcast","Meteor Strike","Thunder Strike","All For One","Hyperbeam","Core Surge","Sunder","Doom and Gloom","Blizzard","Melter","Rip and Tear","Lockon","Scrape","FTL","Streamline","Ball Lightning","Compile Driver","Barrage","Rebound","Sweeping Beam","Cold Snap","Go for the Eyes","Gash","Beam Cell","Strike_B"],"special_seed":0,"relics":["Burning Blood","Vajra","Regal Pillow","Oddly Smooth Stone","Membership Card","Whetstone","Girya","Mark of Pain","Omamori","Mercury Hourglass","Mummified Hand","Bag of Marbles","Question Card","Black Star","Strawberry","War Paint","Blood Vial","Blue Candle","Orichalcum","Smiling Mask"],"potions_floor_usage":[41],"damage_taken":[{"damage":0.0,"enemies":"Small Slimes","floor":1.0,"turns":1.0},{"damage":0.0,"enemies":"2 Louse","floor":2.0,"turns":2.0},{"damage":0.0,"enemies":"Jaw Worm","floor":5.0,"turns":1.0},{"damage":0.0,"enemies":"Lagavulin","floor":6.0,"turns":1.0},{"damage":0.0,"enemies":"Gremlin Nob","floor":8.0,"turns":1.0},{"damage":0.0,"enemies":"3 Sentries","floor":11.0,"turns":3.0},{"damage":4.0,"enemies":"Lots of Slimes","floor":12.0,"turns":3.0},{"damage":0.0,"enemies":"Large Slime","floor":13.0,"turns":1.0},{"damage":0.0,"enemies":"3 Sentries","floor":14.0,"turns":3.0},{"damage":0.0,"enemies":"The Guardian","floor":16.0,"turns":1.0},{"damage":0.0,"enemies":"Shell Parasite","floor":18.0,"turns":1.0},{"damage":0.0,"enemies":"3 Byrds","floor":19.0,"turns":3.0},{"damage":0.0,"enemies":"Centurion and Healer","floor":20.0,"turns":2.0},{"damage":0.0,"enemies":"Sentry and Sphere","floor":22.0,"turns":2.0},{"damage":0.0,"enemies":"Book of Stabbing","floor":24.0,"turns":1.0},{"damage":0.0,"enemies":"Snake Plant","floor":25.0,"turns":1.0},{"damage":0.0,"enemies":"Snecko","floor":28.0,"turns":1.0},{"damage":0.0,"enemies":"Centurion and Healer","floor":29.0,"turns":1.0},{"damage":0.0,"enemies":"Gremlin Leader","floor":31.0,"turns":1.0},{"damage":0.0,"enemies":"Collector","floor":33.0,"turns":1.0},{"damage":0.0,"enemies":"Orb Walker","floor":35.0,"turns":1.0},{"damage":0.0,"enemies":"3 Shapes","floor":36.0,"turns":3.0},{"damage":0.0,"enemies":"Maw","floor":38.0,"turns":1.0},{"damage":19.0,"enemies":"Sphere and 2 Shapes","floor":39.0,"turns":2.0},{"damage":0.0,"enemies":"Giant Head","floor":40.0,"turns":1.0},{"damage":62,"enemies":"Transient","floor":41,"turns":6},{"damage":0,"enemies":"Nemesis","floor":42,"turns":1},{"damage":0,"enemies":"Spire Growth","floor":44,"turns":1},{"damage":0,"enemies":"Giant Head","floor":46,"turns":1},{"damage":0,"enemies":"3 Darklings","floor":47,"turns":3},{"damage":21,"enemies":"Time Eater","floor":50,"turns":2},{"damage":73,"enemies":"Awakened One","floor":51,"turns":5}],"seed_played":"3249638636592812202","potions_obtained":[{"floor":5.0,"key":"Fire Potion"},{"floor":6.0,"key":"Poison Potion"},{"floor":12.0,"key":"SkillPotion"},{"floor":13.0,"key":"Energy Potion"},{"floor":18.0,"key":"GamblersBrew"},{"floor":41,"key":"Weak Potion"}],"is_trial":true,"path_per_floor":["M","M","?","?","M","E","R","E","T","$","?","M","M","E","R","B",null,"M","M","M","$","M","R","E","M","T","R","M","M","?","E","R","B",null,"M","M","?","M","M","E","M","E","T","M","R","E","M","?","R","B","B"],"character_chosen":"IRONCLAD","items_purchased":["Membership Card","Omamori","Mercury Hourglass"],"campfire_rested":1,"item_purchase_floors":[10,21,21],"current_hp_per_floor":[74,75,75,75,75,75,75,75,75,75,75,75,75,75,75,75,75,75,75,75,75,75,75,75,75,75,75,75,75,75,75,75,75,75,75,75,75,75,62,75,25,31,31,39,78,82,82,82,82,67,0],"gold":777,"neow_bonus":"","is_prod":false,"is_daily":false,"chose_seed":false,"campfire_upgraded":2,"win_rate":0,"timestamp":1553586652,"path_taken":["M","M","?","?","M","E","R","E","T","$","?","M","M","E","R","BOSS","M","M","M","$","M","R","E","M","T","R","M","M","?","E","R","BOSS","M","M","?","M","M","E","?","E","T","M","R","E","M","?","R","BOSS","BOSS"],"build_version":"2019-01-23","purchased_purges":0,"victory":false,"max_hp_per_floor":[75,75,75,75,75,75,75,75,75,75,75,75,75,75,75,75,75,75,75,75,75,75,75,75,75,75,75,75,75,75,75,75,75,75,75,75,75,75,75,82,82,82,82,82,82,82,82,82,82,82,82],"card_choices":[{"not_picked":["Heavy Blade","Cleave","Headbutt"],"picked":"SKIP","floor":1.0},{"not_picked":["Clash","Disarm","Whirlwind"],"picked":"SKIP","floor":2.0},{"not_picked":["Perfected Strike","Flex","Inflame"],"picked":"SKIP","floor":5.0},{"not_picked":["Warcry","Whirlwind","Fire Breathing"],"picked":"SKIP","floor":6.0},{"not_picked":["Power Through","Dual Wield","Twin Strike"],"picked":"SKIP","floor":8.0},{"not_picked":["Disarm","Heavy Blade","Warcry"],"picked":"SKIP","floor":12.0},{"not_picked":["Sword Boomerang","Feel No Pain","Heavy Blade"],"picked":"SKIP","floor":13.0},{"not_picked":["Immolate","Sword Boomerang","Dual Wield"],"picked":"SKIP","floor":14.0},{"not_picked":["Cleave","Armaments+1","Battle Trance"],"picked":"SKIP","floor":18.0},{"not_picked":["Intimidate","Shrug It Off+1","Shockwave"],"picked":"SKIP","floor":19.0},{"not_picked":["Anger","Flex","Armaments"],"picked":"SKIP","floor":20.0},{"not_picked":["Dropkick","Entrench","Shrug It Off+1"],"picked":"SKIP","floor":22.0},{"not_picked":["Disarm","Twin Strike","Searing Blow"],"picked":"SKIP","floor":24.0},{"not_picked":["Clash","Havoc","Pummel"],"picked":"SKIP","floor":25.0},{"not_picked":["Warcry+1","Body Slam","Rampage"],"picked":"SKIP","floor":28.0},{"not_picked":["Perfected Strike","Seeing Red","Bludgeon"],"picked":"SKIP","floor":29.0},{"not_picked":["Clothesline","Demon Form","Perfected Strike"],"picked":"SKIP","floor":31.0},{"not_picked":["Perfected Strike","Battle Trance","Blood for Blood","Havoc"],"picked":"SKIP","floor":35.0},{"not_picked":["Dual Wield","Infernal Blade","Battle Trance","Second Wind"],"picked":"SKIP","floor":36.0},{"not_picked":["Perfected Strike","Cleave","Thunderclap","Iron Wave"],"picked":"SKIP","floor":38.0},{"not_picked":["Perfected Strike+1","Rampage","Spot Weakness","Havoc"],"picked":"SKIP","floor":39.0},{"not_picked":["Shrug It Off","Feel No Pain+1","Twin Strike","Armaments"],"picked":"SKIP","floor":40.0},{"not_picked":["Fire Breathing","Feed","Wild Strike","Uppercut+1"],"picked":"SKIP","floor":41},{"not_picked":["True Grit","Body Slam","Dual Wield","Impervious"],"picked":"SKIP","floor":42},{"not_picked":["Warcry+1","Anger+1","Headbutt","Rupture"],"picked":"SKIP","floor":44},{"not_picked":["Inflame+1","Dropkick","Body Slam","Havoc+1"],"picked":"SKIP","floor":46},{"not_picked":["Sever Soul+1","Pummel+1","Warcry+1","Rupture"],"picked":"SKIP","floor":47}],"player_experience":3882628,"relics_obtained":[{"floor":6.0,"key":"Vajra"},{"floor":8.0,"key":"Regal Pillow"},{"floor":9.0,"key":"Oddly Smooth Stone"},{"floor":11.0,"key":"Whetstone"},{"floor":14.0,"key":"Girya"},{"floor":24.0,"key":"Mummified Hand"},{"floor":26.0,"key":"Bag of Marbles"},{"floor":31.0,"key":"Question Card"},{"floor":40.0,"key":"Strawberry"},{"floor":40.0,"key":"War Paint"},{"floor":42,"key":"Blood Vial"},{"floor":42,"key":"Blue Candle"},{"floor":46,"key":"Orichalcum"},{"floor":46,"key":"Smiling Mask"}],"event_choices":[{"damage_healed":0.0,"max_hp_gain":0.0,"max_hp_loss":0.0,"gold_gain":0.0,"event_name":"Living Wall","player_choice":"Grow","floor":3.0,"gold_loss":0.0,"damage_taken":0.0,"cards_upgraded":["Mind Blast"]},{"damage_healed":0.0,"max_hp_gain":0.0,"max_hp_loss":0.0,"gold_gain":0.0,"event_name":"The Cleric","player_choice":"Leave","floor":4.0,"gold_loss":0.0,"damage_taken":0.0},{"damage_healed":0.0,"max_hp_gain":0.0,"max_hp_loss":0.0,"gold_gain":0.0,"event_name":"Dead Adventurer","player_choice":"Searched \u00271\u0027 times","floor":11.0,"gold_loss":0.0,"damage_taken":0.0},{"damage_healed":0.0,"max_hp_gain":0.0,"max_hp_loss":0.0,"gold_gain":50.0,"event_name":"Nest","player_choice":"Stole From Cult","floor":30.0,"gold_loss":0.0,"damage_taken":0.0},{"damage_healed":0.0,"max_hp_gain":0.0,"max_hp_loss":0.0,"gold_gain":275.0,"event_name":"Golden Shrine","player_choice":"Desecrate","floor":37.0,"gold_loss":0.0,"damage_taken":0.0,"cards_obtained":["Regret"]},{"damage_healed":16,"gold_gain":0,"player_choice":"Writhe","damage_taken":0,"max_hp_gain":0,"max_hp_loss":0,"event_name":"Winding Halls","floor":48,"gold_loss":0,"cards_obtained":["Writhe"]}],"is_beta":false,"boss_relics":[{"not_picked":["Empty Cage","Cursed Key"],"picked":"Mark of Pain"},{"not_picked":["Pandora\u0027s Box","Lizard Tail"],"picked":"Black Star"}],"items_purged_floors":[],"is_endless":false,"potions_floor_spawned":[5,6,12,13,16,18,22,25,31,38,40,41,44,46],"killed_by":"Awakened One","ascension_level":20}