{"gold_per_floor":[116,126,145,162,162,162,174,198,198,198,198,46,46,66,66,166,166,179,191,26,26,26,26,58,58],"floor_reached":25,"playtime":696,"items_purged":[],"score":327,"play_id":"87719eb0-4c1f-408a-8652-730f14056ad3","local_time":"20181212162242","is_ascension_mode":true,"campfire_choices":[{"data":"Streamline","floor":6,"key":"SMITH"},{"data":"Capacitor","floor":11,"key":"SMITH"},{"data":"Beam Cell","floor":13,"key":"SMITH"},{"data":"Capacitor","floor":15,"key":"SMITH"},{"floor":23,"key":"REST"}],"neow_cost":"NONE","seed_source_timestamp":21314286037389,"circlet_count":0,"master_deck":["AscendersBane","Strike_B","Strike_B","Strike_B","Defend_B","Defend_B","Defend_B","Defend_B","Zap","Dualcast","Capacitor+1","Turbo","Streamline+1","Echo Form","Beam Cell+1","Capacitor+1","Echo Form","Coolheaded","Leap","Defragment","Purity","Pain","Fission"],"special_seed":0,"relics":["Runic Pyramid","Sundial","DataDisk","Happy Flower","Fusion Hammer","WarpedTongs","Strawberry"],"potions_floor_usage":[7,16,19,24],"damage_taken":[{"damage":2.0,"enemies":"Jaw Worm","floor":1.0,"turns":4.0},{"damage":0.0,"enemies":"2 Louse","floor":2.0,"turns":2.0},{"damage":2.0,"enemies":"Small Slimes","floor":3.0,"turns":4.0},{"damage":13.0,"enemies":"3 Louse","floor":4.0,"turns":2.0},{"damage":0,"enemies":"Lots of Slimes","floor":7,"turns":1},{"damage":11,"enemies":"Looter","floor":14,"turns":2},{"damage":28,"enemies":"Slime Boss","floor":16,"turns":5},{"damage":14,"enemies":"Shell Parasite","floor":18,"turns":3},{"damage":9,"enemies":"Spheric Guardian","floor":19,"turns":4},{"damage":44,"enemies":"Book of Stabbing","floor":24,"turns":9},{"damage":21,"enemies":"Snake Plant","floor":25,"turns":2}],"seed_played":"-909742861032572159","potions_obtained":[{"floor":1.0,"key":"Dexterity Potion"},{"floor":4.0,"key":"AttackPotion"},{"floor":7,"key":"AttackPotion"},{"floor":16,"key":"Swift Potion"},{"floor":18,"key":"PowerPotion"}],"is_trial":false,"path_per_floor":["M","M","M","M","?","R","M","T","T","?","R","$","R","M","R","B",null,"M","M","$","?","?","R","E","M"],"character_chosen":"DEFECT","items_purchased":["Happy Flower","Defragment","Purity"],"campfire_rested":1,"item_purchase_floors":[12,20,20],"current_hp_per_floor":[66,66,64,51,51,51,51,51,51,48,48,48,48,37,37,9,59,45,36,36,36,36,58,21,0],"gold":58,"neow_bonus":"BOSS_RELIC","is_prod":false,"is_daily":false,"chose_seed":false,"campfire_upgraded":4,"win_rate":0,"timestamp":1544602962,"path_taken":["M","M","M","M","?","R","M","?","T","?","R","$","R","M","R","BOSS","M","M","$","?","?","R","E","M"],"build_version":"2018-12-06","purchased_purges":0,"victory":false,"max_hp_per_floor":[75,75,75,75,75,75,75,75,75,75,75,75,75,75,75,75,75,75,75,75,75,75,75,82,82],"card_choices":[{"not_picked":["Conserve Battery","Cold Snap"],"picked":"Capacitor","floor":1.0},{"not_picked":["Rebound","Barrage"],"picked":"Turbo","floor":2.0},{"not_picked":["Doom and Gloom","Sweeping Beam"],"picked":"Streamline","floor":3.0},{"not_picked":["Melter","Redo"],"picked":"Echo Form","floor":4.0},{"not_picked":["Barrage","Stack"],"picked":"Beam Cell","floor":7},{"not_picked":["Leap","Streamline"],"picked":"Capacitor","floor":14},{"not_picked":["Creative AI","Seek"],"picked":"Echo Form","floor":16},{"not_picked":["Go for the Eyes","Genetic Algorithm"],"picked":"Coolheaded","floor":18},{"not_picked":["Static Discharge+1","Streamline+1"],"picked":"Leap","floor":19},{"not_picked":["Barrage","Sweeping Beam"],"picked":"Fission","floor":24}],"player_experience":1221858,"relics_obtained":[{"floor":9,"key":"Sundial"},{"floor":24,"key":"Strawberry"}],"event_choices":[{"cards_removed":["Strike_B"],"damage_healed":0,"gold_gain":0,"player_choice":"Forget","damage_taken":0,"max_hp_gain":0,"max_hp_loss":0,"event_name":"Living Wall","floor":5,"gold_loss":0},{"damage_healed":0,"gold_gain":0,"player_choice":"Success","damage_taken":3,"relics_obtained":["DataDisk"],"max_hp_gain":0,"max_hp_loss":0,"event_name":"Scrap Ooze","floor":10,"gold_loss":0},{"damage_healed":0,"gold_gain":0,"player_choice":"Ignored","damage_taken":0,"max_hp_gain":0,"max_hp_loss":0,"event_name":"Beggar","floor":21,"gold_loss":0},{"damage_healed":0,"gold_gain":0,"player_choice":"Rummage","damage_taken":0,"relics_obtained":["WarpedTongs"],"max_hp_gain":0,"max_hp_loss":0,"event_name":"Accursed Blacksmith","floor":22,"gold_loss":0,"cards_obtained":["Pain"]}],"is_beta":false,"boss_relics":[{"not_picked":["White Beast Statue","Black Star"],"picked":"Fusion Hammer"}],"items_purged_floors":[],"is_endless":false,"potions_floor_spawned":[1,4,7,16,18],"killed_by":"Snake Plant","ascension_level":11}