{"gold_per_floor":[116,116,41,51,51,51,16,44,44,44,55,72,72,89,89,89],"floor_reached":16,"playtime":204,"items_purged":["Defend_G"],"score":250,"play_id":"ffce96e3-470f-437c-9158-dcbec8d13f8c","local_time":"20190107235539","is_ascension_mode":true,"campfire_choices":[{"data":"Neutralize","floor":6,"key":"SMITH"},{"floor":15,"key":"RECALL"}],"neow_cost":"NONE","seed_source_timestamp":42975889639136,"circlet_count":0,"master_deck":["AscendersBane","Defend_G","Defend_G","Defend_G+1","Defend_G","Strike_G","Strike_G+1","Strike_G","Strike_G","Survivor","Neutralize+1","Tools of the Trade+1"],"special_seed":0,"relics":["Ring of the Snake","NeowsBlessing","Regal Pillow","Bag of Marbles"],"potions_floor_usage":[],"damage_taken":[{"damage":0.0,"enemies":"Small Slimes","floor":1.0,"turns":1.0},{"damage":0.0,"enemies":"Jaw Worm","floor":4.0,"turns":1.0},{"damage":0,"enemies":"3 Sentries","floor":8,"turns":1},{"damage":0,"enemies":"2 Louse","floor":11,"turns":2},{"damage":3,"enemies":"Red Slaver","floor":12,"turns":4},{"damage":1,"enemies":"Blue Slaver","floor":14,"turns":3},{"damage":0,"enemies":"Slime Boss","floor":16,"turns":1}],"seed_played":"-2251166795203153019","potions_obtained":[{"floor":11,"key":"Energy Potion"},{"floor":14,"key":"SteroidPotion"}],"is_trial":false,"path_per_floor":["M","?","$","M","?","R","?","E","T","$","M","M","?","M","R","B"],"character_chosen":"THE_SILENT","items_purchased":[],"campfire_rested":0,"item_purchase_floors":[],"current_hp_per_floor":[59,39,39,39,39,39,55,55,55,55,55,52,52,51,51,51],"gold":89,"neow_bonus":"THREE_ENEMY_KILL","is_prod":false,"is_daily":false,"chose_seed":false,"campfire_upgraded":1,"win_rate":0,"timestamp":1546876539,"path_taken":["M","?","$","M","?","R","?","E","T","$","?","M","?","M","R","BOSS"],"build_version":"2019-01-03v4","purchased_purges":1,"victory":false,"max_hp_per_floor":[66,66,66,66,66,66,66,66,66,66,66,66,66,66,66,66],"card_choices":[{"not_picked":["Blade Dance","Poisoned Stab","Flying Knee"],"picked":"SKIP","floor":1.0},{"not_picked":["Prepared","Flying Knee","Sucker Punch"],"picked":"SKIP","floor":4.0},{"not_picked":["Deflect","Dodge and Roll"],"picked":"Tools of the Trade","floor":8},{"not_picked":["Backflip","Prepared","Quick Slash"],"picked":"SKIP","floor":11},{"not_picked":["Underhanded Strike","Dagger Throw","PiercingWail"],"picked":"SKIP","floor":12},{"not_picked":["Outmaneuver","Underhanded Strike","Reflex"],"picked":"SKIP","floor":14}],"player_experience":1840472,"relics_obtained":[{"floor":8,"key":"Regal Pillow"},{"floor":9,"key":"Bag of Marbles"}],"event_choices":[{"damage_healed":0.0,"max_hp_gain":0.0,"max_hp_loss":0.0,"gold_gain":0.0,"event_name":"Shining Light","player_choice":"Entered Light","floor":2.0,"gold_loss":0.0,"damage_taken":20.0,"cards_upgraded":["Defend_G","Strike_G"]},{"cards_removed":["Strike_G"],"damage_healed":0,"gold_gain":0,"player_choice":"Forget","damage_taken":0,"max_hp_gain":0,"max_hp_loss":0,"event_name":"Living Wall","floor":5,"gold_loss":0},{"damage_healed":16,"gold_gain":0,"player_choice":"Healed","damage_taken":0,"max_hp_gain":0,"max_hp_loss":0,"event_name":"The Cleric","floor":7,"gold_loss":35},{"damage_healed":0,"gold_gain":0,"player_choice":"Upgraded","damage_taken":0,"max_hp_gain":0,"max_hp_loss":0,"event_name":"Upgrade Shrine","floor":13,"gold_loss":0,"cards_upgraded":["Tools of the Trade"]}],"is_beta":false,"boss_relics":[],"items_purged_floors":[3],"is_endless":false,"potions_floor_spawned":[11,14],"killed_by":"Slime Boss","ascension_level":20}