{"gold_per_floor":[111,27,42,61,61,61,77,77,77,77,88,106,122,122,122,194,194,176,176,196,61,61,61,61],"floor_reached":24,"playtime":2918,"items_purged":[],"score":417,"play_id":"fe232e00-cb72-4dde-b476-6f2e7a2f34ed","local_time":"20190221131444","is_ascension_mode":true,"campfire_choices":[{"data":"Neutralize","floor":6,"key":"SMITH"},{"data":"Acrobatics","floor":8,"key":"SMITH"},{"data":"Backflip","floor":10,"key":"SMITH"},{"data":"Noxious Fumes","floor":15,"key":"SMITH"},{"data":"Catalyst","floor":23,"key":"SMITH"}],"neow_cost":"NONE","seed_source_timestamp":1439204349965,"circlet_count":0,"master_deck":["AscendersBane","Survivor","Neutralize+1","Acrobatics+1","Blur","Backflip+1","Noxious Fumes+1","Well Laid Plans","A Thousand Cuts","Eviscerate","Flying Knee","Riddle With Holes","Masterful Stab","Deadly Poison","Escape Plan","Catalyst+1","Deadly Poison","Choke","Grand Finale"],"special_seed":0,"relics":["energizedSpire:DeadBattery","Calipers","Paper Crane","Pandora\u0027s Box","CultistMask"],"potions_floor_usage":[13,18],"damage_taken":[{"damage":0.0,"enemies":"Jaw Worm","floor":1.0,"turns":4.0},{"damage":0.0,"enemies":"Cultist","floor":3.0,"turns":4.0},{"damage":0.0,"enemies":"Small Slimes","floor":4.0,"turns":4.0},{"damage":0,"enemies":"Gremlin Gang","floor":7,"turns":8},{"damage":4,"enemies":"Exordium Thugs","floor":11,"turns":8},{"damage":0,"enemies":"Looter","floor":12,"turns":4},{"damage":25,"enemies":"Gremlin Gang","floor":13,"turns":7},{"damage":0,"enemies":"Hexaghost","floor":16,"turns":12},{"damage":27,"enemies":"2 Thieves","floor":18,"turns":4},{"damage":12,"enemies":"Chosen","floor":20,"turns":4},{"damage":0,"enemies":"Centurion and Healer","floor":24,"turns":2}],"seed_played":"2068577678323043632","potions_obtained":[{"floor":3.0,"key":"SneckoOil"},{"floor":11,"key":"EssenceOfSteel"},{"floor":12,"key":"Regen Potion"},{"floor":13,"key":"Block Potion"},{"floor":18,"key":"Strength Potion"}],"is_trial":false,"path_per_floor":["M","?","M","M","?","R","M","R","T","R","M","M","M","T","R","B",null,"M","?","M","$","$","R","M"],"character_chosen":"THE_SILENT","items_purchased":["Grand Finale"],"campfire_rested":0,"item_purchase_floors":[21],"current_hp_per_floor":[59,59,59,59,59,59,59,59,59,59,55,55,45,45,45,45,61,34,34,22,22,22,22,22],"gold":61,"neow_bonus":"BOSS_RELIC","is_prod":false,"is_daily":false,"chose_seed":false,"campfire_upgraded":5,"win_rate":0,"timestamp":1550726084,"path_taken":["M","?","?","M","?","R","M","R","T","R","M","?","M","?","R","BOSS","M","?","?","?","$","R","M"],"build_version":"2019-01-23","purchased_purges":0,"victory":false,"max_hp_per_floor":[66,66,66,66,66,66,66,66,66,66,66,66,66,66,66,66,66,66,66,66,66,66,66,66],"card_choices":[{"not_picked":["Outmaneuver","PiercingWail","Bane"],"picked":"SKIP","floor":1.0},{"not_picked":["Slice","Quick Slash"],"picked":"Acrobatics","floor":3.0},{"not_picked":["Terror","Flying Knee"],"picked":"Blur","floor":4.0},{"not_picked":["Dodge and Roll","Riddle With Holes","Expertise"],"picked":"SKIP","floor":7},{"not_picked":["Dagger Spray","Slice"],"picked":"Noxious Fumes","floor":11},{"not_picked":["Accuracy","Dash"],"picked":"Well Laid Plans","floor":12},{"not_picked":["Slice","Acrobatics","Outmaneuver"],"picked":"SKIP","floor":13},{"not_picked":["Die Die Die","Glass Knife"],"picked":"A Thousand Cuts","floor":16},{"not_picked":["Acrobatics","Dagger Throw","Deadly Poison"],"picked":"SKIP","floor":18},{"not_picked":["Accuracy","Blade Dance","Poisoned Stab"],"picked":"SKIP","floor":20}],"player_experience":3003053,"relics_obtained":[{"floor":9,"key":"Paper Crane"}],"event_choices":[{"damage_healed":0.0,"max_hp_gain":0.0,"max_hp_loss":0.0,"gold_gain":0.0,"event_name":"WeMeetAgain","player_choice":"Paid Gold","floor":2.0,"gold_loss":84.0,"damage_taken":0.0,"relics_obtained":["Calipers"]},{"damage_healed":0,"gold_gain":0,"cards_transformed":["Strike_G"],"player_choice":"Transformed","damage_taken":0,"max_hp_gain":0,"max_hp_loss":0,"event_name":"Transmorgrifier","floor":5,"gold_loss":0,"cards_obtained":["Backflip"]},{"damage_healed":0,"gold_gain":0,"player_choice":"Trade","damage_taken":0,"relics_obtained":["CultistMask"],"max_hp_gain":0,"max_hp_loss":0,"event_name":"FaceTrader","floor":19,"gold_loss":0}],"is_beta":false,"boss_relics":[{"not_picked":["Lizard Tail","Philosopher\u0027s Stone"],"picked":"Pandora\u0027s Box"}],"items_purged_floors":[],"is_endless":false,"potions_floor_spawned":[3,11,12,13,18],"killed_by":"Centurion and Healer","ascension_level":15}