{"gold_per_floor":[118,43,43,43,43,74,87,87,134,134,146,146,146],"floor_reached":13,"playtime":137,"items_purged":["Strike_B"],"score":212,"play_id":"934efb35-d517-4cf1-8a8a-44809b94f511","local_time":"20190321185254","is_ascension_mode":true,"campfire_choices":[{"data":"Dualcast","floor":8,"key":"SMITH"},{"data":"Zap","floor":10,"key":"SMITH"},{"data":"Reinforced Body","floor":12,"key":"SMITH"}],"neow_cost":"NONE","seed_source_timestamp":26240037119398,"circlet_count":0,"master_deck":["AscendersBane","Strike_B","Strike_B","Strike_B","Defend_B","Defend_B","Defend_B","Zap+1","Dualcast+1","Recycle","Reinforced Body+1"],"relics":["Cracked Core","NeowsBlessing","Lantern","Strawberry"],"potions_floor_usage":[],"damage_taken":[{"damage":0,"enemies":"Cultist","floor":1,"turns":1},{"damage":0,"enemies":"3 Sentries","floor":6,"turns":1},{"damage":0,"enemies":"Jaw Worm","floor":7,"turns":1},{"damage":0,"enemies":"Small Slimes","floor":11,"turns":3},{"damage":0,"enemies":"Exordium Wildlife","floor":13,"turns":1}],"seed_played":"-344387655445150396","potions_obtained":[{"floor":6,"key":"Regen Potion"},{"floor":11,"key":"Energy Potion"}],"is_trial":false,"path_per_floor":["M","$","?","?","?","E","M","R","T","R","M","R","M"],"character_chosen":"DEFECT","items_purchased":[],"campfire_rested":0,"item_purchase_floors":[],"current_hp_per_floor":[64,64,57,57,62,62,62,62,69,69,69,69,69],"gold":146,"neow_bonus":"THREE_ENEMY_KILL","is_prod":false,"is_daily":false,"chose_seed":false,"campfire_upgraded":3,"win_rate":0,"timestamp":1553165574,"path_taken":["M","$","?","?","?","E","M","R","T","R","?","R","M"],"build_version":"2019-01-23","purchased_purges":1,"victory":false,"max_hp_per_floor":[71,71,71,71,76,76,76,76,83,83,83,83,83],"card_choices":[{"not_picked":["Compile Driver","Sweeping Beam","Lockon"],"picked":"SKIP","floor":1},{"not_picked":["Reprogram","Rip and Tear"],"picked":"Recycle","floor":6},{"not_picked":["Heatsinks","Hello World"],"picked":"Reinforced Body","floor":7},{"not_picked":["Beam Cell","Barrage","Recycle"],"picked":"SKIP","floor":11}],"player_experience":3775199,"relics_obtained":[{"floor":6,"key":"Lantern"},{"floor":9,"key":"Strawberry"}],"event_choices":[{"cards_removed":["Defend_B"],"damage_healed":0,"gold_gain":0,"player_choice":"Card Removal","damage_taken":7,"max_hp_gain":0,"max_hp_loss":0,"event_name":"Golden Wing","floor":3,"gold_loss":0},{"damage_healed":0,"gold_gain":0,"player_choice":"Leave","damage_taken":0,"max_hp_gain":0,"max_hp_loss":0,"event_name":"The Cleric","floor":4,"gold_loss":0},{"damage_healed":0,"gold_gain":0,"player_choice":"Donut","damage_taken":0,"max_hp_gain":5,"max_hp_loss":0,"event_name":"Big Fish","floor":5,"gold_loss":0}],"is_beta":false,"boss_relics":[],"items_purged_floors":[2],"is_endless":false,"potions_floor_spawned":[6,11],"killed_by":"Exordium Wildlife","ascension_level":20}