{"gold_per_floor":[112,123,36,1,1,1,21,55,55,55,66,66,85,101,101,178,178,195,195,212,228,245,245,265,265,322,322,322,335,346,346,346,420,420,440,363,382,453,63,88,88,88,88,165,165,184,184,20,20,20,20,20,20,20,50,50],"floor_reached":57,"playtime":3542,"items_purged":[],"score":2713,"play_id":"d012a8e4-beea-4595-94ed-b5377b1272ba","local_time":"20190217222336","is_ascension_mode":true,"campfire_choices":[{"data":"Deadly Poison","floor":6.0,"key":"SMITH"},{"data":"Deadly Poison","floor":10.0,"key":"SMITH"},{"data":"Well Laid Plans","floor":12.0,"key":"SMITH"},{"data":"Tactician","floor":15.0,"key":"SMITH"},{"data":"Catalyst","floor":23.0,"key":"SMITH"},{"data":"Calculated Gamble","floor":25.0,"key":"SMITH"},{"data":"Calculated Gamble","floor":27.0,"key":"SMITH"},{"data":"Outmaneuver","floor":32.0,"key":"SMITH"},{"data":"Catalyst","floor":41.0,"key":"SMITH"},{"floor":45.0,"key":"RECALL"},{"data":"Acrobatics","floor":47.0,"key":"SMITH"},{"data":"Acrobatics","floor":49.0,"key":"SMITH"},{"data":"Footwork","floor":53.0,"key":"SMITH"}],"neow_cost":"CURSE","seed_source_timestamp":44601022319860,"circlet_count":0,"master_deck":["AscendersBane","Defend_G","Defend_G","Defend_G","Defend_G","Defend_G","Strike_G","Strike_G","Survivor","Neutralize","Deadly Poison+1","Tactician+1","Dash","Well Laid Plans+1","Deadly Poison+1","Leg Sweep","Glass Knife","Malaise","Calculated Gamble+1","Acrobatics+1","Night Terror","Escape Plan","Footwork+1","Acrobatics+1","Bouncing Flask","Calculated Gamble+1","Catalyst+1","Footwork+1","Deflect","Riddle With Holes","Dodge and Roll","Outmaneuver+1","Escape Plan","Outmaneuver+1","Tools of the Trade","Escape Plan+1","Catalyst+1","Backflip","Dodge and Roll+1","Magnetism","PiercingWail","Calculated Gamble+1"],"special_seed":0,"relics":["Ring of the Snake","Prayer Wheel","Torii","Ice Cream","Runic Pyramid","Tiny Chest","Spirit Poop","Runic Dome","Bag of Preparation","Ancient Tea Set","Blue Candle","Toxic Egg 2","Art of War","Thread and Needle"],"potions_floor_usage":[],"damage_taken":[{"damage":15.0,"enemies":"Cultist","floor":1.0,"turns":5.0},{"damage":7.0,"enemies":"Small Slimes","floor":2.0,"turns":4.0},{"damage":0.0,"enemies":"2 Louse","floor":7.0,"turns":3.0},{"damage":19.0,"enemies":"3 Sentries","floor":8.0,"turns":13.0},{"damage":0.0,"enemies":"Red Slaver","floor":11.0,"turns":5.0},{"damage":0.0,"enemies":"Looter","floor":13.0,"turns":4.0},{"damage":0.0,"enemies":"Blue Slaver","floor":14.0,"turns":4.0},{"damage":0.0,"enemies":"The Guardian","floor":16.0,"turns":10.0},{"damage":11.0,"enemies":"Shell Parasite","floor":18.0,"turns":9.0},{"damage":0.0,"enemies":"Spheric Guardian","floor":20.0,"turns":5.0},{"damage":2.0,"enemies":"Snake Plant","floor":21.0,"turns":7.0},{"damage":5.0,"enemies":"Snecko","floor":22.0,"turns":10.0},{"damage":2.0,"enemies":"Centurion and Healer","floor":24.0,"turns":12.0},{"damage":2.0,"enemies":"Cultist and Chosen","floor":29.0,"turns":8.0},{"damage":5.0,"enemies":"Shelled Parasite and Fungi","floor":30.0,"turns":6.0},{"damage":16.0,"enemies":"Collector","floor":33.0,"turns":5.0},{"damage":14.0,"enemies":"3 Darklings","floor":35.0,"turns":8.0},{"damage":0.0,"enemies":"Orb Walker","floor":37.0,"turns":2.0},{"damage":15.0,"enemies":"Reptomancer","floor":40.0,"turns":2.0},{"damage":0.0,"enemies":"Transient","floor":46.0,"turns":6.0},{"damage":5.0,"enemies":"Awakened One","floor":50.0,"turns":22.0},{"damage":1.0,"enemies":"Donu and Deca","floor":51.0,"turns":10.0},{"damage":2.0,"enemies":"Shield and Spear","floor":55.0,"turns":11.0},{"damage":45,"enemies":"The Heart","floor":56,"turns":9}],"seed_played":"4995822999790364173","potions_obtained":[{"floor":2.0,"key":"Strength Potion"},{"floor":11.0,"key":"Fire Potion"},{"floor":30.0,"key":"SteroidPotion"},{"floor":33.0,"key":"Dexterity Potion"},{"floor":35.0,"key":"FairyPotion"},{"floor":37.0,"key":"Regen Potion"}],"is_trial":false,"path_per_floor":["M","M","$","?","?","R","M","E","T","R","M","R","M","M","R","B",null,"M","?","M","M","M","R","M","R","T","R","?","M","M","?","R","B",null,"M","$","M","T","$","E","R","?","T","T","R","M","R","$","R","B","B",null,"R","$","E","B",null],"character_chosen":"THE_SILENT","items_purchased":["Well Laid Plans","Catalyst","Bag of Preparation","Magnetism","Art of War"],"campfire_rested":0,"item_purchase_floors":[3,36,39,39,48],"current_hp_per_floor":[44,37,37,53,53,53,53,34,34,34,34,34,34,34,34,34,58,47,47,47,45,40,40,38,38,38,38,38,36,31,31,31,15,53,39,39,39,39,39,33,33,54,54,54,54,54,54,54,54,49,48,53,53,53,51,6],"gold":50,"neow_bonus":"ONE_RARE_RELIC","is_prod":false,"is_daily":false,"chose_seed":false,"campfire_upgraded":12,"win_rate":0,"timestamp":1550413416,"path_taken":["M","M","$","?","?","R","M","E","T","R","M","R","M","M","R","BOSS","M","?","M","?","M","R","M","R","T","R","?","M","M","?","R","BOSS","M","$","M","?","$","E","R","?","T","?","R","?","R","$","R","BOSS","BOSS","R","$","E","BOSS"],"build_version":"2019-01-23","purchased_purges":0,"victory":true,"max_hp_per_floor":[66,66,66,66,66,66,66,66,66,66,66,66,66,66,66,66,66,66,66,66,66,66,66,66,66,66,66,66,66,66,66,66,66,66,66,66,66,66,66,66,66,54,54,54,54,54,54,54,54,54,54,54,54,54,54,54],"card_choices":[{"not_picked":["Bane","Accuracy"],"picked":"Deadly Poison","floor":1.0},{"not_picked":["Underhanded Strike","Crippling Poison","Dagger Spray"],"picked":"SKIP","floor":1.0},{"not_picked":["Prepared","Deadly Poison"],"picked":"Tactician","floor":2.0},{"not_picked":["All Out Attack","Flying Knee"],"picked":"Dash","floor":2.0},{"not_picked":["Blade Dance","Flying Knee"],"picked":"Deadly Poison","floor":7.0},{"not_picked":["Sucker Punch","Outmaneuver"],"picked":"Leg Sweep","floor":7.0},{"not_picked":["Expertise","Backflip"],"picked":"Glass Knife","floor":8.0},{"not_picked":["Prepared","Accuracy"],"picked":"Malaise","floor":11.0},{"not_picked":["Underhanded Strike","Flying Knee","Dodge and Roll"],"picked":"SKIP","floor":11.0},{"not_picked":["Quick Slash","Tactician"],"picked":"Calculated Gamble","floor":13.0},{"not_picked":["Heel Hook","Dodge and Roll","Blade Dance"],"picked":"SKIP","floor":13.0},{"not_picked":["Dagger Spray","Cloak And Dagger"],"picked":"Acrobatics","floor":14.0},{"not_picked":["Underhanded Strike","Blade Dance","Bane"],"picked":"SKIP","floor":14.0},{"not_picked":["Venomology","Envenom"],"picked":"Night Terror","floor":16.0},{"not_picked":["Riddle With Holes","Deflect"],"picked":"Escape Plan","floor":18.0},{"not_picked":["Poisoned Stab","Bouncing Flask"],"picked":"Footwork","floor":18.0},{"not_picked":["Eviscerate+1","Blade Dance"],"picked":"Bouncing Flask","floor":20.0},{"not_picked":["Cloak And Dagger","Terror","Reflex"],"picked":"SKIP","floor":20.0},{"not_picked":["Terror","Dodge and Roll+1"],"picked":"Calculated Gamble","floor":21.0},{"not_picked":["Well Laid Plans+1","Deadly Poison","Leg Sweep"],"picked":"SKIP","floor":21.0},{"not_picked":["Dodge and Roll+1","Terror+1"],"picked":"Catalyst","floor":22.0},{"not_picked":["Bane","Escape Plan"],"picked":"Footwork+1","floor":22.0},{"not_picked":["Flying Knee","Quick Slash"],"picked":"Deflect","floor":24.0},{"not_picked":["Blade Dance","Bane","Dagger Spray"],"picked":"SKIP","floor":24.0},{"not_picked":["Adrenaline","Blur"],"picked":"Outmaneuver+1","floor":29.0},{"not_picked":["Dash","All Out Attack","Dodge and Roll"],"picked":"SKIP","floor":29.0},{"not_picked":["Endless Agony+1","Blade Dance"],"picked":"Escape Plan","floor":30.0},{"not_picked":["Bane+1","Dagger Throw"],"picked":"Outmaneuver","floor":30.0},{"not_picked":["Grand Finale","A Thousand Cuts"],"picked":"Tools of the Trade","floor":33.0},{"not_picked":["PiercingWail+1","Underhanded Strike"],"picked":"Escape Plan+1","floor":35.0},{"not_picked":["Cloak And Dagger+1","Quick Slash","Underhanded Strike+1"],"picked":"SKIP","floor":35.0},{"not_picked":["Well Laid Plans","Flechettes"],"picked":"Backflip","floor":37.0},{"not_picked":["Terror","Distraction"],"picked":"Dodge and Roll+1","floor":37.0},{"not_picked":["Backflip","Skewer"],"picked":"PiercingWail","floor":40.0},{"not_picked":["Poisoned Stab","Dodge and Roll+1"],"picked":"Calculated Gamble+1","floor":46.0},{"not_picked":["Flying Knee+1","Blade Dance+1","Eviscerate"],"picked":"SKIP","floor":46.0},{"not_picked":["Unload","Endless Agony+1","Blade Dance+1"],"picked":"SKIP","floor":55.0}],"player_experience":2876985,"relics_obtained":[{"floor":8.0,"key":"Torii"},{"floor":9.0,"key":"Ice Cream"},{"floor":26.0,"key":"Tiny Chest"},{"floor":40.0,"key":"Ancient Tea Set"},{"floor":43.0,"key":"Blue Candle"},{"floor":44.0,"key":"Toxic Egg 2"},{"floor":55.0,"key":"Thread and Needle"}],"event_choices":[{"damage_healed":16.0,"max_hp_gain":0.0,"max_hp_loss":0.0,"gold_gain":0.0,"event_name":"The Cleric","player_choice":"Healed","floor":4.0,"gold_loss":35.0,"damage_taken":0.0},{"damage_healed":0.0,"max_hp_gain":0.0,"max_hp_loss":0.0,"gold_gain":0.0,"event_name":"Liars Game","player_choice":"Ignored","floor":5.0,"gold_loss":0.0,"damage_taken":0.0},{"damage_healed":0.0,"max_hp_gain":0.0,"max_hp_loss":0.0,"gold_gain":0.0,"cards_transformed":["Strike_G"],"event_name":"Transmorgrifier","player_choice":"Transformed","floor":19.0,"gold_loss":0.0,"damage_taken":0.0,"cards_obtained":["Acrobatics"]},{"damage_healed":0.0,"max_hp_gain":0.0,"max_hp_loss":0.0,"gold_gain":0.0,"cards_transformed":["Strike_G","Strike_G"],"event_name":"Drug Dealer","player_choice":"Became Test Subject","floor":28.0,"gold_loss":0.0,"damage_taken":0.0,"cards_obtained":["Riddle With Holes","Dodge and Roll"]},{"cards_removed":["Normality"],"damage_healed":0.0,"max_hp_gain":0.0,"max_hp_loss":0.0,"gold_gain":0.0,"event_name":"Bonfire Elementals","player_choice":"Offered Curse","floor":31.0,"gold_loss":0.0,"damage_taken":0.0,"relics_obtained":["Spirit Poop"]},{"damage_healed":54.0,"max_hp_gain":0.0,"max_hp_loss":12.0,"gold_gain":0.0,"event_name":"The Moai Head","player_choice":"Heal","floor":42.0,"gold_loss":0.0,"damage_taken":0.0}],"is_beta":false,"boss_relics":[{"not_picked":["Ectoplasm","Calling Bell"],"picked":"Runic Pyramid"},{"not_picked":["Snecko Eye","Tiny House"],"picked":"Runic Dome"}],"items_purged_floors":[],"is_endless":false,"potions_floor_spawned":[2,11,13,18,22,30,33,35,37],"ascension_level":20}