{"gold_per_floor":[112,112,187,24,24,57,57,57,138,138,211,225,150,170,170,264,264,283,107,107,121,121,139,157,157,157,157,182,182,7,7,7,7],"floor_reached":33,"playtime":1800,"items_purged":["Strike_G","Strike_G"],"score":532,"play_id":"c6604354-5cb5-4948-a607-75b3774d1572","local_time":"20190127132215","is_ascension_mode":true,"campfire_choices":[{"data":"Corpse Explosion","floor":8.0,"key":"SMITH"},{"data":"Neutralize","floor":10.0,"key":"SMITH"},{"data":"Survivor","floor":15.0,"key":"SMITH"},{"floor":25.0,"key":"DIG"},{"floor":29.0,"key":"DIG"},{"floor":32.0,"key":"DIG"}],"neow_cost":"NONE","seed_source_timestamp":9536118112210,"circlet_count":0,"master_deck":["AscendersBane","Defend_G","Defend_G","Defend_G","Defend_G","Defend_G","Strike_G","Strike_G","Survivor+1","Neutralize+1","Corpse Explosion+1","Acrobatics+1","Prepared+1","Bullet Time+1","Catalyst+1","Footwork","theJungle:PetSnecko+1","Deadly Poison+1","Prepared+1","Footwork"],"special_seed":0,"relics":["Ring of the Snake","NeowsBlessing","PreservedInsect","Paper Crane","Golden Idol","Toxic Egg 2","Dream Catcher","Runic Pyramid","Shovel","Mummified Hand","Singing Bowl","theJungle:WildMango","Happy Flower","theJungle:ShellPeas","Juzu Bracelet"],"potions_floor_usage":[33],"damage_taken":[{"damage":0.0,"enemies":"Cultist","floor":1.0,"turns":1.0},{"damage":0.0,"enemies":"Lagavulin","floor":6.0,"turns":1.0},{"damage":0.0,"enemies":"3 Sentries","floor":11.0,"turns":1.0},{"damage":4.0,"enemies":"Jaw Worm","floor":12.0,"turns":4.0},{"damage":2.0,"enemies":"Small Slimes","floor":14.0,"turns":3.0},{"damage":23.0,"enemies":"Hexaghost","floor":16.0,"turns":10.0},{"damage":0.0,"enemies":"theJungle:GiantWrat","floor":18.0,"turns":6.0},{"damage":0.0,"enemies":"theJungle:MUSHROOMGANG","floor":21.0,"turns":3.0},{"damage":0.0,"enemies":"theJungle:SlimyTreeVines","floor":23.0,"turns":6.0},{"damage":0.0,"enemies":"theJungle:JungleHuntersEncounter","floor":24.0,"turns":3.0},{"damage":0.0,"enemies":"theJungle:2_Snecko_Cultists","floor":28.0,"turns":2.0},{"damage":36,"enemies":"theJungle:TotemBoss","floor":33,"turns":6}],"seed_played":"-4222564678348315940","potions_obtained":[{"floor":12.0,"key":"Explosive Potion"},{"floor":14.0,"key":"EssenceOfSteel"},{"floor":23.0,"key":"Fire Potion"}],"is_trial":false,"path_per_floor":["M","$","?","$","?","E","?","R","T","R","?","M","$","M","R","B",null,"M","$","?","M","?","M","M","R","T","?","M","R","?","?","R","B"],"character_chosen":"THE_SILENT","items_purchased":["PreservedInsect","Footwork"],"campfire_rested":0,"item_purchase_floors":[4,19],"current_hp_per_floor":[59,59,48,48,48,48,48,48,48,48,48,44,44,42,42,19,50,50,50,34,34,34,40,40,40,40,54,56,56,56,56,56,20],"gold":7,"neow_bonus":"THREE_ENEMY_KILL","is_prod":false,"is_daily":false,"chose_seed":false,"campfire_upgraded":3,"win_rate":0,"timestamp":1548566535,"path_taken":["M","?","?","$","?","E","?","R","T","R","?","M","$","M","R","BOSS","M","$","?","M","?","M","M","R","T","?","M","R","?","?","R","BOSS"],"build_version":"2019-01-23","purchased_purges":2,"victory":false,"max_hp_per_floor":[66,66,66,66,66,66,60,60,60,60,60,60,60,60,60,60,60,60,60,60,60,60,60,60,60,60,74,76,76,76,76,76,76],"card_choices":[{"not_picked":["Bane","Quick Slash","Blade Dance"],"picked":"SKIP","floor":1.0},{"not_picked":["Masterful Stab","Tactician"],"picked":"Corpse Explosion","floor":6.0},{"not_picked":["Quick Slash","Dagger Throw"],"picked":"Acrobatics+1","floor":12.0},{"not_picked":["Skewer","Backflip+1"],"picked":"Prepared+1","floor":14.0},{"not_picked":["Night Terror+1","Glass Knife"],"picked":"Bullet Time+1","floor":16.0},{"not_picked":["Slice","Escape Plan+1"],"picked":"Catalyst+1","floor":18.0},{"not_picked":["Dagger Throw","Infinite Blades","Terror+1"],"picked":"SKIP","floor":21.0},{"not_picked":["Predator","Finisher"],"picked":"Deadly Poison+1","floor":23.0},{"not_picked":["Deflect+1","Sucker Punch"],"picked":"Prepared+1","floor":24.0},{"not_picked":["Crippling Poison+1","Deadly Poison+1","Sucker Punch+1"],"picked":"Singing Bowl","floor":28.0}],"player_experience":2312675,"relics_obtained":[{"floor":6.0,"key":"Paper Crane"},{"floor":9.0,"key":"Toxic Egg 2"},{"floor":11.0,"key":"Dream Catcher"},{"floor":25.0,"key":"Mummified Hand"},{"floor":26.0,"key":"Singing Bowl"},{"floor":29.0,"key":"Happy Flower"},{"floor":32.0,"key":"Juzu Bracelet"}],"event_choices":[{"damage_healed":0.0,"max_hp_gain":0.0,"max_hp_loss":0.0,"gold_gain":75.0,"event_name":"World of Goop","player_choice":"Gather Gold","floor":3.0,"gold_loss":0.0,"damage_taken":11.0},{"damage_healed":0.0,"max_hp_gain":0.0,"max_hp_loss":0.0,"gold_gain":0.0,"event_name":"The Cleric","player_choice":"Leave","floor":5.0,"gold_loss":0.0,"damage_taken":0.0},{"damage_healed":0.0,"max_hp_gain":0.0,"max_hp_loss":6.0,"gold_gain":0.0,"event_name":"Golden Idol","player_choice":"Lose Max HP","floor":7.0,"gold_loss":0.0,"damage_taken":0.0,"relics_obtained":["Golden Idol"]},{"damage_healed":0.0,"max_hp_gain":0.0,"max_hp_loss":0.0,"gold_gain":30.0,"event_name":"Dead Adventurer","player_choice":"Searched \u00272\u0027 times","floor":11.0,"gold_loss":0.0,"damage_taken":0.0},{"damage_healed":0.0,"max_hp_gain":0.0,"max_hp_loss":0.0,"gold_gain":0.0,"cards_transformed":["Strike_G"],"event_name":"Transmorgrifier","player_choice":"Transformed","floor":31.0,"gold_loss":0.0,"damage_taken":0.0,"cards_obtained":["Footwork"]}],"is_beta":false,"boss_relics":[{"not_picked":["Pandora\u0027s Box","Velvet Choker"],"picked":"Runic Pyramid"}],"items_purged_floors":[13,19],"is_endless":false,"potions_floor_spawned":[12,14,23,24,28],"killed_by":"theJungle:TotemBoss","ascension_level":20}