{"gold_per_floor":[117,141,141,152,152,152,177,188,215,215,245,265,275,275,275,372,372,387,11,11,11,0],"floor_reached":22,"playtime":606,"items_purged":["Injury"],"score":278,"play_id":"78416f8f-08f5-4226-8cb6-b66e88dff124","local_time":"20180921155842","is_ascension_mode":true,"campfire_choices":[{"data":"Feel No Pain","floor":6,"key":"SMITH"},{"data":"Demon Form","floor":10,"key":"SMITH"},{"data":"Limit Break","floor":15,"key":"SMITH"}],"neow_cost":"NONE","seed_source_timestamp":12255065015221,"circlet_count":0,"master_deck":["Strike_R","Strike_R","Strike_R","Strike_R","Strike_R","Defend_R","Defend_R","Defend_R","Defend_R","Bash","Thunderclap","Feel No Pain+1","Evolve","Ghostly Armor","Demon Form+1","Sword Boomerang","Limit Break+1","Barricade"],"relics":["Sozu","Potion Belt","Letter Opener","Ginger","Prayer Wheel","Omamori","Bottled Flame","Calling Bell","Dream Catcher","Pantograph","Ice Cream","Peace Pipe"],"potions_floor_usage":[],"damage_taken":[{"damage":0,"enemies":"Cultist","floor":1,"turns":4},{"damage":0,"enemies":"Small Slimes","floor":4,"turns":3},{"damage":12,"enemies":"3 Sentries","floor":7,"turns":13},{"damage":2,"enemies":"Jaw Worm","floor":8,"turns":3},{"damage":15,"enemies":"Lagavulin","floor":11,"turns":6},{"damage":13,"enemies":"Blue Slaver","floor":12,"turns":3},{"damage":5,"enemies":"2 Fungi Beasts","floor":13,"turns":3},{"damage":16,"enemies":"Hexaghost","floor":16,"turns":6},{"damage":22,"enemies":"3 Byrds","floor":18,"turns":9},{"damage":12,"enemies":"2 Thieves","floor":22,"turns":2}],"seed_played":"-6048036358038199153","potions_obtained":[],"is_trial":false,"path_per_floor":["M","T","?","M","T","R","E","M","T","R","E","M","M","?","R","B",null,"M","$","?","$"],"character_chosen":"IRONCLAD","items_purchased":["Peace Pipe"],"campfire_rested":0,"item_purchase_floors":[19],"current_hp_per_floor":[72,72,60,60,60,60,48,46,46,46,31,18,13,18,18,2,64,42,42,42,42,30],"gold":0,"neow_bonus":"BOSS_RELIC","is_prod":false,"is_daily":false,"chose_seed":false,"campfire_upgraded":3,"win_rate":0,"timestamp":1537516722,"path_taken":["M","?","?","M","?","R","E","M","T","R","E","M","M","?","R","BOSS","M","$","?","$","M"],"build_version":"2018-09-20","purchased_purges":1,"victory":false,"max_hp_per_floor":[80,80,80,80,80,80,80,80,80,80,80,80,80,85,85,85,85,85,85,85,85,85],"card_choices":[{"not_picked":["Warcry","Havoc"],"picked":"Thunderclap","floor":1},{"not_picked":["Body Slam","Armaments"],"picked":"Feel No Pain","floor":4},{"not_picked":["True Grit","Warcry"],"picked":"Evolve","floor":7},{"not_picked":["Carnage","Shockwave"],"picked":"Ghostly Armor","floor":8},{"not_picked":["Headbutt","Pommel Strike"],"picked":"Demon Form","floor":8},{"not_picked":["Iron Wave","Thunderclap"],"picked":"Sword Boomerang","floor":11},{"not_picked":["Burning Pact","Iron Wave"],"picked":"Limit Break","floor":12},{"not_picked":["Perfected Strike","Clash","Wild Strike"],"picked":"SKIP","floor":12},{"not_picked":["Bloodletting","Sword Boomerang","Clothesline"],"picked":"SKIP","floor":13},{"not_picked":["Twin Strike","Cleave","Wild Strike"],"picked":"SKIP","floor":13},{"not_picked":["Feed","Impervious"],"picked":"Barricade","floor":16},{"not_picked":["Dropkick","Rampage+1","Thunderclap"],"picked":"SKIP","floor":18},{"not_picked":["Searing Blow","Warcry","Perfected Strike+1"],"picked":"SKIP","floor":18}],"player_experience":70314,"relics_obtained":[{"floor":2,"key":"Potion Belt"},{"floor":5,"key":"Ginger"},{"floor":7,"key":"Prayer Wheel"},{"floor":9,"key":"Omamori"},{"floor":11,"key":"Bottled Flame"},{"floor":17,"key":"Dream Catcher"},{"floor":17,"key":"Pantograph"},{"floor":17,"key":"Ice Cream"}],"event_choices":[{"event_name":"Scrap Ooze","player_choice":"success","floor":3,"damage_taken":12},{"event_name":"Big Fish","player_choice":"Donut","floor":14,"damage_taken":0},{"event_name":"Beggar","player_choice":"Ignored","floor":20,"damage_taken":0}],"is_beta":false,"boss_relics":[{"not_picked":["Snecko Eye","Lizard Tail"],"picked":"Calling Bell"}],"items_purged_floors":[19],"is_endless":false,"potions_floor_spawned":[4,12],"killed_by":"2 Thieves","ascension_level":9}