{"gold_per_floor":[116,191,191,203,214,214,242,242],"floor_reached":8,"playtime":252,"items_purged":[],"score":112,"play_id":"aa23d278-8d54-4193-b2ac-a7c58a30970c","local_time":"20181231171850","is_ascension_mode":true,"campfire_choices":[{"data":"Loop","floor":6,"key":"SMITH"}],"neow_cost":"TEN_PERCENT_HP_LOSS","seed_source_timestamp":22554471679786,"circlet_count":0,"master_deck":["AscendersBane","Strike_B","Strike_B","Strike_B","Defend_B","Defend_B","Defend_B","Zap","Dualcast","Consume","Thunder Strike","Decay","Loop+1","Undo","Ball Lightning"],"relics":["Cracked Core","Bag of Marbles"],"potions_floor_usage":[7,8,8],"damage_taken":[{"damage":7,"enemies":"Jaw Worm","floor":1,"turns":3},{"damage":10,"enemies":"Small Slimes","floor":4,"turns":3},{"damage":1,"enemies":"Cultist","floor":5,"turns":3},{"damage":37,"enemies":"Gremlin Nob","floor":7,"turns":4},{"damage":14,"enemies":"Gremlin Gang","floor":8,"turns":3}],"seed_played":"8734170752526323526","potions_obtained":[{"floor":1,"key":"Swift Potion"},{"floor":5,"key":"Regen Potion"},{"floor":7,"key":"SkillPotion"}],"is_trial":false,"path_per_floor":["M","?","?","M","M","R","E","M"],"character_chosen":"DEFECT","items_purchased":[],"campfire_rested":0,"item_purchase_floors":[],"current_hp_per_floor":[57,46,46,36,35,35,10,0],"gold":242,"neow_bonus":"TRANSFORM_TWO_CARDS","is_prod":false,"is_daily":false,"chose_seed":false,"campfire_upgraded":1,"win_rate":0,"timestamp":1546247930,"path_taken":["M","?","?","M","M","R","E","M"],"build_version":"2018-12-20","purchased_purges":0,"victory":false,"max_hp_per_floor":[64,64,64,64,64,64,64,64],"card_choices":[{"not_picked":["Doom and Gloom","Heatsinks","Sweeping Beam"],"picked":"SKIP","floor":1},{"not_picked":["Steam","Consume"],"picked":"Loop","floor":4},{"not_picked":["Beam Cell","Compile Driver"],"picked":"Undo","floor":5},{"not_picked":["Darkness","Skim"],"picked":"Ball Lightning","floor":7}],"player_experience":1627415,"relics_obtained":[{"floor":7,"key":"Bag of Marbles"}],"event_choices":[{"damage_healed":0,"gold_gain":75,"player_choice":"Gather Gold","damage_taken":11,"max_hp_gain":0,"max_hp_loss":0,"event_name":"World of Goop","floor":2,"gold_loss":0},{"damage_healed":0,"gold_gain":0,"player_choice":"Cursed","damage_taken":0,"max_hp_gain":0,"max_hp_loss":0,"event_name":"Wheel of Change","floor":3,"gold_loss":0,"cards_obtained":["Decay"]}],"is_beta":false,"boss_relics":[],"items_purged_floors":[],"is_endless":false,"potions_floor_spawned":[1,5,7],"killed_by":"Gremlin Gang","ascension_level":20}