{"gold_per_floor":[113,113,23,23,41,41,70,85,85,97,97,97,97,107,107,107],"floor_reached":16,"playtime":331,"items_purged":[],"score":200,"play_id":"126ad559-65f8-40b4-9571-24d288d1fe82","local_time":"20190417021031","is_ascension_mode":true,"campfire_choices":[{"data":"Defragment","floor":6.0,"key":"SMITH"},{"floor":11,"key":"REST"},{"data":"Turbo","floor":13,"key":"SMITH"},{"data":"Dualcast","floor":15,"key":"SMITH"}],"neow_cost":"TEN_PERCENT_HP_LOSS","seed_source_timestamp":653396208658722,"circlet_count":0,"master_deck":["AscendersBane","Strike_B","Strike_B","Strike_B+1","Strike_B","Defend_B","Defend_B","Defend_B","Defend_B","Zap+1","Dualcast+1","Meteor Strike","Turbo+1","Defragment+1","Decay","Hologram","Tempest","Conserve Battery","Chill","Cold Snap"],"special_seed":0,"relics":["Cracked Core","Gremlin Horn","Sundial"],"potions_floor_usage":[10,16],"damage_taken":[{"damage":14.0,"enemies":"Jaw Worm","floor":1.0,"turns":5.0},{"damage":0.0,"enemies":"2 Louse","floor":5.0,"turns":2.0},{"damage":30.0,"enemies":"Lagavulin","floor":7.0,"turns":6.0},{"damage":0.0,"enemies":"Cultist","floor":8.0,"turns":3.0},{"damage":0,"enemies":"Large Slime","floor":10,"turns":2},{"damage":5,"enemies":"2 Fungi Beasts","floor":14,"turns":4},{"damage":2,"enemies":"The Guardian","floor":16,"turns":9}],"seed_played":"-4952232689795364896","potions_obtained":[{"floor":1.0,"key":"FocusPotion"},{"floor":5.0,"key":"SkillPotion"},{"floor":8.0,"key":"GamblersBrew"}],"is_trial":false,"path_per_floor":["M","?","$","?","M","R","E","M","T","M","R","?","R","M","R","B"],"character_chosen":"DEFECT","items_purchased":["Defragment"],"campfire_rested":1,"item_purchase_floors":[3],"current_hp_per_floor":[50,31,31,31,31,31,1,1,1,1,20,20,20,15,15,13],"gold":107,"neow_bonus":"THREE_RARE_CARDS","is_prod":false,"is_daily":false,"chose_seed":false,"campfire_upgraded":3,"win_rate":0,"timestamp":1555438231,"path_taken":["M","?","$","?","M","R","E","M","T","?","R","?","R","M","R","BOSS"],"build_version":"2019-01-23","purchased_purges":0,"victory":false,"max_hp_per_floor":[64,64,64,64,64,64,64,64,64,64,64,64,64,64,64,64],"card_choices":[{"not_picked":["Thunder Strike","Reboot"],"picked":"Meteor Strike","floor":0.0},{"not_picked":["Tempest","Streamline"],"picked":"Turbo","floor":1.0},{"not_picked":["Reinforced Body","Turbo"],"picked":"Hologram","floor":5.0},{"not_picked":["Rebound","Machine Learning"],"picked":"Tempest","floor":7.0},{"not_picked":["Loop","Steam"],"picked":"Conserve Battery","floor":8.0},{"not_picked":["Leap","Redo"],"picked":"Chill","floor":10},{"not_picked":["Sweeping Beam","Self Repair"],"picked":"Cold Snap","floor":14}],"player_experience":1414995,"relics_obtained":[{"floor":7.0,"key":"Gremlin Horn"},{"floor":9.0,"key":"Sundial"}],"event_choices":[{"damage_healed":0.0,"max_hp_gain":0.0,"max_hp_loss":0.0,"gold_gain":0.0,"event_name":"Shining Light","player_choice":"Entered Light","floor":2.0,"gold_loss":0.0,"damage_taken":19.0,"cards_upgraded":["Strike_B","Zap"]},{"damage_healed":0.0,"max_hp_gain":0.0,"max_hp_loss":0.0,"gold_gain":0.0,"event_name":"Wheel of Change","player_choice":"Cursed","floor":4.0,"gold_loss":0.0,"damage_taken":0.0,"cards_obtained":["Decay"]},{"damage_healed":0,"gold_gain":0,"player_choice":"Ignored","damage_taken":0,"max_hp_gain":0,"max_hp_loss":0,"event_name":"Liars Game","floor":12,"gold_loss":0}],"is_beta":false,"boss_relics":[],"items_purged_floors":[],"is_endless":false,"potions_floor_spawned":[1,5,8],"killed_by":"The Guardian","ascension_level":20}