{"gold_per_floor":[110,125,125,139,162,162,0,0,25,40,3,41,41,65,65,65],"floor_reached":16,"playtime":380,"items_purged":[],"score":163,"play_id":"e2b09402-06e4-42e2-a935-ce469e6cf1e0","local_time":"20181011135115","is_ascension_mode":true,"campfire_choices":[{"data":"Searing Blow","floor":6,"key":"SMITH"},{"data":"Searing Blow+1","floor":13,"key":"SMITH"},{"data":"Searing Blow+2","floor":15,"key":"SMITH"}],"neow_cost":"TEN_PERCENT_HP_LOSS","seed_source_timestamp":8747251302545,"circlet_count":0,"master_deck":["Strike_R","Strike_R","Strike_R","Strike_R","Strike_R","Defend_R","Defend_R+1","Defend_R","Defend_R+1","Bash","AscendersBane","Double Tap","Disarm","Searing Blow+3","Double Tap","Purity","Corruption","True Grit","Clash"],"relics":["Burning Blood","Golden Idol","Juzu Bracelet","War Paint"],"potions_floor_usage":[16],"damage_taken":[{"damage":7,"enemies":"2 Louse","floor":1,"turns":5},{"damage":9,"enemies":"Small Slimes","floor":2,"turns":4},{"damage":4,"enemies":"Cultist","floor":4,"turns":3},{"damage":15,"enemies":"Blue Slaver","floor":5,"turns":4},{"damage":11,"enemies":"3 Louse","floor":10,"turns":4},{"damage":35,"enemies":"Lagavulin","floor":12,"turns":7},{"damage":17,"enemies":"Lots of Slimes","floor":14,"turns":6},{"damage":15,"enemies":"The Guardian","floor":16,"turns":6}],"seed_played":"4476763991376079301","potions_obtained":[{"floor":2,"key":"GamblersBrew"}],"is_trial":false,"path_per_floor":["M","M","?","M","M","R","$","?","T","M","$","E","R","M","R"],"character_chosen":"IRONCLAD","items_purchased":["Double Tap","Purity","Corruption"],"campfire_rested":0,"item_purchase_floors":[7,7,11],"current_hp_per_floor":[71,68,67,67,58,58,58,58,58,53,53,24,24,13,13,0],"gold":65,"neow_bonus":"THREE_RARE_CARDS","is_prod":false,"is_daily":false,"chose_seed":false,"campfire_upgraded":3,"win_rate":0,"timestamp":1539237075,"path_taken":["M","M","?","M","M","R","$","?","T","M","?","E","R","M","R","BOSS"],"build_version":"2018-10-04v2","purchased_purges":0,"victory":false,"max_hp_per_floor":[72,72,67,67,67,67,67,67,67,67,67,67,67,67,67,67],"card_choices":[{"not_picked":["Bludgeon","Exhume"],"picked":"Double Tap","floor":0},{"not_picked":["Flex","Shrug It Off"],"picked":"Disarm","floor":1},{"not_picked":["Warcry","True Grit"],"picked":"Searing Blow","floor":2},{"not_picked":["Anger","Cleave","Iron Wave"],"picked":"SKIP","floor":4},{"not_picked":["Shrug It Off","Pommel Strike","Sword Boomerang"],"picked":"SKIP","floor":5},{"not_picked":["Cleave","Flex","Barricade"],"picked":"SKIP","floor":10},{"not_picked":["Whirlwind","Pommel Strike"],"picked":"True Grit","floor":12},{"not_picked":["Shrug It Off","Metallicize"],"picked":"Clash","floor":14}],"player_experience":104586,"relics_obtained":[{"floor":9,"key":"Juzu Bracelet"},{"floor":12,"key":"War Paint"}],"event_choices":[{"event_name":"Golden Idol","player_choice":"Lose Max HP","floor":3,"damage_taken":0},{"event_name":"The Cleric","player_choice":"Leave","floor":8,"damage_taken":0}],"is_beta":false,"boss_relics":[],"items_purged_floors":[],"is_endless":false,"potions_floor_spawned":[2],"killed_by":"The Guardian","ascension_level":12}