{"path_per_floor":["M","M","?","$","?","E","R","?","T","M","E","$","R","M","R"],"character_chosen":"THE_SILENT","items_purchased":["War Paint"],"gold_per_floor":[109,123,123,123,73,107,107,107,134,151,185,42,42,60,60,60],"floor_reached":16,"campfire_rested":0,"playtime":513,"item_purchase_floors":[12],"current_hp_per_floor":[63,63,63,63,63,63,63,63,63,63,22,22,22,22,22,0],"items_purged":[],"gold":60,"score":186,"play_id":"d106b431-0674-4149-8f42-13386690c6bc","local_time":"20180603230518","is_prod":false,"is_daily":false,"chose_seed":false,"is_ascension_mode":true,"campfire_upgraded":3,"win_rate":0,"timestamp":1528038318,"campfire_choices":[{"data":"Neutralize","floor":7,"key":"SMITH"},{"data":"Calculated Gamble","floor":13,"key":"SMITH"},{"data":"Setup","floor":15,"key":"SMITH"}],"path_taken":["M","M","?","$","?","E","R","?","T","M","E","?","R","?","R","BOSS"],"build_version":"2018-05-30v2","seed_source_timestamp":51179662960234,"purchased_purges":0,"victory":false,"master_deck":["Defend_G","Defend_G","Defend_G+1","Strike_G","Strike_G","Strike_G","Strike_G","Survivor","Neutralize+1","Backflip","Escape Plan","Blur+1","Calculated Gamble+1","Eviscerate","Setup+1"],"max_hp_per_floor":[70,70,70,70,70,70,70,70,70,70,70,70,70,70,70,70],"relics":["Ring of the Snake","NeowsBlessing","Vajra","Art of War","Tough Bandages","War Paint"],"card_choices":[{"not_picked":["Slice","Expertise"],"picked":"Backflip","floor":1},{"not_picked":["Deadly Poison","Quick Slash"],"picked":"Escape Plan","floor":2},{"not_picked":["Backflip","Outmaneuver"],"picked":"Blur","floor":6},{"not_picked":["Setup","Flechettes"],"picked":"Calculated Gamble","floor":10},{"not_picked":["Deadly Poison","Poisoned Stab"],"picked":"Eviscerate","floor":11},{"not_picked":["Sucker Punch","Underhanded Strike"],"picked":"Setup","floor":14}],"player_experience":526252,"potions_floor_usage":[11,16],"damage_taken":[{"damage":0,"enemies":"Jaw Worm","floor":1,"turns":1},{"damage":0,"enemies":"Cultist","floor":2,"turns":1},{"damage":0,"enemies":"Gremlin Nob","floor":6,"turns":1},{"damage":0,"enemies":"Small Slimes","floor":10,"turns":3},{"damage":41,"enemies":"Lagavulin","floor":11,"turns":8},{"damage":0,"enemies":"Exordium Wildlife","floor":14,"turns":5},{"damage":22,"enemies":"Slime Boss","floor":16,"turns":9}],"relics_obtained":[{"floor":6,"key":"Vajra"},{"floor":9,"key":"Art of War"},{"floor":11,"key":"Tough Bandages"}],"event_choices":[{"event_name":"Bonfire Elementals","player_choice":"BASIC","floor":3,"damage_taken":0},{"event_name":"The Cleric","player_choice":"Card Removal","floor":5,"damage_taken":0},{"event_name":"Wheel of Change","player_choice":"Card Removal","floor":8,"damage_taken":0}],"boss_relics":[],"items_purged_floors":[],"potions_floor_spawned":[2,11],"seed_played":"1032904831815233687","killed_by":"Slime Boss","ascension_level":8,"potions_obtained":[{"floor":2,"key":"AttackPotion"},{"floor":11,"key":"Dexterity Potion"}],"is_trial":false}