{"gold_per_floor":[114,114,114,139,64,108,108,124,150,184,209,209],"floor_reached":12,"playtime":422,"items_purged":[],"score":226,"play_id":"d660489e-5da2-420e-a166-b1c15e4b0c52","local_time":"20181118170809","is_ascension_mode":true,"campfire_choices":[{"data":"Neutralize","floor":7,"key":"SMITH"}],"neow_cost":"NONE","seed_source_timestamp":1577638157451048,"circlet_count":0,"master_deck":["AscendersBane","Defend_G","Defend_G","Defend_G","Defend_G","Defend_G","Strike_G","Strike_G","Strike_G","Strike_G","Survivor","Neutralize+1","Escape Plan","Reflex","Concentrate","Terror","Footwork"],"relics":["Ring of the Snake","NeowsBlessing","Golden Idol","Orichalcum","Anchor","Blood Vial"],"potions_floor_usage":[12],"damage_taken":[{"damage":0,"enemies":"2 Louse","floor":1,"turns":1},{"damage":0,"enemies":"Small Slimes","floor":4,"turns":1},{"damage":0,"enemies":"Lagavulin","floor":6,"turns":1},{"damage":1,"enemies":"Jaw Worm","floor":8,"turns":4},{"damage":54,"enemies":"3 Sentries","floor":10,"turns":21},{"damage":0,"enemies":"Red Slaver","floor":11,"turns":4},{"damage":18,"enemies":"Lagavulin","floor":12,"turns":7}],"seed_played":"8537342274312754973","potions_obtained":[{"floor":1,"key":"Weak Potion"},{"floor":4,"key":"Dexterity Potion"},{"floor":11,"key":"AttackPotion"}],"is_trial":false,"path_per_floor":["M","?","?","M","?","E","R","M","T","E","M","E"],"character_chosen":"THE_SILENT","items_purchased":[],"campfire_rested":0,"item_purchase_floors":[],"current_hp_per_floor":[59,64,64,64,64,64,64,63,63,9,11,0],"gold":209,"neow_bonus":"THREE_ENEMY_KILL","is_prod":false,"is_daily":false,"chose_seed":false,"campfire_upgraded":1,"win_rate":0,"timestamp":1542532089,"path_taken":["M","?","?","M","?","E","R","?","T","E","M","E"],"build_version":"2018-11-15","purchased_purges":0,"victory":false,"max_hp_per_floor":[66,71,64,64,64,64,64,64,64,64,64,64],"card_choices":[{"not_picked":["Riddle With Holes","Bane","Accuracy"],"picked":"SKIP","floor":1},{"not_picked":["Flying Knee","Deadly Poison"],"picked":"Escape Plan","floor":4},{"not_picked":["Deflect","Dagger Throw"],"picked":"Reflex","floor":6},{"not_picked":["Acrobatics","Cloak And Dagger"],"picked":"Concentrate","floor":8},{"not_picked":["Deflect","Deadly Poison"],"picked":"Terror","floor":10},{"not_picked":["Cloak And Dagger","Quick Slash"],"picked":"Footwork","floor":11}],"player_experience":536120,"relics_obtained":[{"floor":6,"key":"Orichalcum"},{"floor":9,"key":"Anchor"},{"floor":10,"key":"Blood Vial"}],"event_choices":[{"damage_healed":0,"gold_gain":0,"player_choice":"Donut","damage_taken":0,"max_hp_gain":5,"max_hp_loss":0,"event_name":"Big Fish","floor":2,"gold_loss":0},{"damage_healed":0,"gold_gain":0,"player_choice":"Lose Max HP","damage_taken":0,"relics_obtained":["Golden Idol"],"max_hp_gain":0,"max_hp_loss":7,"event_name":"Golden Idol","floor":3,"gold_loss":0},{"cards_removed":["Strike_G"],"damage_healed":0,"gold_gain":0,"player_choice":"Card Removal","damage_taken":0,"max_hp_gain":0,"max_hp_loss":0,"event_name":"The Cleric","floor":5,"gold_loss":75}],"is_beta":true,"boss_relics":[],"items_purged_floors":[],"is_endless":false,"potions_floor_spawned":[1,4,11],"killed_by":"Lagavulin","ascension_level":20}