{"gold_per_floor":[116,191,207,207,57,89,9,22,71,71,71,71,71,91,91,190,190,205,205,224,244,169,169],"floor_reached":23,"playtime":937,"items_purged":["Strike_B"],"score":189,"play_id":"ef0e0b59-b5a8-4b33-b57b-3c3e91f0c1a5","local_time":"20180625222941","is_ascension_mode":false,"campfire_choices":[{"floor":11,"key":"REST"},{"floor":13,"key":"REST"},{"data":"Storm","floor":15,"key":"SMITH"}],"neow_cost":"","seed_source_timestamp":0,"circlet_count":0,"master_deck":["Strike_B","Strike_B","Defend_B","Defend_B","Zap","Dualcast","Reprogram+1","FTL+1","Core Surge+1","White Noise","White Noise","Streamline","Self Repair","Coolheaded","Storm+1","Fission","Double Energy+1","Consume"],"special_seed":17706,"relics":["Astrolabe","Bag of Marbles","Strawberry","Boot","Bronze Scales","Busted Crown","Nloth\u0027s Gift"],"potions_floor_usage":[],"damage_taken":[{"damage":0.0,"enemies":"2 Louse","floor":1.0,"turns":2.0},{"damage":7.0,"enemies":"Small Slimes","floor":3.0,"turns":2.0},{"damage":34.0,"enemies":"Lagavulin","floor":6.0,"turns":7.0},{"damage":0.0,"enemies":"Cultist","floor":8.0,"turns":3.0},{"damage":0,"enemies":"Large Slime","floor":14,"turns":4},{"damage":14,"enemies":"Slime Boss","floor":16,"turns":9},{"damage":18,"enemies":"3 Byrds","floor":18,"turns":3},{"damage":13,"enemies":"Spheric Guardian","floor":20,"turns":4},{"damage":48,"enemies":"Cultist and Chosen","floor":21,"turns":6},{"damage":39,"enemies":"Slavers","floor":23,"turns":2}],"seed_played":"-8806452930925899168","potions_obtained":[{"floor":1.0,"key":"Dexterity Potion"},{"floor":4.0,"key":"Block Potion"},{"floor":4.0,"key":"Poison Potion"},{"floor":14,"key":"FairyPotion"},{"floor":20,"key":"Block Potion"}],"is_trial":false,"path_per_floor":["M","?","M","?","$","E","$","M","T","?","R","?","R","M","R","B",null,"M","?","M","M","$"],"character_chosen":"DEFECT","items_purchased":["Bag of Marbles","Self Repair"],"campfire_rested":2,"item_purchase_floors":[],"current_hp_per_floor":[75,64,57,57,57,37,37,44,44,2,26,26,50,57,57,50,82,71,71,65,24,24,0],"gold":169,"neow_bonus":"","is_prod":false,"is_daily":false,"chose_seed":false,"campfire_upgraded":1,"win_rate":0,"timestamp":1529958581,"path_taken":["M","?","M","?","$","E","?","?","T","?","R","?","R","M","R","BOSS","M","?","M","M","$","E"],"build_version":"2018-06-21v2","purchased_purges":1,"victory":false,"max_hp_per_floor":[75,75,75,75,75,82,82,82,82,82,82,82,82,82,82,82,82,82,82,82,82,82,82],"card_choices":[{"not_picked":["Defragment","Stack"],"picked":"White Noise","floor":1.0},{"not_picked":["Lockon","Barrage"],"picked":"White Noise","floor":3.0},{"not_picked":["Rebound","Lockon"],"picked":"Streamline","floor":6.0},{"not_picked":["Gash","Chaos"],"picked":"Coolheaded","floor":8.0},{"not_picked":["Force Field","Blizzard"],"picked":"Storm","floor":14},{"not_picked":["Seek","Hyperbeam"],"picked":"Fission","floor":16},{"not_picked":[],"picked":"Double Energy+1","floor":18},{"not_picked":["Stack+1"],"picked":"SKIP","floor":20},{"not_picked":[],"picked":"Consume","floor":21}],"player_experience":290261,"relics_obtained":[{"floor":6.0,"key":"Strawberry"},{"floor":9,"key":"Boot"}],"event_choices":[{"event_name":"World of Goop","player_choice":"Gather Gold","floor":2.0,"damage_taken":0.0},{"event_name":"The Lab","player_choice":"Got Potions","floor":4.0,"damage_taken":0.0},{"event_name":"Scrap Ooze","player_choice":"success","floor":10,"damage_taken":42},{"event_name":"Wheel of Change","player_choice":"Relic","floor":12,"damage_taken":0},{"event_name":"N\u0027loth","player_choice":"Traded a Blue Candle","floor":19,"damage_taken":0}],"boss_relics":[{"not_picked":["Pandora\u0027s Box","Coffee Dripper"],"picked":"Busted Crown"}],"items_purged_floors":[22],"is_endless":false,"potions_floor_spawned":[1,14,20],"killed_by":"Slavers","ascension_level":0}