{"gold_per_floor":[117,117,132,149,149,149,177,177,227,240,240,273,273,5,5,5],"floor_reached":16,"playtime":341,"items_purged":[],"score":196,"play_id":"3aec9985-3001-4d71-86ca-1430d84b5ed6","local_time":"20190410224232","is_ascension_mode":true,"campfire_choices":[{"data":"Fusion","floor":6.0,"key":"SMITH"},{"data":"Zap","floor":11.0,"key":"SMITH"},{"data":"Melter","floor":15.0,"key":"SMITH"}],"neow_cost":"NONE","seed_source_timestamp":122177727140962,"circlet_count":0,"master_deck":["AscendersBane","Strike_B","Strike_B","Strike_B","Defend_B","Defend_B","Defend_B","Defend_B","Zap+1","Dualcast","Melter+1","Fusion+1","Go for the Eyes","Cold Snap","Cold Snap","BootSequence","Skim"],"special_seed":0,"relics":["Cracked Core","NeowsBlessing","Blood Vial","Odd Mushroom","PreservedInsect","Letter Opener","Toxic Egg 2"],"potions_floor_usage":[],"damage_taken":[{"damage":0.0,"enemies":"Cultist","floor":1.0,"turns":1.0},{"damage":0.0,"enemies":"Small Slimes","floor":3.0,"turns":1.0},{"damage":0.0,"enemies":"Jaw Worm","floor":4.0,"turns":1.0},{"damage":11.0,"enemies":"The Mushroom Lair","floor":7.0,"turns":3.0},{"damage":6.0,"enemies":"Large Slime","floor":10.0,"turns":4.0},{"damage":5.0,"enemies":"Gremlin Nob","floor":12.0,"turns":3.0},{"damage":47,"enemies":"Slime Boss","floor":16,"turns":11}],"seed_played":"9065944762804980857","potions_obtained":[{"floor":1.0,"key":"Explosive Potion"},{"floor":3.0,"key":"FearPotion"}],"is_trial":false,"path_per_floor":["M","?","M","M","?","R","?","?","T","M","R","E","?","$","R","B"],"character_chosen":"DEFECT","items_purchased":["Toxic Egg 2"],"campfire_rested":0,"item_purchase_floors":[14],"current_hp_per_floor":[64,64,64,64,46,46,37,60,60,56,56,53,53,53,53,8],"gold":5,"neow_bonus":"THREE_ENEMY_KILL","is_prod":false,"is_daily":false,"chose_seed":false,"campfire_upgraded":3,"win_rate":0,"timestamp":1554907352,"path_taken":["M","?","M","M","?","R","?","?","T","M","R","E","?","$","R","BOSS"],"build_version":"2019-01-23","purchased_purges":0,"victory":false,"max_hp_per_floor":[71,71,71,71,71,71,71,71,71,71,71,71,71,71,71,71],"card_choices":[{"not_picked":["Chill","Force Field"],"picked":"Melter","floor":1.0},{"not_picked":["Barrage","Steam"],"picked":"Go for the Eyes","floor":3.0},{"not_picked":["Compile Driver","Reinforced Body"],"picked":"Cold Snap","floor":4.0},{"not_picked":["Streamline","Aggregate"],"picked":"Cold Snap","floor":7.0},{"not_picked":["Hello World","Gash"],"picked":"BootSequence","floor":10.0},{"not_picked":["Self Repair","Blizzard"],"picked":"Skim","floor":12.0}],"player_experience":1358936,"relics_obtained":[{"floor":7.0,"key":"Odd Mushroom"},{"floor":9.0,"key":"PreservedInsect"},{"floor":12.0,"key":"Letter Opener"}],"event_choices":[{"damage_healed":0.0,"max_hp_gain":0.0,"max_hp_loss":0.0,"gold_gain":0.0,"cards_transformed":["Strike_B"],"event_name":"Living Wall","player_choice":"Change","floor":2.0,"gold_loss":0.0,"damage_taken":0.0,"cards_obtained":["Fusion"]},{"damage_healed":0.0,"max_hp_gain":0.0,"max_hp_loss":0.0,"gold_gain":0.0,"event_name":"Scrap Ooze","player_choice":"Success","floor":5.0,"gold_loss":0.0,"damage_taken":18.0,"relics_obtained":["Blood Vial"]},{"damage_healed":0.0,"max_hp_gain":0.0,"max_hp_loss":0.0,"gold_gain":0.0,"event_name":"Mushrooms","player_choice":"Fought Mushrooms","floor":7.0,"gold_loss":0.0,"damage_taken":0.0},{"damage_healed":23.0,"max_hp_gain":0.0,"max_hp_loss":0.0,"gold_gain":0.0,"event_name":"Big Fish","player_choice":"Banana","floor":8.0,"gold_loss":0.0,"damage_taken":0.0},{"damage_healed":0.0,"max_hp_gain":0.0,"max_hp_loss":0.0,"gold_gain":0.0,"event_name":"Liars Game","player_choice":"Ignored","floor":13.0,"gold_loss":0.0,"damage_taken":0.0}],"is_beta":false,"boss_relics":[],"items_purged_floors":[],"is_endless":false,"potions_floor_spawned":[1,3],"killed_by":"Slime Boss","ascension_level":20}