{"gold_per_floor":[113,129,2,22,35,35,49,62,62,62,62,62,88,103,103,206,206,179,179,6,6,6,6,24,40,40,340,61,78,78,78,78,174,174,193,211,1,19,29,29,57,69,104,166,178,10,21,37,37,37],"floor_reached":51,"playtime":3021,"items_purged":["Strike_G","Pain","Outmaneuver","Slice"],"score":729,"play_id":"d613d99b-3d6a-4d03-84cd-a4e1ec0bd229","local_time":"20181021135553","is_ascension_mode":false,"campfire_choices":[{"data":"Deadly Poison","floor":6,"key":"SMITH"},{"data":"Tactician","floor":10,"key":"SMITH"},{"floor":15,"key":"REST"},{"floor":23,"key":"REST"},{"floor":30,"key":"REST"},{"floor":32,"key":"REST"},{"floor":40,"key":"REST"},{"floor":42,"key":"REST"},{"floor":45,"key":"REST"},{"floor":49,"key":"REST"}],"neow_cost":"NONE","seed_source_timestamp":18551944099732,"circlet_count":0,"master_deck":["Survivor","Neutralize","Quick Slash","Tactician+1","Acrobatics+1","Deadly Poison+1","Burst","Tactician","Tools of the Trade","RitualDagger","Footwork","Well Laid Plans","Bouncing Flask","Tools of the Trade","Blade Dance","Deadly Poison","Tactician","Footwork","Deflect","Accuracy","Dash","Deflect+1","Blur","Corpse Explosion","Footwork+1","Leg Sweep","Deep Breath","Backflip+1","Leg Sweep+1"],"relics":["Ring of the Snake","Matryoshka","WarpedTongs","Bag of Marbles","Fusion Hammer","Omamori","Mercury Hourglass","Old Coin","ClockworkSouvenir","Pandora\u0027s Box","MawBank","Smiling Mask","Bag of Preparation","Ginger"],"potions_floor_usage":[16,16,24,36,38,38,48,50],"damage_taken":[{"damage":0,"enemies":"Small Slimes","floor":1,"turns":4},{"damage":0,"enemies":"2 Louse","floor":2,"turns":2},{"damage":0,"enemies":"Cultist","floor":4,"turns":4},{"damage":2,"enemies":"Exordium Wildlife","floor":5,"turns":4},{"damage":0,"enemies":"Blue Slaver","floor":7,"turns":4},{"damage":0,"enemies":"3 Louse","floor":8,"turns":3},{"damage":16,"enemies":"3 Sentries","floor":13,"turns":9},{"damage":6,"enemies":"Looter","floor":14,"turns":2},{"damage":25,"enemies":"Slime Boss","floor":16,"turns":9},{"damage":10,"enemies":"2 Thieves","floor":18,"turns":5},{"damage":1,"enemies":"Chosen","floor":24,"turns":3},{"damage":5,"enemies":"Snake Plant","floor":25,"turns":4},{"damage":0,"enemies":"Centurion and Healer","floor":29,"turns":8},{"damage":20,"enemies":"Automaton","floor":33,"turns":11},{"damage":36,"enemies":"3 Darklings","floor":35,"turns":5},{"damage":21,"enemies":"Orb Walker","floor":36,"turns":4},{"damage":0,"enemies":"Jaw Worm Horde","floor":38,"turns":5},{"damage":0,"enemies":"Sphere and 2 Shapes","floor":39,"turns":5},{"damage":0,"enemies":"Giant Head","floor":41,"turns":9},{"damage":16,"enemies":"2 Orb Walkers","floor":44,"turns":5},{"damage":30,"enemies":"Writhing Mass","floor":47,"turns":6},{"damage":0,"enemies":"Spire Growth","floor":48,"turns":6},{"damage":0,"enemies":"Time Eater","floor":50,"turns":19}],"seed_played":"-5535620820411672335","potions_obtained":[{"floor":1,"key":"Energy Potion"},{"floor":4,"key":"Explosive Potion"},{"floor":16,"key":"SpeedPotion"},{"floor":24,"key":"Strength Potion"},{"floor":35,"key":"Weak Potion"},{"floor":38,"key":"SpeedPotion"},{"floor":44,"key":"GamblersBrew"},{"floor":48,"key":"Fruit Juice"}],"is_trial":false,"path_per_floor":["M","M","$","M","M","R","M","M","T","R","?","?","E","M","R","B",null,"M","?","$","?","$","R","M","M","T","?","$","M","R","$","R","B",null,"M","M","$","M","M","R","E","R","T","?","R","$","M","M","R","B"],"character_chosen":"THE_SILENT","items_purchased":["Fire Potion","Footwork","Well Laid Plans","ClockworkSouvenir","Blur","Explosive Potion","Leg Sweep","Deep Breath"],"campfire_rested":8,"item_purchase_floors":[3,20,28,28,37,37,46,46],"current_hp_per_floor":[70,70,70,70,68,68,68,68,68,68,54,54,38,32,53,28,70,60,54,54,41,41,63,62,57,57,57,57,57,75,75,75,55,75,39,18,18,18,18,40,40,62,62,46,68,68,38,43,67,67],"gold":37,"neow_bonus":"TRANSFORM_CARD","is_prod":false,"is_daily":false,"chose_seed":false,"campfire_upgraded":2,"win_rate":0,"timestamp":1540101353,"path_taken":["M","M","$","M","M","R","M","M","T","R","?","?","E","M","R","BOSS","M","?","?","?","?","R","M","M","T","?","$","M","R","?","R","BOSS","M","M","$","M","M","R","E","R","T","?","R","$","M","M","R","BOSS"],"build_version":"2018-10-18","purchased_purges":4,"victory":true,"max_hp_per_floor":[70,70,70,70,70,70,70,70,70,70,70,70,70,70,70,70,70,70,70,70,75,75,75,75,75,75,75,75,75,75,75,75,75,75,75,75,75,75,75,75,75,75,75,75,75,75,75,80,80,80],"card_choices":[{"not_picked":["Accuracy","Blade Dance"],"picked":"Tactician","floor":1},{"not_picked":["Deflect","Caltrops","PiercingWail"],"picked":"SKIP","floor":2},{"not_picked":["Bane","All Out Attack"],"picked":"Acrobatics","floor":4},{"not_picked":["Bane","Backflip"],"picked":"Deadly Poison","floor":5},{"not_picked":["PiercingWail","Cloak And Dagger","Deflect"],"picked":"SKIP","floor":7},{"not_picked":["Quick Slash","Choke","Slice"],"picked":"SKIP","floor":8},{"not_picked":["Terror","Blade Dance"],"picked":"Burst","floor":13},{"not_picked":["Bane","All Out Attack"],"picked":"Tactician","floor":14},{"not_picked":["A Thousand Cuts","Venomology"],"picked":"Tools of the Trade","floor":16},{"not_picked":["Poisoned Stab","Flying Knee","Cloak And Dagger"],"picked":"SKIP","floor":18},{"not_picked":["Accuracy","PiercingWail","Dagger Throw"],"picked":"SKIP","floor":24},{"not_picked":["Flying Knee+1","Dash","Eviscerate"],"picked":"SKIP","floor":25},{"not_picked":["Flying Knee+1","Dash","Eviscerate"],"picked":"SKIP","floor":25},{"not_picked":["Dodge and Roll","Blade Dance"],"picked":"Bouncing Flask","floor":29},{"not_picked":["Doppelganger","After Image"],"picked":"Tools of the Trade","floor":33},{"not_picked":["Terror+1","Outmaneuver+1"],"picked":"Dash","floor":35},{"not_picked":["Sucker Punch+1","Poisoned Stab+1"],"picked":"Deflect+1","floor":36},{"not_picked":["Setup+1","Skewer+1","Dagger Throw+1"],"picked":"SKIP","floor":38},{"not_picked":["Quick Slash+1","Masterful Stab+1","Dagger Spray"],"picked":"SKIP","floor":39},{"not_picked":["Accuracy","Underhanded Strike"],"picked":"Corpse Explosion","floor":41},{"not_picked":["Outmaneuver","Concentrate"],"picked":"Footwork+1","floor":44},{"not_picked":["Outmaneuver","Cloak And Dagger+1"],"picked":"Backflip+1","floor":47},{"not_picked":["Distraction+1","Slice"],"picked":"Leg Sweep+1","floor":48}],"player_experience":450415,"relics_obtained":[{"floor":9,"key":"Matryoshka"},{"floor":13,"key":"Bag of Marbles"},{"floor":26,"key":"Omamori"},{"floor":26,"key":"Mercury Hourglass"},{"floor":41,"key":"MawBank"},{"floor":43,"key":"Smiling Mask"},{"floor":43,"key":"Bag of Preparation"},{"floor":44,"key":"Ginger"}],"event_choices":[{"damage_healed":0,"gold_gain":0,"player_choice":"Entered Light","damage_taken":14,"max_hp_gain":0,"max_hp_loss":0,"event_name":"Shining Light","floor":11,"gold_loss":0,"cards_upgraded":["Acrobatics","Strike_G"]},{"damage_healed":0,"gold_gain":0,"player_choice":"Rummage","damage_taken":0,"relics_obtained":["WarpedTongs"],"max_hp_gain":0,"max_hp_loss":0,"event_name":"Accursed Blacksmith","floor":12,"gold_loss":0,"cards_obtained":["Pain"]},{"damage_healed":0,"gold_gain":0,"player_choice":"Joined the Cult","damage_taken":6,"max_hp_gain":0,"max_hp_loss":0,"event_name":"Nest","floor":19,"gold_loss":0,"cards_obtained":["RitualDagger"]},{"damage_healed":0,"gold_gain":0,"player_choice":"Shed Blood","damage_taken":18,"max_hp_gain":5,"max_hp_loss":0,"event_name":"Forgotten Altar","floor":21,"gold_loss":0},{"damage_healed":0,"gold_gain":0,"player_choice":"Opened","damage_taken":0,"relics_obtained":["Old Coin"],"max_hp_gain":0,"max_hp_loss":0,"event_name":"The Mausoleum","floor":27,"gold_loss":0},{"damage_healed":0,"gold_gain":0,"player_choice":"Fight","damage_taken":0,"max_hp_gain":0,"max_hp_loss":0,"event_name":"Mysterious Sphere","floor":44,"gold_loss":0}],"is_beta":false,"boss_relics":[{"not_picked":["HoveringKite","Black Star"],"picked":"Fusion Hammer"},{"not_picked":["Sozu","WristBlade"],"picked":"Pandora\u0027s Box"}],"items_purged_floors":[3,20,37,46],"is_endless":false,"potions_floor_spawned":[1,4,13,14,16,24,35,38,44,48],"ascension_level":0}