{"gold_per_floor":[116,116,127,127,141,26,26,44,44,69,69,84,84,115,115,211,211,230,248,248,68,83,83,83,94,94,94,22,22,36,56,56,154,154,169,186,201,76,90,105,105,118,118,133,133,62,62,73,73,73],"floor_reached":51,"playtime":1764,"items_purged":["Strike_G","Defend_G","Strike_G"],"score":663,"play_id":"2d77c587-4054-4aa7-817a-8fe1f030c9b0","local_time":"20181030104917","is_ascension_mode":false,"campfire_choices":[{"data":"Accuracy","floor":7.0,"key":"SMITH"},{"data":"Neutralize","floor":11.0,"key":"SMITH"},{"data":"Wraith Form v2","floor":13.0,"key":"SMITH"},{"data":"Terror","floor":15.0,"key":"SMITH"},{"data":"Cloak And Dagger","floor":23.0,"key":"SMITH"},{"data":"Well Laid Plans","floor":27.0,"key":"SMITH"},{"data":"Accuracy","floor":32.0,"key":"SMITH"},{"data":"Accuracy","floor":41.0,"key":"SMITH"},{"data":"Tactician","floor":47,"key":"SMITH"},{"data":"Phantasmal Killer","floor":49,"key":"SMITH"}],"neow_cost":"NONE","seed_source_timestamp":1718547916459,"circlet_count":0,"master_deck":["Defend_G+1","Defend_G+1","Defend_G+1","Defend_G+1","Strike_G+1","Strike_G+1","Survivor+1","Neutralize+1","Infinite Blades+1","Accuracy+1","Poisoned Stab+1","Infinite Blades+1","Wraith Form v2+1","Terror+1","Dagger Throw+1","Infinite Blades+1","Well Laid Plans+1","Cloak And Dagger+1","Accuracy+1","Dodge and Roll+1","Well Laid Plans+1","Well Laid Plans+1","Malaise+1","Backflip+1","Leg Sweep+1","Accuracy+1","Escape Plan+1","Parasite","Cloak And Dagger+1","Dodge and Roll+1","Tactician+1","Parasite","Phantasmal Killer+1"],"special_seed":0,"relics":["Ring of the Snake","Kunai","Boot","Art of War","Cursed Key","Runic Pyramid","Mark of the Bloom"],"potions_floor_usage":[50],"damage_taken":[{"damage":2.0,"enemies":"Small Slimes","floor":1.0,"turns":4.0},{"damage":0.0,"enemies":"Cultist","floor":3.0,"turns":4.0},{"damage":0.0,"enemies":"2 Louse","floor":5.0,"turns":4.0},{"damage":2.0,"enemies":"Blue Slaver","floor":8.0,"turns":4.0},{"damage":11.0,"enemies":"Lagavulin","floor":10.0,"turns":8.0},{"damage":7.0,"enemies":"Looter","floor":12.0,"turns":3.0},{"damage":17.0,"enemies":"Gremlin Nob","floor":14.0,"turns":5.0},{"damage":15.0,"enemies":"The Guardian","floor":16.0,"turns":9.0},{"damage":0.0,"enemies":"Shell Parasite","floor":18.0,"turns":5.0},{"damage":2.0,"enemies":"2 Thieves","floor":19.0,"turns":4.0},{"damage":8.0,"enemies":"3 Cultists","floor":22.0,"turns":5.0},{"damage":5.0,"enemies":"Cultist and Chosen","floor":25.0,"turns":5.0},{"damage":9.0,"enemies":"Snake Plant","floor":30.0,"turns":3.0},{"damage":4.0,"enemies":"Chosen and Byrds","floor":31.0,"turns":5.0},{"damage":21.0,"enemies":"Collector","floor":33.0,"turns":8.0},{"damage":0.0,"enemies":"3 Darklings","floor":35.0,"turns":6.0},{"damage":0.0,"enemies":"Orb Walker","floor":36.0,"turns":4.0},{"damage":1.0,"enemies":"Jaw Worm Horde","floor":37.0,"turns":6.0},{"damage":0.0,"enemies":"3 Darklings","floor":39.0,"turns":6.0},{"damage":0.0,"enemies":"Writhing Mass","floor":40.0,"turns":5.0},{"damage":0.0,"enemies":"Jaw Worm Horde","floor":42.0,"turns":5.0},{"damage":11,"enemies":"3 Darklings","floor":44,"turns":6},{"damage":1,"enemies":"Writhing Mass","floor":48,"turns":5},{"damage":8,"enemies":"Time Eater","floor":50,"turns":10}],"seed_played":"7421907847483029626","potions_obtained":[{"floor":8.0,"key":"Swift Potion"},{"floor":10.0,"key":"GamblersBrew"},{"floor":14.0,"key":"Swift Potion"},{"floor":22.0,"key":"SpeedPotion"},{"floor":31.0,"key":"GamblersBrew"},{"floor":33.0,"key":"SpeedPotion"},{"floor":39.0,"key":"LiquidBronze"},{"floor":42.0,"key":"SkillPotion"}],"is_trial":false,"path_per_floor":["M","$","M","$","M","$","R","M","T","E","R","M","R","E","R","B",null,"M","M","?","$","M","R","?","M","T","R","$","?","M","M","R","B",null,"M","M","M","$","M","M","R","M","T","M","?","$","R","M","R","B"],"character_chosen":"THE_SILENT","items_purchased":["Accuracy","Well Laid Plans","Well Laid Plans","Tactician"],"campfire_rested":0,"item_purchase_floors":[6,21,28,46],"current_hp_per_floor":[68,68,68,68,68,68,68,66,66,55,55,48,48,31,31,16,70,70,68,68,68,60,60,60,55,55,55,55,80,71,67,67,46,80,80,80,79,79,79,79,79,79,79,68,68,68,68,67,67,59],"gold":73,"neow_bonus":"REMOVE_CARD","is_prod":false,"is_daily":false,"chose_seed":false,"campfire_upgraded":10,"win_rate":0,"timestamp":1540867757,"path_taken":["M","$","M","$","M","$","R","M","T","E","R","M","R","E","R","BOSS","M","M","?","$","M","R","?","M","T","R","$","?","?","M","R","BOSS","M","?","?","$","M","M","R","M","T","M","?","$","R","?","R","BOSS"],"build_version":"2018-10-25v2","purchased_purges":3,"victory":true,"max_hp_per_floor":[70,70,70,70,70,70,70,70,70,70,70,70,70,70,70,70,70,70,70,70,70,70,70,70,70,70,70,70,80,80,80,80,80,80,80,80,80,80,80,80,80,80,80,80,80,80,80,80,80,80],"card_choices":[{"not_picked":["Cloak And Dagger","Dagger Throw"],"picked":"Infinite Blades","floor":1.0},{"not_picked":["Dodge and Roll","Acrobatics","Sucker Punch"],"picked":"SKIP","floor":3.0},{"not_picked":["Acrobatics","Blade Dance","Sucker Punch"],"picked":"SKIP","floor":5.0},{"not_picked":["Bane","Riddle With Holes"],"picked":"Poisoned Stab","floor":8.0},{"not_picked":["Dagger Spray","Footwork"],"picked":"Infinite Blades","floor":10.0},{"not_picked":["Wraith Form v2","Reflex","Poisoned Stab"],"picked":"SKIP","floor":12.0},{"not_picked":["Reflex","Poisoned Stab"],"picked":"Wraith Form v2","floor":12.0},{"not_picked":["Sucker Punch","Backstab"],"picked":"Terror","floor":14.0},{"not_picked":["Grand Finale","Burst"],"picked":"Envenom","floor":16.0},{"not_picked":["Sucker Punch","Blur"],"picked":"Dagger Throw+1","floor":18.0},{"not_picked":["Blur+1","Footwork"],"picked":"Infinite Blades+1","floor":19.0},{"not_picked":["Backflip+1","Outmaneuver+1"],"picked":"Cloak And Dagger","floor":22.0},{"not_picked":["Escape Plan","PiercingWail"],"picked":"Dodge and Roll+1","floor":25.0},{"not_picked":["Deflect","PiercingWail","Underhanded Strike"],"picked":"SKIP","floor":30.0},{"not_picked":["Sucker Punch+1","Dagger Throw"],"picked":"Well Laid Plans+1","floor":31.0},{"not_picked":["Adrenaline","Envenom"],"picked":"Malaise","floor":33.0},{"not_picked":["Underhanded Strike+1","Quick Slash"],"picked":"Backflip+1","floor":35.0},{"not_picked":["Quick Slash+1","Dagger Throw+1"],"picked":"Leg Sweep+1","floor":36.0},{"not_picked":["Deflect+1","Dagger Throw+1"],"picked":"Accuracy","floor":37.0},{"not_picked":["Dagger Spray","Quick Slash"],"picked":"Escape Plan+1","floor":39.0},{"not_picked":["Riddle With Holes+1","Calculated Gamble","Endless Agony"],"picked":"SKIP","floor":40.0},{"not_picked":["Caltrops+1","Prepared+1"],"picked":"Cloak And Dagger","floor":42.0},{"not_picked":["Bane","Flying Knee"],"picked":"Dodge and Roll+1","floor":44},{"not_picked":["Deflect+1","Slice+1"],"picked":"Phantasmal Killer","floor":48}],"player_experience":735889,"relics_obtained":[{"floor":9.0,"key":"Kunai"},{"floor":10.0,"key":"Boot"},{"floor":14.0,"key":"Art of War"}],"event_choices":[{"damage_healed":0.0,"max_hp_gain":0.0,"max_hp_loss":0.0,"gold_gain":0.0,"event_name":"The Woman in Blue","player_choice":"Bought 0 Potions","floor":20.0,"gold_loss":0.0,"damage_taken":0.0},{"damage_healed":0.0,"max_hp_gain":0.0,"max_hp_loss":0.0,"gold_gain":0.0,"event_name":"The Library","player_choice":"Read","floor":24.0,"gold_loss":0.0,"damage_taken":0.0,"cards_obtained":["Accuracy"]},{"cards_removed":["Envenom"],"damage_healed":15.0,"max_hp_gain":10.0,"max_hp_loss":0.0,"gold_gain":0.0,"event_name":"Bonfire Elementals","player_choice":"Offered Rare","floor":29.0,"gold_loss":0.0,"damage_taken":0.0},{"damage_healed":0,"gold_gain":0,"player_choice":"Upgrade","damage_taken":0,"relics_obtained":["Mark of the Bloom"],"max_hp_gain":0,"max_hp_loss":0,"event_name":"MindBloom","floor":45,"gold_loss":0,"cards_upgraded":["Defend_G","Defend_G","Defend_G","Defend_G","Strike_G","Strike_G","Survivor","Infinite Blades","Poisoned Stab","Infinite Blades","Well Laid Plans","Malaise","Cloak And Dagger"]}],"is_beta":false,"boss_relics":[{"not_picked":["Orrery","Empty Cage"],"picked":"Cursed Key"},{"not_picked":["Pandora\u0027s Box","Busted Crown"],"picked":"Runic Pyramid"}],"items_purged_floors":[6,21,38],"is_endless":false,"potions_floor_spawned":[8,10,14,16,22,31,33,35,39,42],"ascension_level":0}