{"gold_per_floor":[113,113,38,38,38,38,52,52,52,52,75,86,103,120,120,216,216,235,150,150,50,61,61,61,61,61,61,77,88,88,103,103,205,205,224,240,240,96,96,96,96,96,96,115,150,150,150,161,161,161],"floor_reached":51,"playtime":1347,"items_purged":["Strike_B","Defend_B"],"score":715,"play_id":"2b02f374-bf23-4d68-9e6d-c6cf4a90eab2","local_time":"20190612033200","is_ascension_mode":false,"campfire_choices":[{"data":"Streamline","floor":6,"key":"SMITH"},{"data":"Dualcast","floor":8,"key":"SMITH"},{"data":"Coolheaded","floor":10,"key":"SMITH"},{"data":"Zap","floor":15,"key":"SMITH"},{"data":"Biased Cognition","floor":23,"key":"SMITH"},{"data":"Skim","floor":30,"key":"SMITH"},{"data":"Buffer","floor":32,"key":"SMITH"},{"floor":40,"key":"RECALL"},{"floor":42,"key":"REST"},{"floor":47,"key":"REST"},{"floor":49,"key":"REST"}],"neow_cost":"NONE","seed_source_timestamp":59859815301731,"circlet_count":0,"master_deck":["Defend_B+1","Defend_B+1","Zap+1","Dualcast+1","Amplify+1","Coolheaded+1","Streamline+1","Genetic Algorithm+1","Doom and Gloom+1","Genetic Algorithm+1","Biased Cognition+1","Hologram+1","Buffer+1","Force Field+1","Skim+1","Self Repair+1","White Noise+1","Biased Cognition+1","Core Surge+1","Capacitor","Defragment+1"],"relics":["Cracked Core","Letter Opener","Odd Mushroom","Inserter","Omamori","Fusion Hammer","Mark of the Bloom","Darkstone Periapt","War Paint","Centennial Puzzle"],"potions_floor_usage":[22,25,50,50,50],"damage_taken":[{"damage":1,"enemies":"Cultist","floor":1,"turns":4},{"damage":0,"enemies":"2 Louse","floor":7,"turns":2},{"damage":4,"enemies":"The Mushroom Lair","floor":11,"turns":4},{"damage":6,"enemies":"Jaw Worm","floor":12,"turns":4},{"damage":11,"enemies":"Large Slime","floor":13,"turns":4},{"damage":6,"enemies":"Exordium Wildlife","floor":14,"turns":3},{"damage":27,"enemies":"Hexaghost","floor":16,"turns":8},{"damage":10,"enemies":"2 Thieves","floor":18,"turns":4},{"damage":2,"enemies":"Spheric Guardian","floor":22,"turns":4},{"damage":0,"enemies":"Shelled Parasite and Fungi","floor":25,"turns":1},{"damage":0,"enemies":"Centurion and Healer","floor":28,"turns":6},{"damage":8,"enemies":"Cultist and Chosen","floor":29,"turns":6},{"damage":0,"enemies":"Snecko","floor":31,"turns":6},{"damage":28,"enemies":"Champ","floor":33,"turns":11},{"damage":0,"enemies":"3 Shapes","floor":35,"turns":3},{"damage":5,"enemies":"Orb Walker","floor":36,"turns":5},{"damage":0,"enemies":"Transient","floor":44,"turns":5},{"damage":0,"enemies":"Nemesis","floor":45,"turns":7},{"damage":0,"enemies":"Spire Growth","floor":48,"turns":6},{"damage":38,"enemies":"Awakened One","floor":50,"turns":11}],"seed_played":"-4161281650464747643","potions_obtained":[{"floor":11,"key":"SmokeBomb"},{"floor":13,"key":"SpeedPotion"},{"floor":18,"key":"SpeedPotion"},{"floor":22,"key":"Swift Potion"},{"floor":28,"key":"Swift Potion"}],"is_trial":false,"path_per_floor":["M","?","$","?","?","R","M","R","T","R","?","M","M","M","R","B",null,"M","?","?","$","M","R","$","M","T","?","M","M","R","M","R","B",null,"M","M","?","$","?","R","?","R","T","M","E","?","R","M","R","B",null],"character_chosen":"DEFECT","items_purchased":["Core Surge"],"campfire_rested":3,"item_purchase_floors":[38],"current_hp_per_floor":[74,74,74,74,79,79,79,79,79,79,75,69,58,52,52,25,80,70,70,70,70,68,68,68,68,68,68,68,74,74,80,80,59,80,80,80,80,80,80,80,80,80,80,80,80,80,80,80,80,42],"gold":161,"neow_bonus":"ONE_RANDOM_RARE_CARD","is_prod":false,"is_daily":false,"chose_seed":false,"campfire_upgraded":7,"win_rate":0,"timestamp":1560281520,"path_taken":["M","?","$","?","?","R","M","R","T","R","?","M","M","M","R","BOSS","M","?","?","?","?","R","$","M","T","?","M","M","R","M","R","BOSS","M","M","?","$","?","R","?","R","T","?","E","?","R","?","R","BOSS"],"build_version":"2019-01-23","purchased_purges":2,"victory":true,"max_hp_per_floor":[75,75,75,75,80,80,80,80,80,80,80,80,80,80,80,80,80,80,80,80,80,80,80,80,80,80,80,80,80,80,80,80,80,80,80,80,80,80,80,80,80,80,80,80,80,80,80,80,80,80],"card_choices":[{"not_picked":["Scrape","Redo"],"picked":"Coolheaded","floor":1},{"not_picked":["Sunder","Turbo"],"picked":"Genetic Algorithm","floor":7},{"not_picked":["Aggregate","Melter"],"picked":"Tempest","floor":11},{"not_picked":["Gash","Steam","Go for the Eyes"],"picked":"SKIP","floor":12},{"not_picked":["Cold Snap","Genetic Algorithm"],"picked":"Doom and Gloom","floor":13},{"not_picked":["Rip and Tear","Go for the Eyes"],"picked":"Genetic Algorithm","floor":14},{"not_picked":["Core Surge","Seek"],"picked":"Biased Cognition","floor":16},{"not_picked":["Barrage","Steam"],"picked":"Hologram+1","floor":18},{"not_picked":["Tempest+1","Rip and Tear","Rebound"],"picked":"SKIP","floor":22},{"not_picked":["Aggregate","Go for the Eyes+1"],"picked":"Self Repair","floor":28},{"not_picked":["Ball Lightning","Beam Cell","Stack"],"picked":"SKIP","floor":29},{"not_picked":["Compile Driver","Sunder"],"picked":"White Noise","floor":31},{"not_picked":["Amplify","Fission"],"picked":"Biased Cognition","floor":33},{"not_picked":["Go for the Eyes+1","Loop","Cold Snap"],"picked":"SKIP","floor":35},{"not_picked":["Beam Cell+1","Undo","Chaos"],"picked":"SKIP","floor":36},{"not_picked":["Hello World","Tempest","Blizzard+1"],"picked":"SKIP","floor":44},{"not_picked":["Hello World","Tempest","Blizzard+1"],"picked":"SKIP","floor":44},{"not_picked":["BootSequence+1","Undo+1","Thunder Strike"],"picked":"SKIP","floor":45},{"not_picked":["Storm","Gash+1"],"picked":"Defragment+1","floor":48}],"player_experience":5084584,"relics_obtained":[{"floor":9,"key":"Letter Opener"},{"floor":11,"key":"Odd Mushroom"},{"floor":43,"key":"Darkstone Periapt"},{"floor":45,"key":"War Paint"},{"floor":46,"key":"Centennial Puzzle"}],"event_choices":[{"damage_healed":0,"gold_gain":0,"cards_transformed":["Strike_B"],"player_choice":"Change","damage_taken":0,"max_hp_gain":0,"max_hp_loss":0,"event_name":"Living Wall","floor":2,"gold_loss":0,"cards_obtained":["Streamline"]},{"damage_healed":0,"gold_gain":0,"player_choice":"Ignored","damage_taken":0,"max_hp_gain":0,"max_hp_loss":0,"event_name":"Liars Game","floor":4,"gold_loss":0},{"damage_healed":0,"gold_gain":0,"player_choice":"Donut","damage_taken":0,"max_hp_gain":5,"max_hp_loss":0,"event_name":"Big Fish","floor":5,"gold_loss":0},{"damage_healed":0,"gold_gain":0,"player_choice":"Fought Mushrooms","damage_taken":0,"max_hp_gain":0,"max_hp_loss":0,"event_name":"Mushrooms","floor":11,"gold_loss":0},{"damage_healed":0,"gold_gain":0,"player_choice":"Obtained Relic","damage_taken":0,"relics_obtained":["Omamori"],"max_hp_gain":0,"max_hp_loss":0,"event_name":"Addict","floor":19,"gold_loss":85},{"damage_healed":0,"gold_gain":0,"cards_transformed":["Strike_B","Strike_B"],"player_choice":"Became Test Subject","damage_taken":0,"max_hp_gain":0,"max_hp_loss":0,"event_name":"Drug Dealer","floor":20,"gold_loss":0,"cards_obtained":["Buffer","Force Field"]},{"damage_healed":0,"gold_gain":0,"player_choice":"Read","damage_taken":0,"max_hp_gain":0,"max_hp_loss":0,"event_name":"The Library","floor":27,"gold_loss":0,"cards_obtained":["Skim"]},{"cards_removed":["Tempest"],"damage_healed":0,"gold_gain":0,"player_choice":"Removed Skill","damage_taken":0,"max_hp_gain":0,"max_hp_loss":0,"event_name":"Falling","floor":37,"gold_loss":0},{"damage_healed":0,"gold_gain":0,"player_choice":"Upgrade","damage_taken":0,"relics_obtained":["Mark of the Bloom"],"max_hp_gain":0,"max_hp_loss":0,"event_name":"MindBloom","floor":39,"gold_loss":0,"cards_upgraded":["Defend_B","Defend_B","Defend_B","Amplify","Genetic Algorithm","Doom and Gloom","Genetic Algorithm","Force Field","Self Repair","White Noise","Biased Cognition","Core Surge"]},{"damage_healed":0,"gold_gain":0,"cards_transformed":["Defend_B"],"player_choice":"Transformed","damage_taken":0,"max_hp_gain":0,"max_hp_loss":0,"event_name":"Transmorgrifier","floor":41,"gold_loss":0,"cards_obtained":["Capacitor"]},{"damage_healed":0,"gold_gain":0,"player_choice":"Relic","damage_taken":0,"max_hp_gain":0,"max_hp_loss":0,"event_name":"Wheel of Change","floor":46,"gold_loss":0}],"is_beta":false,"boss_relics":[{"not_picked":["Eternal Feather","Ectoplasm"],"picked":"Inserter"},{"not_picked":["Black Star","FrozenCore"],"picked":"Fusion Hammer"}],"items_purged_floors":[3,21],"is_endless":false,"potions_floor_spawned":[11,13,18,22,28,29,35,36],"ascension_level":0}