{"gold_per_floor":[113,36,49,59,9,9,39,52,52,68,86,86,102,113,113,215,215,231,156,156,156,175,175,195,208,208,219,144,161,26,39,39,139,139,157,157,170,183,202,202,218,93,117,117,117,117,130,142,142,142],"floor_reached":51,"playtime":2568,"items_purged":["Strike_G","Strike_G+1","Defend_G+1"],"score":709,"play_id":"3b97b52b-eb3f-4801-b766-b52c0b940fab","local_time":"20181020232454","is_ascension_mode":false,"campfire_choices":[{"data":"Neutralize","floor":6.0,"key":"SMITH"},{"data":"Noxious Fumes","floor":12.0,"key":"SMITH"},{"data":"Envenom","floor":15.0,"key":"SMITH"},{"floor":23.0,"key":"REST"},{"floor":32.0,"key":"REST"},{"floor":40.0,"key":"REST"},{"floor":45.0,"key":"REST"},{"floor":49.0,"key":"REST"}],"neow_cost":"NONE","seed_source_timestamp":44863374987442,"circlet_count":0,"master_deck":["Defend_G+1","Defend_G+1","Strike_G+1","Survivor+1","Neutralize+1","Footwork+1","Dagger Throw+1","Backflip+1","Envenom+1","Noxious Fumes+1","Venomology+1","Blade Dance+1","Poisoned Stab+1","Deadly Poison+1","Doppelganger+1","Infinite Blades+1","Endless Agony+1","Malaise+1","Concentrate+1","After Image+1","Malaise+1","Leg Sweep+1","Madness+1","Madness+1","Blade Dance+1","Accuracy+1","Burst+1","Crippling Poison+1"],"special_seed":0,"relics":["Ring of the Snake","Oddly Smooth Stone","Kunai","Fusion Hammer","Ice Cream","Astrolabe","War Paint","Mark of the Bloom"],"potions_floor_usage":[50,50,50,50],"damage_taken":[{"damage":4.0,"enemies":"Cultist","floor":1.0,"turns":4.0},{"damage":0.0,"enemies":"2 Louse","floor":3.0,"turns":4.0},{"damage":0.0,"enemies":"Small Slimes","floor":4.0,"turns":4.0},{"damage":10.0,"enemies":"3 Sentries","floor":7.0,"turns":8.0},{"damage":2.0,"enemies":"Exordium Thugs","floor":8.0,"turns":6.0},{"damage":3.0,"enemies":"Large Slime","floor":10.0,"turns":9.0},{"damage":2.0,"enemies":"Looter","floor":11.0,"turns":3.0},{"damage":5.0,"enemies":"3 Louse","floor":13.0,"turns":4.0},{"damage":3.0,"enemies":"2 Fungi Beasts","floor":14.0,"turns":4.0},{"damage":37.0,"enemies":"The Guardian","floor":16.0,"turns":10.0},{"damage":4.0,"enemies":"3 Byrds","floor":18.0,"turns":5.0},{"damage":0.0,"enemies":"Spheric Guardian","floor":22.0,"turns":4.0},{"damage":0.0,"enemies":"Shelled Parasite and Fungi","floor":24.0,"turns":8.0},{"damage":0.0,"enemies":"Centurion and Healer","floor":25.0,"turns":7.0},{"damage":0.0,"enemies":"Snecko","floor":27.0,"turns":6.0},{"damage":0.0,"enemies":"Cultist and Chosen","floor":29.0,"turns":6.0},{"damage":0.0,"enemies":"Snake Plant","floor":31.0,"turns":5.0},{"damage":61.0,"enemies":"Automaton","floor":33.0,"turns":11.0},{"damage":0.0,"enemies":"3 Darklings","floor":35.0,"turns":5.0},{"damage":0.0,"enemies":"Orb Walker","floor":37.0,"turns":5.0},{"damage":0.0,"enemies":"Maw","floor":38.0,"turns":9.0},{"damage":35.0,"enemies":"Jaw Worm Horde","floor":39.0,"turns":6.0},{"damage":0.0,"enemies":"Sphere and 2 Shapes","floor":41.0,"turns":6.0},{"damage":12.0,"enemies":"Writhing Mass","floor":47.0,"turns":7.0},{"damage":0.0,"enemies":"Maw","floor":48.0,"turns":8.0},{"damage":0,"enemies":"Donu and Deca","floor":50,"turns":10}],"seed_played":"2745947077304211279","potions_obtained":[{"floor":4.0,"key":"SneckoOil"},{"floor":7.0,"key":"Explosive Potion"},{"floor":8.0,"key":"Regen Potion"},{"floor":14.0,"key":"Strength Potion"},{"floor":16.0,"key":"Explosive Potion"},{"floor":47.0,"key":"Dexterity Potion"}],"is_trial":false,"path_per_floor":["M","$","M","M","$","R","E","M","T","M","M","R","M","M","R","B",null,"M","$","?","?","M","R","M","M","T","M","?","M","$","M","R","B",null,"M","?","M","M","M","R","M","$","T","?","R","?","M","M","R","B"],"character_chosen":"THE_SILENT","items_purchased":["Footwork","Explosive Potion","Infinite Blades"],"campfire_rested":5,"item_purchase_floors":[2,5,30],"current_hp_per_floor":[66,66,66,66,66,66,56,54,54,66,64,64,59,56,56,19,70,66,66,53,53,53,75,75,75,75,75,75,75,75,75,75,14,75,75,66,66,66,31,53,53,53,53,53,53,53,41,41,41,41],"gold":142,"neow_bonus":"RANDOM_COMMON_RELIC","is_prod":false,"is_daily":false,"chose_seed":false,"campfire_upgraded":3,"win_rate":0,"timestamp":1540049094,"path_taken":["M","$","?","M","$","R","E","M","T","M","M","R","M","M","R","BOSS","M","$","?","?","?","R","M","M","T","M","?","M","$","M","R","BOSS","M","?","M","M","M","R","?","$","T","?","R","?","M","M","R","BOSS"],"build_version":"2018-10-18","purchased_purges":3,"victory":true,"max_hp_per_floor":[70,70,70,70,70,70,70,70,70,70,70,70,70,70,70,70,70,70,70,75,75,75,75,75,75,75,75,75,75,75,75,75,75,75,75,75,75,75,75,75,75,75,75,75,75,75,75,75,75,75],"card_choices":[{"not_picked":["Outmaneuver","Bane","Flying Knee"],"picked":"SKIP","floor":1.0},{"not_picked":["Bane","Deflect"],"picked":"Dagger Throw","floor":3.0},{"not_picked":["Blur","PiercingWail","Accuracy"],"picked":"SKIP","floor":4.0},{"not_picked":["PiercingWail","Blur","Heel Hook"],"picked":"SKIP","floor":7.0},{"not_picked":["Prepared","Dagger Throw"],"picked":"Backflip","floor":8.0},{"not_picked":["Distraction","Bane"],"picked":"Envenom","floor":10.0},{"not_picked":["Outmaneuver","Cloak And Dagger"],"picked":"Noxious Fumes","floor":11.0},{"not_picked":["Dagger Spray","Blur","Underhanded Strike"],"picked":"SKIP","floor":13.0},{"not_picked":["Slice","Poisoned Stab","Prepared"],"picked":"SKIP","floor":14.0},{"not_picked":["Unload","Bullet Time"],"picked":"Venomology","floor":16.0},{"not_picked":["Tactician","Quick Slash","Dagger Throw"],"picked":"SKIP","floor":18.0},{"not_picked":["Underhanded Strike","Finisher"],"picked":"Blade Dance","floor":22.0},{"not_picked":["PiercingWail","Quick Slash+1","Dagger Spray"],"picked":"SKIP","floor":24.0},{"not_picked":["Reflex","Flying Knee"],"picked":"Poisoned Stab+1","floor":25.0},{"not_picked":["Deflect","PiercingWail+1"],"picked":"Deadly Poison+1","floor":27.0},{"not_picked":["Dagger Spray","Doppelganger","Underhanded Strike"],"picked":"SKIP","floor":29.0},{"not_picked":["Dagger Spray","Underhanded Strike"],"picked":"Doppelganger","floor":29.0},{"not_picked":["Expertise","Dodge and Roll"],"picked":"Endless Agony","floor":31.0},{"not_picked":["Tools of the Trade","Unload"],"picked":"Malaise","floor":33.0},{"not_picked":["Calculated Gamble","Outmaneuver+1"],"picked":"Leg Sweep","floor":35.0},{"not_picked":["Eviscerate+1","Quick Slash+1","Outmaneuver"],"picked":"SKIP","floor":37.0},{"not_picked":["Bouncing Flask","Cloak And Dagger"],"picked":"Blade Dance+1","floor":38.0},{"not_picked":["Calculated Gamble","Acrobatics+1"],"picked":"Accuracy","floor":39.0},{"not_picked":["Slice+1","Crippling Poison+1"],"picked":"Burst","floor":41.0},{"not_picked":["Outmaneuver+1","Underhanded Strike+1","Dagger Spray+1"],"picked":"SKIP","floor":47.0},{"not_picked":["Setup","Underhanded Strike+1"],"picked":"Crippling Poison+1","floor":48.0}],"player_experience":426419,"relics_obtained":[{"floor":9.0,"key":"Kunai"},{"floor":26.0,"key":"Ice Cream"},{"floor":43.0,"key":"War Paint"}],"event_choices":[{"damage_healed":0.0,"max_hp_gain":5.0,"max_hp_loss":0.0,"gold_gain":0.0,"event_name":"Forgotten Altar","player_choice":"Shed Blood","floor":20.0,"gold_loss":0.0,"damage_taken":18.0},{"damage_healed":0.0,"max_hp_gain":0.0,"max_hp_loss":0.0,"gold_gain":0.0,"event_name":"Back to Basics","player_choice":"Simplicity","floor":21.0,"gold_loss":0.0,"damage_taken":0.0,"cards_upgraded":["Defend_G","Defend_G","Defend_G","Defend_G","Defend_G","Strike_G","Strike_G","Strike_G","Strike_G"]},{"cards_removed":["Defend_G"],"damage_healed":0.0,"max_hp_gain":0.0,"max_hp_loss":0.0,"gold_gain":0.0,"event_name":"Beggar","player_choice":"Gave Gold","floor":28.0,"gold_loss":75.0,"damage_taken":0.0},{"damage_healed":0.0,"max_hp_gain":0.0,"max_hp_loss":0.0,"gold_gain":0.0,"event_name":"Winding Halls","player_choice":"Embrace Madness","floor":36.0,"gold_loss":0.0,"damage_taken":9.0,"cards_obtained":["Madness","Madness"]},{"damage_healed":0.0,"max_hp_gain":0.0,"max_hp_loss":0.0,"gold_gain":0.0,"event_name":"MindBloom","player_choice":"Upgrade","floor":44.0,"gold_loss":0.0,"damage_taken":0.0,"cards_upgraded":["Footwork","Dagger Throw","Backflip","Venomology","Blade Dance","Infinite Blades","Endless Agony","Malaise","Leg Sweep","Madness","Madness","Accuracy","Burst"],"relics_obtained":["Mark of the Bloom"]},{"damage_healed":0.0,"max_hp_gain":0.0,"max_hp_loss":0.0,"gold_gain":0.0,"event_name":"Upgrade Shrine","player_choice":"Ignored","floor":46.0,"gold_loss":0.0,"damage_taken":0.0}],"is_beta":false,"boss_relics":[{"not_picked":["White Beast Statue","Orrery"],"picked":"Fusion Hammer"},{"not_picked":["Lizard Tail","Busted Crown"],"picked":"Astrolabe"}],"items_purged_floors":[19,30,42],"is_endless":false,"potions_floor_spawned":[4,7,8,14,16,22,25,31,37,38,47],"ascension_level":0}