{"gold_per_floor":[111,121,7,7,22,22,49,49,73,73,73,106,106,10,10,10],"floor_reached":16,"playtime":234,"items_purged":[],"score":212,"play_id":"00912c6e-8de3-443e-9e0f-d10f14f47e77","local_time":"20190318001722","is_ascension_mode":true,"campfire_choices":[{"data":"Sunder","floor":6.0,"key":"SMITH"},{"data":"Zap","floor":8.0,"key":"SMITH"},{"data":"Dualcast","floor":10.0,"key":"SMITH"},{"data":"Turbo","floor":13.0,"key":"SMITH"},{"data":"Beam Cell","floor":15.0,"key":"SMITH"}],"neow_cost":"NONE","seed_source_timestamp":1315808030177526,"circlet_count":0,"master_deck":["AscendersBane","Strike_B","Strike_B","Strike_B","Strike_B","Defend_B","Defend_B","Defend_B","Defend_B","Zap+1","Dualcast+1","Skim","Hologram","Sunder+1","Self Repair","Leap","Turbo+1","Reboot","Loop","Beam Cell+1"],"special_seed":0,"relics":["Cracked Core","NeowsBlessing","Bronze Scales","Bottled Tornado","Potion Belt","Pear"],"potions_floor_usage":[16,16],"damage_taken":[{"damage":0.0,"enemies":"Cultist","floor":1.0,"turns":1.0},{"damage":0.0,"enemies":"Jaw Worm","floor":2.0,"turns":1.0},{"damage":0.0,"enemies":"Small Slimes","floor":5.0,"turns":1.0},{"damage":21.0,"enemies":"3 Sentries","floor":7.0,"turns":7.0},{"damage":15.0,"enemies":"Lagavulin","floor":12.0,"turns":6.0},{"damage":38,"enemies":"Slime Boss","floor":16,"turns":3}],"seed_played":"2495749205986197836","potions_obtained":[{"floor":5.0,"key":"SneckoOil"},{"floor":7.0,"key":"Ancient Potion"}],"is_trial":false,"path_per_floor":["M","M","$","?","M","R","E","R","T","R","?","E","R","$","R","B"],"character_chosen":"DEFECT","items_purchased":["Sunder","Self Repair","Loop","Beam Cell"],"campfire_rested":0,"item_purchase_floors":[3,3,14,14],"current_hp_per_floor":[64,64,64,38,45,45,31,31,31,31,31,33,33,33,33,0],"gold":10,"neow_bonus":"THREE_ENEMY_KILL","is_prod":false,"is_daily":false,"chose_seed":false,"campfire_upgraded":5,"win_rate":0,"timestamp":1552839442,"path_taken":["M","?","$","?","M","R","E","R","T","R","?","E","R","?","R","BOSS"],"build_version":"2019-01-23","purchased_purges":0,"victory":false,"max_hp_per_floor":[71,71,71,71,71,71,71,71,71,71,71,81,81,81,81,81],"card_choices":[{"not_picked":["Ball Lightning","Cold Snap"],"picked":"Skim","floor":1.0},{"not_picked":["Go for the Eyes","Darkness"],"picked":"Hologram","floor":2.0},{"not_picked":["Force Field","Steam Power"],"picked":"Leap","floor":5.0},{"not_picked":["Force Field","Chaos"],"picked":"Turbo","floor":7.0},{"not_picked":["Chill","Beam Cell"],"picked":"Reboot","floor":12.0}],"player_experience":1212902,"relics_obtained":[{"floor":7.0,"key":"Bottled Tornado"},{"floor":9.0,"key":"Potion Belt"},{"floor":12.0,"key":"Pear"}],"event_choices":[{"damage_healed":0.0,"max_hp_gain":0.0,"max_hp_loss":0.0,"gold_gain":0.0,"event_name":"Scrap Ooze","player_choice":"Success","floor":4.0,"gold_loss":0.0,"damage_taken":26.0,"relics_obtained":["Bronze Scales"]},{"damage_healed":0.0,"max_hp_gain":0.0,"max_hp_loss":0.0,"gold_gain":0.0,"event_name":"Liars Game","player_choice":"Ignored","floor":11.0,"gold_loss":0.0,"damage_taken":0.0}],"is_beta":false,"boss_relics":[],"items_purged_floors":[],"is_endless":false,"potions_floor_spawned":[5,7],"killed_by":"Slime Boss","ascension_level":20}