{"gold_per_floor":[111,129,129,54,78,78,3,3,3,3,18,18,34,57,57,147,147,170,185,24,24,24,24,74,88,114,114,114,127,127,47,47,143,143,159,159,159,173,506,506,517,33,33,33,33,46,46,78,78,78],"floor_reached":51,"playtime":1061,"items_purged":["Strike_G","Strike_G"],"score":1293,"play_id":"f1e6f33f-bd19-48af-9c52-df7a9accb069","local_time":"20190201073716","is_ascension_mode":true,"campfire_choices":[{"data":"Neutralize","floor":6,"key":"SMITH"},{"data":"Predator","floor":8,"key":"SMITH"},{"data":"Catalyst","floor":15,"key":"SMITH"},{"floor":23,"key":"REST"},{"data":"Bouncing Flask","floor":28,"key":"SMITH"},{"data":"Well Laid Plans","floor":30,"key":"SMITH"},{"data":"Catalyst","floor":32,"key":"SMITH"},{"floor":40,"key":"REST"},{"floor":45,"key":"REST"},{"floor":47,"key":"RECALL"},{"floor":49,"key":"REST"}],"neow_cost":"NONE","seed_source_timestamp":20179463256971,"circlet_count":0,"master_deck":["AscendersBane","Defend_G","Defend_G","Defend_G","Survivor+1","Neutralize+1","Tactician","Predator+1","Catalyst+1","Bouncing Flask+1","Burst","Well Laid Plans+1","Backflip+1","Leg Sweep","Backflip+1","Catalyst+1","Catalyst+1","Catalyst+1"],"relics":["Ring of the Snake","Singing Bowl","Velvet Choker","Art of War","Boot","Molten Egg 2","Fusion Hammer","DollysMirror","War Paint","Gremlin Horn","Torii"],"potions_floor_usage":[16,16,48],"damage_taken":[{"damage":0,"enemies":"Small Slimes","floor":1,"turns":4},{"damage":1,"enemies":"2 Louse","floor":2,"turns":3},{"damage":1,"enemies":"Jaw Worm","floor":5,"turns":5},{"damage":7,"enemies":"Exordium Wildlife","floor":11,"turns":5},{"damage":1,"enemies":"Blue Slaver","floor":13,"turns":3},{"damage":3,"enemies":"Looter","floor":14,"turns":3},{"damage":45,"enemies":"Slime Boss","floor":16,"turns":11},{"damage":19,"enemies":"Spheric Guardian","floor":18,"turns":4},{"damage":19,"enemies":"3 Byrds","floor":19,"turns":6},{"damage":2,"enemies":"Snecko","floor":25,"turns":5},{"damage":0,"enemies":"Chosen and Byrds","floor":29,"turns":5},{"damage":18,"enemies":"Automaton","floor":33,"turns":6},{"damage":6,"enemies":"3 Darklings","floor":35,"turns":7},{"damage":0,"enemies":"Orb Walker","floor":38,"turns":1},{"damage":17,"enemies":"Spire Growth","floor":41,"turns":4},{"damage":0,"enemies":"Transient","floor":46,"turns":2},{"damage":0,"enemies":"Reptomancer","floor":48,"turns":3},{"damage":16,"enemies":"Time Eater","floor":50,"turns":2}],"seed_played":"6959888824201234144","potions_obtained":[{"floor":1,"key":"Swift Potion"},{"floor":11,"key":"AttackPotion"},{"floor":29,"key":"Weak Potion"},{"floor":33,"key":"SteroidPotion"},{"floor":38,"key":"GhostInAJar"},{"floor":46,"key":"GhostInAJar"},{"floor":48,"key":"Block Potion"}],"is_trial":false,"path_per_floor":["M","M","?","?","M","R","$","R","T","$","M","?","M","M","R","B",null,"M","M","$","?","?","R","?","M","T","T","R","M","R","$","R","B",null,"M","?","?","M","?","R","M","$","T","?","R","M","R","E","R","B",null],"character_chosen":"THE_SILENT","items_purchased":["Art of War","Catalyst","DollysMirror","War Paint"],"campfire_rested":4,"item_purchase_floors":[20,31,42,42],"current_hp_per_floor":[59,58,58,58,57,57,57,57,57,57,50,50,51,48,48,3,47,28,9,9,9,9,27,27,27,27,27,27,29,29,29,29,13,54,50,50,50,52,52,68,53,53,53,53,70,72,72,74,74,58],"gold":78,"neow_bonus":"REMOVE_CARD","is_prod":false,"is_daily":false,"chose_seed":false,"campfire_upgraded":6,"win_rate":0,"timestamp":1548977836,"path_taken":["M","M","?","?","M","R","$","R","T","$","M","?","?","M","R","BOSS","M","M","$","?","?","R","?","M","T","?","R","M","R","?","R","BOSS","M","?","?","?","?","R","M","$","T","?","R","?","R","E","R","BOSS"],"build_version":"2019-01-23","purchased_purges":2,"victory":true,"max_hp_per_floor":[66,66,60,60,60,60,60,60,60,60,60,60,62,62,62,62,62,62,62,62,62,62,62,62,64,64,64,64,66,66,66,66,68,68,70,66,66,68,68,68,70,70,70,70,70,72,72,74,74,74],"card_choices":[{"not_picked":["Setup","Heel Hook","Prepared"],"picked":"SKIP","floor":1},{"not_picked":["Dodge and Roll","Dagger Throw"],"picked":"Tactician","floor":2},{"not_picked":["Flying Knee","Dagger Throw"],"picked":"Predator","floor":5},{"not_picked":["Endless Agony","Deflect"],"picked":"Catalyst","floor":11},{"not_picked":["Backflip","Acrobatics","Quick Slash"],"picked":"Singing Bowl","floor":13},{"not_picked":["Flechettes","Terror"],"picked":"Bouncing Flask","floor":14},{"not_picked":["Die Die Die","Grand Finale"],"picked":"Burst","floor":16},{"not_picked":["Dagger Throw","Underhanded Strike+1"],"picked":"Well Laid Plans","floor":18},{"not_picked":["Dagger Spray","Outmaneuver"],"picked":"Backflip+1","floor":19},{"not_picked":["Slice","Masterful Stab","Quick Slash+1"],"picked":"Singing Bowl","floor":25},{"not_picked":["Deflect","Poisoned Stab+1","Underhanded Strike+1"],"picked":"Singing Bowl","floor":29},{"not_picked":["Glass Knife+1","Phantasmal Killer","Doppelganger"],"picked":"Singing Bowl","floor":33},{"not_picked":["Slice+1","Quick Slash+1","Blade Dance+1"],"picked":"Singing Bowl","floor":35},{"not_picked":["Acrobatics","Tactician","Predator+1"],"picked":"Singing Bowl","floor":38},{"not_picked":["Outmaneuver","Dodge and Roll+1","Flying Knee+1"],"picked":"Singing Bowl","floor":41},{"not_picked":["Expertise","Backflip","Terror+1"],"picked":"Singing Bowl","floor":46},{"not_picked":["Tools of the Trade","Blade Dance+1","Accuracy"],"picked":"Singing Bowl","floor":48}],"player_experience":2443745,"relics_obtained":[{"floor":9,"key":"Singing Bowl"},{"floor":26,"key":"Boot"},{"floor":27,"key":"Molten Egg 2"},{"floor":43,"key":"Gremlin Horn"},{"floor":48,"key":"Torii"}],"event_choices":[{"damage_healed":0,"gold_gain":0,"player_choice":"Lose Max HP","damage_taken":0,"relics_obtained":["Golden Idol"],"max_hp_gain":0,"max_hp_loss":6,"event_name":"Golden Idol","floor":3,"gold_loss":0},{"cards_removed":["Defend_G"],"damage_healed":0,"gold_gain":0,"player_choice":"Card Removal","damage_taken":0,"max_hp_gain":0,"max_hp_loss":0,"event_name":"The Cleric","floor":4,"gold_loss":75},{"damage_healed":0,"gold_gain":0,"player_choice":"Fled","damage_taken":0,"max_hp_gain":0,"max_hp_loss":0,"event_name":"Scrap Ooze","floor":12,"gold_loss":0},{"damage_healed":0,"gold_gain":0,"cards_transformed":["Strike_G","Strike_G"],"player_choice":"Became Test Subject","damage_taken":0,"max_hp_gain":0,"max_hp_loss":0,"event_name":"Drug Dealer","floor":21,"gold_loss":0,"cards_obtained":["Leg Sweep","Backflip"]},{"damage_healed":0,"gold_gain":0,"player_choice":"Ignored","damage_taken":0,"max_hp_gain":0,"max_hp_loss":0,"event_name":"The Mausoleum","floor":22,"gold_loss":0},{"damage_healed":0,"gold_gain":50,"player_choice":"Stole From Cult","damage_taken":0,"max_hp_gain":0,"max_hp_loss":0,"event_name":"Nest","floor":24,"gold_loss":0},{"damage_healed":0,"gold_gain":0,"player_choice":"Max HP","damage_taken":0,"max_hp_gain":0,"max_hp_loss":4,"event_name":"Winding Halls","floor":36,"gold_loss":0},{"damage_healed":0,"gold_gain":0,"player_choice":"Copied","damage_taken":0,"max_hp_gain":0,"max_hp_loss":0,"event_name":"Duplicator","floor":37,"gold_loss":0,"cards_obtained":["Catalyst"]},{"damage_healed":0,"gold_gain":333,"player_choice":"Gave Idol","damage_taken":0,"max_hp_gain":0,"max_hp_loss":0,"event_name":"The Moai Head","floor":39,"relics_lost":["Golden Idol"],"gold_loss":0},{"cards_removed":["Defend_G"],"damage_healed":0,"gold_gain":0,"player_choice":"Removed Skill","damage_taken":0,"max_hp_gain":0,"max_hp_loss":0,"event_name":"Falling","floor":44,"gold_loss":0}],"is_beta":false,"boss_relics":[{"not_picked":["Tiny House","Astrolabe"],"picked":"Velvet Choker"},{"not_picked":["Runic Dome","Lizard Tail"],"picked":"Fusion Hammer"}],"items_purged_floors":[7,42],"is_endless":false,"potions_floor_spawned":[1,11,13,29,33,38,46,48],"ascension_level":16}