{"gold_per_floor":[109,74,92,109,109,109,125,125,151,213,213,229,239,259,259,362,362,374,42,55,74,88,88,88,104,152,152,163,163,196,210,210,315,315,327,327,31,78,78,78,178,178,178,192,220,220,243,274,274,274],"floor_reached":51,"playtime":2099,"items_purged":["Strike_B","Defend_B"],"score":867,"play_id":"da619d38-2732-4df6-a300-13fd05021453","local_time":"20190611123449","is_ascension_mode":false,"campfire_choices":[{"data":"Darkness","floor":6.0,"key":"SMITH"},{"data":"Skim","floor":8.0,"key":"SMITH"},{"data":"Defragment","floor":11.0,"key":"SMITH"},{"data":"Double Energy","floor":15.0,"key":"SMITH"},{"data":"Hologram","floor":23.0,"key":"SMITH"},{"data":"Skim","floor":27.0,"key":"SMITH"},{"data":"Rainbow","floor":29.0,"key":"SMITH"},{"data":"Glacier","floor":32.0,"key":"SMITH"},{"data":"Turbo","floor":40.0,"key":"SMITH"},{"data":"Buffer","floor":42.0,"key":"SMITH"},{"data":"Corpse Explosion","floor":46.0,"key":"SMITH"},{"data":"Chill","floor":49,"key":"SMITH"}],"neow_cost":"NONE","seed_source_timestamp":4908248750639,"circlet_count":0,"master_deck":["Defend_B","Defend_B","Defend_B","Zap+1","Dualcast+1","Skim+1","Darkness+1","Double Energy+1","Defragment+1","Chill+1","Rainbow+1","Redo+1","Hologram+1","Skim+1","Glacier+1","BootSequence+1","Buffer+1","Darkness+1","Turbo+1","Corruption+1","Corpse Explosion+1","Flechettes+1"],"special_seed":0,"relics":["Cracked Core","Oddly Smooth Stone","Bag of Preparation","Eternal Feather","Dodecahedron","Centennial Puzzle","Blue Candle","Empty Cage","PrismaticShard","Turnip","Prayer Wheel","Calipers","Omamori","DataDisk","Juzu Bracelet"],"potions_floor_usage":[50,50,50],"damage_taken":[{"damage":0.0,"enemies":"2 Louse","floor":1.0,"turns":2.0},{"damage":5.0,"enemies":"Small Slimes","floor":3.0,"turns":2.0},{"damage":1.0,"enemies":"Jaw Worm","floor":4.0,"turns":4.0},{"damage":0.0,"enemies":"Gremlin Gang","floor":7.0,"turns":1.0},{"damage":11.0,"enemies":"Lagavulin Event","floor":10.0,"turns":5.0},{"damage":16.0,"enemies":"Large Slime","floor":12.0,"turns":3.0},{"damage":0.0,"enemies":"Looter","floor":13.0,"turns":4.0},{"damage":6.0,"enemies":"3 Louse","floor":14.0,"turns":3.0},{"damage":0.0,"enemies":"The Guardian","floor":16.0,"turns":7.0},{"damage":0.0,"enemies":"3 Byrds","floor":18.0,"turns":3.0},{"damage":0.0,"enemies":"Shell Parasite","floor":20.0,"turns":3.0},{"damage":0.0,"enemies":"Cultist and Chosen","floor":21.0,"turns":5.0},{"damage":0.0,"enemies":"Centurion and Healer","floor":22.0,"turns":4.0},{"damage":0.0,"enemies":"3 Cultists","floor":25.0,"turns":4.0},{"damage":0.0,"enemies":"Snecko","floor":28.0,"turns":3.0},{"damage":0.0,"enemies":"Book of Stabbing","floor":30.0,"turns":4.0},{"damage":0.0,"enemies":"Centurion and Healer","floor":31.0,"turns":3.0},{"damage":31.0,"enemies":"Automaton","floor":33.0,"turns":8.0},{"damage":0.0,"enemies":"3 Shapes","floor":35.0,"turns":4.0},{"damage":7.0,"enemies":"2 Orb Walkers","floor":38.0,"turns":3.0},{"damage":0.0,"enemies":"Mind Bloom Boss Battle","floor":41.0,"turns":4.0},{"damage":0.0,"enemies":"3 Darklings","floor":44.0,"turns":3.0},{"damage":0.0,"enemies":"Giant Head","floor":45.0,"turns":9.0},{"damage":1,"enemies":"Nemesis","floor":48,"turns":5},{"damage":0,"enemies":"Time Eater","floor":50,"turns":5}],"seed_played":"472782809077039445","potions_obtained":[{"floor":1.0,"key":"Strength Potion"},{"floor":4.0,"key":"AttackPotion"},{"floor":10.0,"key":"Dexterity Potion"},{"floor":18.0,"key":"Strength Potion"},{"floor":20.0,"key":"Fire Potion"},{"floor":28.0,"key":"Block Potion"},{"floor":30.0,"key":"PowerPotion"},{"floor":31.0,"key":"Weak Potion"},{"floor":41.0,"key":"Fire Potion"},{"floor":45.0,"key":"FocusPotion"}],"is_trial":false,"path_per_floor":["M","$","M","M","?","R","M","R","T","?","R","M","M","M","R","B",null,"M","$","M","M","M","R","?","M","T","R","M","R","E","M","R","B",null,"M","?","$","?","?","R","?","R","T","M","E","R","T","E","R","B",null],"character_chosen":"DEFECT","items_purchased":["Darkness","Dodecahedron","PrismaticShard"],"campfire_rested":0,"item_purchase_floors":[2,19,37],"current_hp_per_floor":[75,75,70,69,62,62,62,62,62,51,51,35,35,29,29,29,75,75,75,75,75,75,75,75,75,75,75,75,75,75,75,75,44,75,75,71,71,64,64,71,71,71,71,71,71,71,71,70,71,71],"gold":274,"neow_bonus":"UPGRADE_CARD","is_prod":false,"is_daily":false,"chose_seed":false,"campfire_upgraded":12,"win_rate":0,"timestamp":1560227689,"path_taken":["M","$","M","M","?","R","M","R","T","?","R","M","M","M","R","BOSS","M","$","M","M","M","R","?","M","T","R","?","R","E","M","R","BOSS","M","?","$","?","?","R","?","R","T","M","E","R","?","E","R","BOSS"],"build_version":"2019-01-23","purchased_purges":2,"victory":true,"max_hp_per_floor":[75,75,75,75,75,75,75,75,75,75,75,75,75,75,75,75,75,75,75,75,75,75,75,75,75,75,75,75,75,75,75,75,75,75,75,71,71,71,71,71,71,71,71,71,71,71,71,71,71,71],"card_choices":[{"not_picked":["BootSequence","Beam Cell"],"picked":"Skim","floor":1.0},{"not_picked":["Hologram","Steam"],"picked":"Double Energy","floor":3.0},{"not_picked":["Gash","Rebound","Hello World"],"picked":"SKIP","floor":4.0},{"not_picked":["FTL","Stack","Blizzard"],"picked":"SKIP","floor":7.0},{"not_picked":["Conserve Battery","Aggregate"],"picked":"Defragment","floor":10.0},{"not_picked":["Ball Lightning","Double Energy"],"picked":"Chill","floor":12.0},{"not_picked":["Static Discharge","Barrage","Streamline"],"picked":"SKIP","floor":13.0},{"not_picked":["Go for the Eyes","Double Energy"],"picked":"Rainbow","floor":14.0},{"not_picked":["Streamline","Steam Power"],"picked":"Redo+1","floor":18.0},{"not_picked":["Compile Driver","Gash+1","Conserve Battery"],"picked":"SKIP","floor":20.0},{"not_picked":["Tempest","Streamline"],"picked":"Hologram","floor":21.0},{"not_picked":["Thunder Strike","Ball Lightning","Rebound"],"picked":"SKIP","floor":22.0},{"not_picked":["Steam Power","Force Field+1"],"picked":"Skim","floor":25.0},{"not_picked":["Force Field","Compile Driver","Stack"],"picked":"SKIP","floor":28.0},{"not_picked":["Echo Form","Sweeping Beam"],"picked":"Glacier","floor":30.0},{"not_picked":["Barrage","Ball Lightning"],"picked":"BootSequence+1","floor":31.0},{"not_picked":["All For One","Meteor Strike"],"picked":"Buffer","floor":33.0},{"not_picked":["Cold Snap","Gash"],"picked":"Darkness+1","floor":35.0},{"not_picked":["Coolheaded","Sever Soul"],"picked":"Turbo","floor":38.0},{"not_picked":["Hologram+1","Acrobatics"],"picked":"Corruption+1","floor":41.0},{"not_picked":["Sever Soul","Gash","Corruption"],"picked":"SKIP","floor":44.0},{"not_picked":["Reprogram+1","Armaments+1","Cold Snap"],"picked":"SKIP","floor":44.0},{"not_picked":["Bane","Conserve Battery"],"picked":"Corpse Explosion","floor":45.0},{"not_picked":["Deadly Poison","Heavy Blade+1"],"picked":"Flechettes+1","floor":48}],"player_experience":5042751,"relics_obtained":[{"floor":9.0,"key":"Oddly Smooth Stone"},{"floor":10.0,"key":"Bag of Preparation"},{"floor":26.0,"key":"Centennial Puzzle"},{"floor":30.0,"key":"Blue Candle"},{"floor":38.0,"key":"Turnip"},{"floor":41.0,"key":"Prayer Wheel"},{"floor":43.0,"key":"Calipers"},{"floor":45.0,"key":"Omamori"},{"floor":47.0,"key":"DataDisk"},{"floor":48,"key":"Juzu Bracelet"}],"event_choices":[{"cards_removed":["Strike_B"],"damage_healed":0.0,"max_hp_gain":0.0,"max_hp_loss":0.0,"gold_gain":0.0,"event_name":"Golden Wing","player_choice":"Card Removal","floor":5.0,"gold_loss":0.0,"damage_taken":7.0},{"damage_healed":0.0,"max_hp_gain":0.0,"max_hp_loss":0.0,"gold_gain":0.0,"event_name":"Dead Adventurer","player_choice":"Searched \u00271\u0027 times","floor":10.0,"gold_loss":0.0,"damage_taken":0.0},{"damage_healed":0.0,"max_hp_gain":0.0,"max_hp_loss":0.0,"gold_gain":0.0,"event_name":"Accursed Blacksmith","player_choice":"Forge","floor":24.0,"gold_loss":0.0,"damage_taken":0.0,"cards_upgraded":["Zap"]},{"damage_healed":0.0,"max_hp_gain":0.0,"max_hp_loss":4.0,"gold_gain":0.0,"event_name":"Winding Halls","player_choice":"Max HP","floor":36.0,"gold_loss":0.0,"damage_taken":0.0},{"damage_healed":0.0,"max_hp_gain":0.0,"max_hp_loss":0.0,"gold_gain":0.0,"event_name":"Mysterious Sphere","player_choice":"Fight","floor":38.0,"gold_loss":0.0,"damage_taken":0.0},{"damage_healed":0.0,"max_hp_gain":0.0,"max_hp_loss":0.0,"gold_gain":0.0,"event_name":"SensoryStone","player_choice":"Memory 1","floor":39.0,"gold_loss":0.0,"damage_taken":0.0},{"damage_healed":0.0,"max_hp_gain":0.0,"max_hp_loss":0.0,"gold_gain":0.0,"event_name":"MindBloom","player_choice":"Fight","floor":41.0,"gold_loss":0.0,"damage_taken":0.0}],"is_beta":false,"boss_relics":[{"not_picked":["White Beast Statue","Calling Bell"],"picked":"Eternal Feather"},{"not_picked":["Lizard Tail","Runic Dome"],"picked":"Empty Cage"}],"items_purged_floors":[19,37],"is_endless":false,"potions_floor_spawned":[1,4,10,18,20,28,30,31,38,41,45],"ascension_level":0}