{"gold_per_floor":[109,109,109,126,126,126,51,51,126,141,141,177,197,233,233,233],"floor_reached":16,"playtime":372,"items_purged":["Strike_G"],"score":216,"play_id":"acbd4af8-e411-498b-96cc-f16c4b5618d2","local_time":"20190410063826","is_ascension_mode":true,"campfire_choices":[{"data":"Neutralize","floor":6.0,"key":"SMITH"},{"data":"Dagger Throw","floor":8.0,"key":"SMITH"},{"data":"Deadly Poison","floor":11.0,"key":"SMITH"},{"data":"Catalyst","floor":15,"key":"SMITH"}],"neow_cost":"NONE","seed_source_timestamp":8200006092558,"circlet_count":0,"master_deck":["AscendersBane","Defend_G","Defend_G","Defend_G","Defend_G","Defend_G","Strike_G","Strike_G","Strike_G","Survivor","Neutralize+1","Blur","Dagger Throw+1","Deadly Poison+1","Catalyst+1","Leg Sweep"],"special_seed":0,"relics":["Ring of the Snake","Omamori","Golden Idol","Juzu Bracelet","Potion Belt"],"potions_floor_usage":[14,14],"damage_taken":[{"damage":0.0,"enemies":"Jaw Worm","floor":1.0,"turns":5.0},{"damage":0.0,"enemies":"Small Slimes","floor":4.0,"turns":4.0},{"damage":0.0,"enemies":"Cultist","floor":10.0,"turns":3.0},{"damage":9.0,"enemies":"Lagavulin","floor":12.0,"turns":9.0},{"damage":5.0,"enemies":"2 Fungi Beasts","floor":13.0,"turns":5.0},{"damage":36,"enemies":"Gremlin Nob","floor":14,"turns":4},{"damage":9,"enemies":"Slime Boss","floor":16,"turns":3}],"seed_played":"-2692006164474020585","potions_obtained":[{"floor":1.0,"key":"Explosive Potion"},{"floor":3.0,"key":"SkillPotion"}],"is_trial":false,"path_per_floor":["M","?","?","M","?","R","$","R","T","M","R","E","M","E","R","B"],"character_chosen":"THE_SILENT","items_purchased":[],"campfire_rested":0,"item_purchase_floors":[],"current_hp_per_floor":[59,59,59,59,59,59,59,59,59,59,59,50,45,9,9,0],"gold":233,"neow_bonus":"RANDOM_COMMON_RELIC","is_prod":false,"is_daily":false,"chose_seed":false,"campfire_upgraded":4,"win_rate":0,"timestamp":1554849506,"path_taken":["M","?","?","?","?","R","$","R","T","M","R","E","M","E","R","BOSS"],"build_version":"2019-01-23","purchased_purges":1,"victory":false,"max_hp_per_floor":[66,66,66,66,60,60,60,60,60,60,60,60,60,60,60,60],"card_choices":[{"not_picked":["Blur","Quick Slash","Outmaneuver"],"picked":"SKIP","floor":1.0},{"not_picked":["Quick Slash","Outmaneuver"],"picked":"Blur","floor":1.0},{"not_picked":["Prepared","Underhanded Strike"],"picked":"Dagger Throw","floor":4.0},{"not_picked":["Escape Plan","Prepared"],"picked":"Deadly Poison","floor":10.0},{"not_picked":["Envenom","Dagger Spray"],"picked":"Catalyst","floor":12.0},{"not_picked":["Flechettes","Deadly Poison","Acrobatics"],"picked":"SKIP","floor":13.0},{"not_picked":["Caltrops","Slice"],"picked":"Leg Sweep","floor":14}],"player_experience":4187036,"relics_obtained":[{"floor":12.0,"key":"Juzu Bracelet"},{"floor":14,"key":"Potion Belt"}],"event_choices":[{"cards_removed":["Strike_G"],"damage_healed":0.0,"max_hp_gain":0.0,"max_hp_loss":0.0,"gold_gain":0.0,"event_name":"Living Wall","player_choice":"Forget","floor":2.0,"gold_loss":0.0,"damage_taken":0.0},{"damage_healed":0.0,"max_hp_gain":0.0,"max_hp_loss":0.0,"gold_gain":0.0,"event_name":"Lab","player_choice":"Got Potions","floor":3.0,"gold_loss":0.0,"damage_taken":0.0},{"damage_healed":0.0,"max_hp_gain":0.0,"max_hp_loss":6.0,"gold_gain":0.0,"event_name":"Golden Idol","player_choice":"Lose Max HP","floor":5.0,"gold_loss":0.0,"damage_taken":0.0,"relics_obtained":["Golden Idol"]}],"is_beta":false,"boss_relics":[],"items_purged_floors":[7],"is_endless":false,"potions_floor_spawned":[1,4,10,13],"killed_by":"Slime Boss","ascension_level":20}