{"gold_per_floor":[113,38,38,38,57,57,93,93,93,107,107,140,140,155,155,246,246,267,285,47,47,71,92,92,92,92,107,107,32,50,9,9,108,108,128,461,164,184,0,0,14,14,14,48,48,83,95,112,112,112,112,112,112,26,52,52],"floor_reached":57,"playtime":4117,"items_purged":["Strike_G","Strike_G"],"score":2925,"play_id":"ae117c88-7391-44ec-a0b4-a0712c89b3b6","local_time":"20181229192356","is_ascension_mode":true,"campfire_choices":[{"data":"Corpse Explosion","floor":6.0,"key":"SMITH"},{"data":"Deadly Poison","floor":8.0,"key":"SMITH"},{"data":"Deadly Poison","floor":11.0,"key":"SMITH"},{"data":"Neutralize","floor":15.0,"key":"SMITH"},{"data":"Leg Sweep","floor":24.0,"key":"SMITH"},{"data":"Blur","floor":28.0,"key":"SMITH"},{"data":"Noxious Fumes","floor":32.0,"key":"SMITH"},{"data":"Catalyst","floor":40.0,"key":"SMITH"},{"floor":49.0,"key":"RECALL"},{"data":"Burst","floor":53,"key":"SMITH"}],"neow_cost":"NONE","seed_source_timestamp":0,"circlet_count":0,"master_deck":["AscendersBane","Defend_G","Defend_G","Defend_G","Defend_G","Defend_G+1","Survivor","Neutralize+1","Corpse Explosion+1","Deadly Poison+1","After Image","Deadly Poison+1","Leg Sweep+1","Backflip","After Image","Backflip+1","PiercingWail+1","Backflip+1","Escape Plan","Footwork+1","Blur+1","Bouncing Flask+1","Backflip","Noxious Fumes+1","Burst+1","Noxious Fumes+1","Catalyst+1","Concentrate","Leg Sweep","Noxious Fumes+1","PiercingWail+1","PiercingWail","PiercingWail","Deflect","Corpse Explosion"],"special_seed":0,"relics":["Ring of the Snake","Prayer Wheel","Bag of Marbles","Dodecahedron","Runic Dome","War Paint","Letter Opener","Runic Pyramid","Blood Vial","Red Mask","Bag of Preparation","Gremlin Horn","Mercury Hourglass"],"potions_floor_usage":[56],"damage_taken":[{"damage":4.0,"enemies":"Jaw Worm","floor":1.0,"turns":5.0},{"damage":0.0,"enemies":"Small Slimes","floor":5.0,"turns":4.0},{"damage":13.0,"enemies":"Lagavulin","floor":7.0,"turns":6.0},{"damage":0.0,"enemies":"2 Louse","floor":10.0,"turns":1.0},{"damage":7.0,"enemies":"3 Sentries","floor":12.0,"turns":2.0},{"damage":0.0,"enemies":"2 Fungi Beasts","floor":14.0,"turns":3.0},{"damage":15.0,"enemies":"The Guardian","floor":16.0,"turns":9.0},{"damage":0.0,"enemies":"Spheric Guardian","floor":18.0,"turns":3.0},{"damage":1.0,"enemies":"Shell Parasite","floor":19.0,"turns":5.0},{"damage":7.0,"enemies":"Colosseum Slavers","floor":21.0,"turns":5.0},{"damage":0.0,"enemies":"Snake Plant","floor":22.0,"turns":7.0},{"damage":0.0,"enemies":"3 Cultists","floor":23.0,"turns":3.0},{"damage":0.0,"enemies":"Cultist and Chosen","floor":27.0,"turns":6.0},{"damage":0.0,"enemies":"Snecko","floor":30.0,"turns":6.0},{"damage":8.0,"enemies":"Collector","floor":33.0,"turns":11.0},{"damage":7.0,"enemies":"3 Darklings","floor":35.0,"turns":6.0},{"damage":3.0,"enemies":"3 Shapes","floor":38.0,"turns":2.0},{"damage":0.0,"enemies":"Sphere and 2 Shapes","floor":41.0,"turns":4.0},{"damage":21.0,"enemies":"Reptomancer","floor":44.0,"turns":7.0},{"damage":0.0,"enemies":"Giant Head","floor":46.0,"turns":6.0},{"damage":1.0,"enemies":"Writhing Mass","floor":47.0,"turns":5.0},{"damage":0.0,"enemies":"Jaw Worm Horde","floor":48.0,"turns":5.0},{"damage":25.0,"enemies":"Awakened One","floor":50.0,"turns":17.0},{"damage":0,"enemies":"Time Eater","floor":51,"turns":9},{"damage":0,"enemies":"Shield and Spear","floor":55,"turns":3},{"damage":39,"enemies":"The Heart","floor":56,"turns":10}],"seed_played":"-6335790544578569199","potions_obtained":[{"floor":5.0,"key":"Swift Potion"},{"floor":12.0,"key":"SteroidPotion"},{"floor":18.0,"key":"Ancient Potion"}],"is_trial":false,"path_per_floor":["M","?","?","$","M","R","E","R","T","M","R","E","?","M","R","B",null,"M","M","$","?","M","M","R","?","T","M","R","?","M","$","R","B",null,"M","?","$","M","?","R","M","?","T","E","$","E","M","M","R","B","B",null,"R","$","E","B",null],"character_chosen":"THE_SILENT","items_purchased":["War Paint","Noxious Fumes","Catalyst","Blood Vial","PiercingWail","Deflect"],"campfire_rested":0,"item_purchase_floors":[20,31,37,37,54,54],"current_hp_per_floor":[55,55,55,55,55,55,42,42,42,42,42,35,28,28,28,13,48,48,47,47,40,40,40,40,40,40,40,40,40,40,40,40,32,53,46,46,46,45,45,45,47,47,47,28,28,30,31,33,33,10,12,46,46,46,48,11],"gold":52,"neow_bonus":"ONE_RANDOM_RARE_CARD","is_prod":false,"is_daily":false,"chose_seed":false,"campfire_upgraded":9,"win_rate":0,"timestamp":1546082636,"path_taken":["M","?","?","$","M","R","E","R","T","M","R","E","?","M","R","BOSS","M","M","$","?","M","M","R","?","T","M","R","?","M","$","R","BOSS","M","?","$","M","?","R","M","?","T","E","?","E","M","?","R","BOSS","BOSS","R","$","E","BOSS"],"build_version":"2018-12-20","purchased_purges":2,"victory":true,"max_hp_per_floor":[66,66,60,60,60,60,60,60,60,60,60,60,60,60,60,60,60,60,60,60,60,60,60,60,60,60,60,60,60,60,60,60,60,60,60,60,60,60,60,60,60,57,57,57,57,57,57,57,57,57,57,57,57,57,57,57],"card_choices":[{"not_picked":["Cloak And Dagger","PiercingWail","Dodge and Roll"],"picked":"SKIP","floor":1.0},{"not_picked":["Eviscerate","Prepared"],"picked":"Deadly Poison","floor":5.0},{"not_picked":["Outmaneuver","Deflect","Flying Knee"],"picked":"SKIP","floor":7.0},{"not_picked":["Escape Plan","Backstab"],"picked":"After Image","floor":10.0},{"not_picked":["Outmaneuver","PiercingWail"],"picked":"Deadly Poison","floor":10.0},{"not_picked":["Phantasmal Killer","Dagger Throw"],"picked":"Leg Sweep","floor":12.0},{"not_picked":["Infinite Blades","Outmaneuver"],"picked":"Backflip","floor":14.0},{"not_picked":["Slice","Sucker Punch","Heel Hook"],"picked":"SKIP","floor":14.0},{"not_picked":["Die Die Die","Malaise"],"picked":"After Image","floor":16.0},{"not_picked":["Deflect+1","Outmaneuver"],"picked":"Backflip+1","floor":18.0},{"not_picked":["PiercingWail","Sucker Punch","Cloak And Dagger"],"picked":"SKIP","floor":18.0},{"not_picked":["Sucker Punch","Cloak And Dagger"],"picked":"PiercingWail","floor":18.0},{"not_picked":["All Out Attack","Choke"],"picked":"Backflip+1","floor":19.0},{"not_picked":["Dagger Spray+1","Poisoned Stab","Deflect"],"picked":"SKIP","floor":19.0},{"not_picked":["Prepared","Bane"],"picked":"Escape Plan","floor":22.0},{"not_picked":["Slice","Outmaneuver","Grand Finale"],"picked":"SKIP","floor":22.0},{"not_picked":["Prepared","Dagger Spray"],"picked":"Footwork+1","floor":23.0},{"not_picked":["Dash","Underhanded Strike","Slice"],"picked":"SKIP","floor":23.0},{"not_picked":["Masterful Stab","Flying Knee"],"picked":"Blur","floor":27.0},{"not_picked":["Backstab","Dagger Spray"],"picked":"Bouncing Flask+1","floor":27.0},{"not_picked":["Blade Dance","PiercingWail"],"picked":"Backflip","floor":30.0},{"not_picked":["Deflect","Poisoned Stab","Underhanded Strike"],"picked":"SKIP","floor":30.0},{"not_picked":["Wraith Form v2","Night Terror"],"picked":"Burst","floor":33.0},{"not_picked":["Blade Dance+1","Grand Finale"],"picked":"Noxious Fumes+1","floor":35.0},{"not_picked":["Acrobatics","Bane","Dagger Spray"],"picked":"SKIP","floor":35.0},{"not_picked":["Sucker Punch+1","Infinite Blades"],"picked":"Concentrate","floor":38.0},{"not_picked":["Infinite Blades","Terror","Underhanded Strike"],"picked":"SKIP","floor":38.0},{"not_picked":["Sucker Punch","Choke"],"picked":"Leg Sweep","floor":41.0},{"not_picked":["Flying Knee","Dodge and Roll"],"picked":"Noxious Fumes+1","floor":41.0},{"not_picked":["Dagger Spray","Well Laid Plans"],"picked":"PiercingWail+1","floor":44.0},{"not_picked":["Dagger Spray","Underhanded Strike","Reflex+1"],"picked":"SKIP","floor":46.0},{"not_picked":["Acrobatics","Flying Knee"],"picked":"PiercingWail","floor":47.0},{"not_picked":["Calculated Gamble","Dagger Spray","Sucker Punch+1"],"picked":"SKIP","floor":47.0},{"not_picked":["Reflex+1","Underhanded Strike+1","Heel Hook"],"picked":"SKIP","floor":48.0},{"not_picked":["Dagger Throw","Slice","Poisoned Stab+1"],"picked":"SKIP","floor":48.0},{"not_picked":["Bouncing Flask","Terror"],"picked":"Corpse Explosion","floor":55}],"player_experience":1576916,"relics_obtained":[{"floor":7.0,"key":"Prayer Wheel"},{"floor":9.0,"key":"Bag of Marbles"},{"floor":12.0,"key":"Dodecahedron"},{"floor":26.0,"key":"Letter Opener"},{"floor":44.0,"key":"Bag of Preparation"},{"floor":46.0,"key":"Gremlin Horn"},{"floor":55,"key":"Mercury Hourglass"}],"event_choices":[{"cards_removed":["Strike_G"],"damage_healed":0.0,"max_hp_gain":0.0,"max_hp_loss":0.0,"gold_gain":0.0,"event_name":"The Cleric","player_choice":"Card Removal","floor":2.0,"gold_loss":75.0,"damage_taken":0.0},{"damage_healed":0.0,"max_hp_gain":0.0,"max_hp_loss":6.0,"gold_gain":0.0,"event_name":"Golden Idol","player_choice":"Lose Max HP","floor":3.0,"gold_loss":0.0,"damage_taken":0.0,"relics_obtained":["Golden Idol"]},{"cards_removed":["Strike_G"],"damage_healed":0.0,"max_hp_gain":0.0,"max_hp_loss":0.0,"gold_gain":0.0,"event_name":"Golden Wing","player_choice":"Card Removal","floor":13.0,"gold_loss":0.0,"damage_taken":7.0},{"damage_healed":0.0,"max_hp_gain":0.0,"max_hp_loss":0.0,"gold_gain":0.0,"event_name":"Colosseum","player_choice":"Fight","floor":21.0,"gold_loss":0.0,"damage_taken":0.0},{"damage_healed":0.0,"max_hp_gain":0.0,"max_hp_loss":0.0,"gold_gain":0.0,"event_name":"Colosseum","player_choice":"Fled From Nobs","floor":21.0,"gold_loss":0.0,"damage_taken":0.0},{"damage_healed":0.0,"max_hp_gain":0.0,"max_hp_loss":0.0,"gold_gain":0.0,"event_name":"The Mausoleum","player_choice":"Ignored","floor":25.0,"gold_loss":0.0,"damage_taken":0.0},{"cards_removed":["Strike_G"],"damage_healed":0.0,"max_hp_gain":0.0,"max_hp_loss":0.0,"gold_gain":0.0,"event_name":"Beggar","player_choice":"Gave Gold","floor":29.0,"gold_loss":75.0,"damage_taken":0.0},{"damage_healed":0.0,"max_hp_gain":0.0,"max_hp_loss":0.0,"gold_gain":333.0,"event_name":"The Moai Head","player_choice":"Gave Idol","floor":36.0,"relics_lost":["Golden Idol"],"gold_loss":0.0,"damage_taken":0.0},{"damage_healed":0.0,"max_hp_gain":0.0,"max_hp_loss":0.0,"gold_gain":0.0,"event_name":"Tomb of Lord Red Mask","player_choice":"Paid","floor":39.0,"gold_loss":184.0,"damage_taken":0.0,"relics_obtained":["Red Mask"]},{"damage_healed":0.0,"max_hp_gain":0.0,"max_hp_loss":3.0,"gold_gain":0.0,"event_name":"Winding Halls","player_choice":"Max HP","floor":42.0,"gold_loss":0.0,"damage_taken":0.0}],"is_beta":false,"boss_relics":[{"not_picked":["Calling Bell","Philosopher\u0027s Stone"],"picked":"Runic Dome"},{"not_picked":["Snecko Eye","Fusion Hammer"],"picked":"Runic Pyramid"}],"items_purged_floors":[20,37],"is_endless":false,"potions_floor_spawned":[5,12,18,22,27,30,38,41,44,46,47,55],"ascension_level":20}