{"gold_per_floor":[364,210,225,125,136,136,86,86,112,129,147,147,147,167,167,264,264,282,78,78,78,3,3,20,20,47,47,59,59,75,75],"floor_reached":31,"playtime":918,"items_purged":["Pain","Strike_B"],"score":374,"play_id":"70d94b7b-7dab-4dfb-bbc7-db692f5f6309","local_time":"20181009190716","is_ascension_mode":true,"campfire_choices":[{"data":"Defragment","floor":6,"key":"SMITH"},{"data":"Zap","floor":8,"key":"SMITH"},{"floor":15,"key":"REST"},{"floor":23,"key":"REST"},{"data":"Dualcast","floor":25,"key":"SMITH"},{"data":"White Noise","floor":27,"key":"SMITH"},{"floor":29,"key":"REST"}],"neow_cost":"CURSE","seed_source_timestamp":30005505559576,"circlet_count":0,"master_deck":["Strike_B","Strike_B","Defend_B","Defend_B","Defend_B","Zap+1","Dualcast+1","White Noise+1","Defragment+1","Gash","Echo Form","Auto Shields+1","Conserve Battery+1","Machine Learning","Havoc+1","Backflip"],"relics":["Cracked Core","Lantern","Oddly Smooth Stone","Velvet Choker","PrismaticShard","War Paint"],"potions_floor_usage":[14,16,16,21,31,31],"damage_taken":[{"damage":7,"enemies":"Jaw Worm","floor":1,"turns":4},{"damage":3,"enemies":"2 Louse","floor":3,"turns":2},{"damage":8,"enemies":"Small Slimes","floor":5,"turns":5},{"damage":6,"enemies":"2 Fungi Beasts","floor":10,"turns":3},{"damage":6,"enemies":"3 Louse","floor":11,"turns":3},{"damage":11,"enemies":"Exordium Thugs","floor":14,"turns":3},{"damage":0,"enemies":"Slime Boss","floor":16,"turns":7},{"damage":16,"enemies":"Shell Parasite","floor":18,"turns":5},{"damage":0,"enemies":"2 Thieves","floor":21,"turns":1},{"damage":6,"enemies":"Snecko","floor":24,"turns":5},{"damage":19,"enemies":"Centurion and Healer","floor":28,"turns":9},{"damage":32,"enemies":"Snake Plant","floor":30,"turns":5},{"damage":39,"enemies":"Book of Stabbing","floor":31,"turns":5}],"seed_played":"-7567786799507423116","potions_obtained":[{"floor":1,"key":"Energy Potion"},{"floor":10,"key":"Swift Potion"},{"floor":14,"key":"Swift Potion"},{"floor":16,"key":"Ancient Potion"},{"floor":18,"key":"Strength Potion"},{"floor":20,"key":"FocusPotion"},{"floor":20,"key":"SmokeBomb"},{"floor":24,"key":"Swift Potion"}],"is_trial":false,"path_per_floor":["M","$","M","$","M","R","?","R","T","M","M","?","?","M","R","B",null,"M","$","?","M","?","R","M","R","T","R","M","R","M"],"character_chosen":"DEFECT","items_purchased":["Defragment","PrismaticShard"],"campfire_rested":3,"item_purchase_floors":[2,19],"current_hp_per_floor":[61,61,58,58,50,50,50,50,50,44,38,13,13,2,24,24,62,46,46,46,46,46,68,62,62,62,62,43,65,33,0],"gold":75,"neow_bonus":"TWO_FIFTY_GOLD","is_prod":false,"is_daily":false,"chose_seed":false,"campfire_upgraded":4,"win_rate":0,"timestamp":1539083236,"path_taken":["M","$","M","$","M","R","?","R","T","M","M","?","?","M","R","BOSS","M","$","?","M","?","R","?","R","T","R","?","R","?","E"],"build_version":"2018-10-04v2","purchased_purges":2,"victory":false,"max_hp_per_floor":[75,75,75,75,75,75,75,75,75,75,75,75,75,75,75,75,75,75,75,75,75,75,75,75,75,75,75,75,75,75,75],"card_choices":[{"not_picked":["Steam","Gash"],"picked":"White Noise","floor":1},{"not_picked":["Sweeping Beam","Steam","Stack"],"picked":"SKIP","floor":3},{"not_picked":["Turbo","Streamline"],"picked":"Gash","floor":5},{"not_picked":["Barrage","Gash"],"picked":"Echo Form","floor":10},{"not_picked":["Sweeping Beam","Coolheaded"],"picked":"Auto Shields","floor":11},{"not_picked":["Rebound","Genetic Algorithm"],"picked":"Conserve Battery","floor":14},{"not_picked":["Rainbow","Amplify"],"picked":"Machine Learning","floor":16},{"not_picked":["Ball Lightning","Sweeping Beam","Compile Driver"],"picked":"SKIP","floor":18},{"not_picked":["Flex","Twin Strike","Dagger Throw"],"picked":"SKIP","floor":24},{"not_picked":["Ball Lightning","Dagger Spray"],"picked":"Havoc+1","floor":28},{"not_picked":["Clothesline+1","All Out Attack+1"],"picked":"Backflip","floor":30}],"player_experience":52117,"relics_obtained":[{"floor":9,"key":"Lantern"},{"floor":26,"key":"War Paint"}],"event_choices":[{"event_name":"The Cleric","player_choice":"Card Removal","floor":7,"damage_taken":0},{"event_name":"Scrap Ooze","player_choice":"success","floor":12,"damage_taken":25},{"event_name":"Dead Adventurer","player_choice":"Searched \u00270\u0027 times","floor":13,"damage_taken":0},{"event_name":"The Lab","player_choice":"Got Potions","floor":20,"damage_taken":0},{"event_name":"Beggar","player_choice":"Gave Gold","floor":22,"damage_taken":0}],"is_beta":false,"boss_relics":[{"not_picked":["Orrery","Nuclear Battery"],"picked":"Velvet Choker"}],"items_purged_floors":[2,4],"is_endless":false,"potions_floor_spawned":[1,10,14,16,18,24],"killed_by":"Book of Stabbing","ascension_level":7}