{"gold_per_floor":[117,136,152,170,25,25,41,55,55,86,86,98,98,113,113,218,218,232,147,157,168,179,179,214,225,225,243,243,262,262,262,262,363,363,377,389,389,400,7,41,41,41,41,56,56,74,74,90,90,90],"floor_reached":51,"playtime":2259,"items_purged":["Strike_G","Strike_G"],"score":732,"play_id":"1f8a9df1-8483-484f-bbc9-7bc5b2c1c011","local_time":"20181022114605","is_ascension_mode":false,"campfire_choices":[{"data":"Bouncing Flask","floor":6,"key":"SMITH"},{"data":"Neutralize","floor":11,"key":"SMITH"},{"data":"Poisoned Stab","floor":13,"key":"SMITH"},{"data":"Survivor","floor":15,"key":"SMITH"},{"data":"Defend_G","floor":23,"key":"SMITH"},{"data":"Defend_G","floor":28,"key":"SMITH"},{"data":"Defend_G","floor":30,"key":"SMITH"},{"data":"Night Terror","floor":32,"key":"SMITH"},{"data":"Strike_G","floor":41,"key":"PURGE"},{"data":"Defend_G","floor":45,"key":"PURGE"},{"data":"Strike_G","floor":49,"key":"PURGE"}],"neow_cost":"TEN_PERCENT_HP_LOSS","seed_source_timestamp":12687454635111,"circlet_count":0,"master_deck":["Defend_G+1","Defend_G+1","Defend_G+1","Survivor+1","Neutralize+1","Backstab","Poisoned Stab+1","Bouncing Flask+1","After Image","After Image","Footwork+1","Heel Hook","Backstab","Infinite Blades+1","Night Terror+1","Envenom"],"relics":["Ring of the Snake","Ninja Scroll","Omamori","Runic Pyramid","Boot","Matryoshka","Anchor","Art of War","Fusion Hammer","Peace Pipe","Blood Vial","Snake Skull","Molten Egg 2"],"potions_floor_usage":[24,24,38,38,50],"damage_taken":[{"damage":3,"enemies":"Jaw Worm","floor":1,"turns":7},{"damage":2,"enemies":"Small Slimes","floor":2,"turns":4},{"damage":0,"enemies":"Cultist","floor":3,"turns":3},{"damage":0,"enemies":"Red Slaver","floor":4,"turns":3},{"damage":9,"enemies":"Large Slime","floor":7,"turns":7},{"damage":2,"enemies":"Looter","floor":8,"turns":2},{"damage":7,"enemies":"3 Sentries","floor":10,"turns":8},{"damage":4,"enemies":"Blue Slaver","floor":12,"turns":2},{"damage":0,"enemies":"Exordium Wildlife","floor":14,"turns":2},{"damage":26,"enemies":"Hexaghost","floor":16,"turns":7},{"damage":0,"enemies":"Chosen","floor":18,"turns":4},{"damage":0,"enemies":"Spheric Guardian","floor":20,"turns":6},{"damage":0,"enemies":"Centurion and Healer","floor":21,"turns":7},{"damage":0,"enemies":"Sentry and Sphere","floor":22,"turns":6},{"damage":2,"enemies":"Slavers","floor":24,"turns":6},{"damage":3,"enemies":"Snake Plant","floor":25,"turns":4},{"damage":0,"enemies":"Shelled Parasite and Fungi","floor":27,"turns":5},{"damage":0,"enemies":"Cultist and Chosen","floor":29,"turns":6},{"damage":15,"enemies":"Automaton","floor":33,"turns":14},{"damage":5,"enemies":"Orb Walker","floor":35,"turns":3},{"damage":0,"enemies":"3 Darklings","floor":36,"turns":8},{"damage":0,"enemies":"Transient","floor":38,"turns":5},{"damage":4,"enemies":"Nemesis","floor":40,"turns":7},{"damage":0,"enemies":"Sphere and 2 Shapes","floor":44,"turns":6},{"damage":0,"enemies":"Maw","floor":46,"turns":4},{"damage":0,"enemies":"3 Darklings","floor":48,"turns":7},{"damage":22,"enemies":"Awakened One","floor":50,"turns":7}],"seed_played":"-1534044052790683468","potions_obtained":[{"floor":2,"key":"SteroidPotion"},{"floor":3,"key":"SpeedPotion"},{"floor":4,"key":"SteroidPotion"},{"floor":24,"key":"Dexterity Potion"},{"floor":25,"key":"Block Potion"},{"floor":38,"key":"Ancient Potion"},{"floor":48,"key":"GamblersBrew"}],"is_trial":false,"path_per_floor":["M","M","M","M","$","R","M","M","T","E","R","M","R","M","R","B",null,"M","?","M","M","M","R","E","M","T","M","R","M","R","?","R","B",null,"M","M","?","M","$","E","R","$","T","M","R","M","$","M","R","B"],"character_chosen":"THE_SILENT","items_purchased":["Bouncing Flask","Peace Pipe"],"campfire_rested":0,"item_purchase_floors":[5,39],"current_hp_per_floor":[60,58,58,58,58,58,49,47,47,40,40,36,36,36,36,10,63,63,63,63,63,63,63,61,58,58,58,58,58,58,58,58,43,63,58,58,58,58,58,54,54,54,54,56,56,58,58,60,60,40],"gold":90,"neow_bonus":"REMOVE_TWO","is_prod":false,"is_daily":false,"chose_seed":false,"campfire_upgraded":8,"win_rate":0,"timestamp":1540179965,"path_taken":["M","M","M","M","$","R","M","M","T","E","R","M","R","M","R","BOSS","M","?","?","M","M","R","E","M","T","M","R","M","R","?","R","BOSS","M","M","?","M","$","E","R","$","T","?","R","M","$","?","R","BOSS"],"build_version":"2018-10-18","purchased_purges":2,"victory":true,"max_hp_per_floor":[63,63,63,63,63,63,63,63,63,63,63,63,63,63,63,63,63,63,63,63,63,63,63,63,63,63,63,63,63,63,63,63,63,63,63,63,63,63,63,63,63,63,63,63,63,63,63,63,63,63],"card_choices":[{"not_picked":["Dagger Spray","PiercingWail","Expertise"],"picked":"SKIP","floor":1},{"not_picked":["Dagger Spray","PiercingWail","Expertise"],"picked":"SKIP","floor":1},{"not_picked":["Backflip","Crippling Poison"],"picked":"Backstab","floor":2},{"not_picked":["Sucker Punch","Dodge and Roll"],"picked":"Poisoned Stab","floor":3},{"not_picked":["Dodge and Roll","Crippling Poison","PiercingWail"],"picked":"SKIP","floor":4},{"not_picked":["A Thousand Cuts","Blade Dance","Dagger Spray"],"picked":"SKIP","floor":7},{"not_picked":["PiercingWail","Outmaneuver","Caltrops"],"picked":"SKIP","floor":8},{"not_picked":["Deflect","Deadly Poison"],"picked":"After Image","floor":10},{"not_picked":["Setup","Reflex","Heel Hook"],"picked":"SKIP","floor":12},{"not_picked":["Dagger Throw","Slice","Deflect"],"picked":"SKIP","floor":14},{"not_picked":["Venomology","A Thousand Cuts"],"picked":"After Image","floor":16},{"not_picked":["Outmaneuver+1","Poisoned Stab+1","Acrobatics+1"],"picked":"SKIP","floor":18},{"not_picked":["Blade Dance","Dagger Spray"],"picked":"Footwork+1","floor":20},{"not_picked":["Poisoned Stab","Endless Agony","Deflect"],"picked":"SKIP","floor":21},{"not_picked":["Sucker Punch","Poisoned Stab"],"picked":"Heel Hook","floor":22},{"not_picked":["Blur","Outmaneuver","Blade Dance"],"picked":"SKIP","floor":24},{"not_picked":["PiercingWail","Blur"],"picked":"Backstab","floor":25},{"not_picked":["Cloak And Dagger+1","Deflect+1","Backflip"],"picked":"SKIP","floor":27},{"not_picked":["Underhanded Strike","Prepared"],"picked":"Infinite Blades+1","floor":29},{"not_picked":["Storm of Steel","Burst"],"picked":"Envenom","floor":33},{"not_picked":["Bane+1","Deflect","Blade Dance+1"],"picked":"SKIP","floor":35},{"not_picked":["Flying Knee","Deflect","Eviscerate+1"],"picked":"SKIP","floor":36},{"not_picked":["Setup+1","Backflip","Slice"],"picked":"SKIP","floor":38},{"not_picked":["PiercingWail+1","Caltrops+1","Quick Slash"],"picked":"SKIP","floor":40},{"not_picked":["Predator+1","Underhanded Strike+1","Poisoned Stab+1"],"picked":"SKIP","floor":44},{"not_picked":["Well Laid Plans+1","Backstab+1","A Thousand Cuts"],"picked":"SKIP","floor":46},{"not_picked":["Dagger Spray+1","Slice+1","Blade Dance+1"],"picked":"SKIP","floor":48}],"player_experience":498680,"relics_obtained":[{"floor":9,"key":"Ninja Scroll"},{"floor":10,"key":"Omamori"},{"floor":24,"key":"Matryoshka"},{"floor":26,"key":"Anchor"},{"floor":26,"key":"Art of War"},{"floor":40,"key":"Blood Vial"},{"floor":43,"key":"Snake Skull"},{"floor":43,"key":"Molten Egg 2"}],"event_choices":[{"damage_healed":0,"gold_gain":0,"player_choice":"Obtained Relic","damage_taken":0,"relics_obtained":["Boot"],"max_hp_gain":0,"max_hp_loss":0,"event_name":"Addict","floor":19,"gold_loss":85},{"damage_healed":0,"gold_gain":0,"player_choice":"Read","damage_taken":0,"max_hp_gain":0,"max_hp_loss":0,"event_name":"The Library","floor":31,"gold_loss":0,"cards_obtained":["Night Terror"]},{"damage_healed":0,"gold_gain":0,"player_choice":"Ignored","damage_taken":0,"max_hp_gain":0,"max_hp_loss":0,"event_name":"Tomb of Lord Red Mask","floor":37,"gold_loss":0}],"is_beta":false,"boss_relics":[{"not_picked":["Black Star","Snecko Eye"],"picked":"Runic Pyramid"},{"not_picked":["White Beast Statue","Eternal Feather"],"picked":"Fusion Hammer"}],"items_purged_floors":[5,39],"is_endless":false,"potions_floor_spawned":[2,3,4,8,14,18,21,24,25,38,48],"ascension_level":0}