{"gold_per_floor":[210,161,111,43,43,70,70,85,85,85,96,96],"floor_reached":12,"playtime":171,"items_purged":[],"score":76,"play_id":"4d731065-74b2-4507-8ae7-5645c1a07f11","local_time":"20181118234822","is_ascension_mode":false,"campfire_choices":[{"data":"Bouncing Flask","floor":7.0,"key":"SMITH"}],"neow_cost":"NONE","seed_source_timestamp":17325564845804,"circlet_count":0,"master_deck":["Defend_G","Defend_G","Defend_G","Defend_G","Defend_G","Strike_G","Strike_G","Strike_G","Survivor","Neutralize","Bouncing Flask+1","Prepared","Well Laid Plans","Dagger Spray","Deadly Poison"],"special_seed":0,"relics":["Ring of the Snake","Mummified Hand","Ornamental Fan"],"potions_floor_usage":[],"damage_taken":[{"damage":0.0,"enemies":"Jaw Worm","floor":1.0,"turns":4.0},{"damage":44.0,"enemies":"Gremlin Nob","floor":6.0,"turns":6.0},{"damage":0.0,"enemies":"Cultist","floor":8.0,"turns":3.0},{"damage":0,"enemies":"2 Louse","floor":11,"turns":1},{"damage":0,"enemies":"Large Slime","floor":12,"turns":1}],"seed_played":"-8491586715827669261","potions_obtained":[{"floor":1.0,"key":"Dexterity Potion"},{"floor":11,"key":"FairyPotion"}],"is_trial":false,"path_per_floor":["M","$","?","$","?","E","R","M","T","?","M","M"],"character_chosen":"THE_SILENT","items_purchased":["Prepared","Well Laid Plans"],"campfire_rested":0,"item_purchase_floors":[2,4],"current_hp_per_floor":[70,70,70,70,70,26,26,26,26,26,26,26],"gold":96,"neow_bonus":"HUNDRED_GOLD","is_prod":false,"is_daily":false,"chose_seed":true,"campfire_upgraded":1,"win_rate":0,"timestamp":1542556102,"path_taken":["M","$","?","$","?","E","R","?","T","?","M","?"],"build_version":"2018-11-15","purchased_purges":0,"victory":false,"max_hp_per_floor":[70,70,70,70,70,70,70,70,70,70,70,70],"card_choices":[{"not_picked":["Slice","Bane"],"picked":"Bouncing Flask","floor":1.0},{"not_picked":["Bane","Cloak And Dagger","Caltrops"],"picked":"SKIP","floor":6.0},{"not_picked":["Bouncing Flask","Sucker Punch","Underhanded Strike"],"picked":"SKIP","floor":8.0},{"not_picked":["Predator","Concentrate"],"picked":"Deadly Poison","floor":11}],"player_experience":1102011,"relics_obtained":[{"floor":6.0,"key":"Mummified Hand"},{"floor":9.0,"key":"Ornamental Fan"}],"event_choices":[{"cards_removed":["Strike_G"],"damage_healed":0.0,"max_hp_gain":0.0,"max_hp_loss":0.0,"gold_gain":0.0,"event_name":"The Cleric","player_choice":"Card Removal","floor":3.0,"gold_loss":50.0,"damage_taken":0.0},{"damage_healed":0.0,"max_hp_gain":0.0,"max_hp_loss":0.0,"gold_gain":0.0,"cards_transformed":["Strike_G"],"event_name":"Transmorgrifier","player_choice":"Transformed","floor":5.0,"gold_loss":0.0,"damage_taken":0.0,"cards_obtained":["Dagger Spray"]},{"damage_healed":0,"gold_gain":0,"player_choice":"0 cards matched","damage_taken":0,"max_hp_gain":0,"max_hp_loss":0,"event_name":"Match and Keep!","floor":10,"gold_loss":0,"cards_obtained":[]}],"is_beta":true,"boss_relics":[],"items_purged_floors":[],"is_endless":false,"potions_floor_spawned":[1,11],"killed_by":"Large Slime","ascension_level":0}