{"gold_per_floor":[119,119,119,134,149,149,159,159,182,282,282,293,24,39,39,142,142,154,104,104,121,220,220,240,240,240,256,256,266,131,145,145,240,240,251,268,99,113,133,166,166,78,101,150,170,170,195,20,20,20],"floor_reached":51,"playtime":1673,"items_purged":["Defend_G","Strike_G","Strike_G","Strike_G","Defend_G","Defend_G"],"score":874,"play_id":"b1caa2d5-9dfd-4d90-bb40-da839a61b667","local_time":"20181027131831","is_ascension_mode":false,"campfire_choices":[{"data":"Neutralize","floor":6.0,"key":"SMITH"},{"data":"Deadly Poison","floor":8.0,"key":"SMITH"},{"data":"Well Laid Plans","floor":15.0,"key":"SMITH"},{"data":"Malaise","floor":23,"key":"SMITH"},{"data":"Bouncing Flask","floor":25,"key":"SMITH"},{"data":"Leg Sweep","floor":28,"key":"SMITH"},{"data":"Corpse Explosion","floor":32,"key":"SMITH"},{"data":"Well Laid Plans","floor":41,"key":"SMITH"},{"data":"Burst","floor":46,"key":"SMITH"},{"data":"Backflip","floor":49,"key":"SMITH"}],"neow_cost":"PERCENT_DAMAGE","seed_source_timestamp":9281331299278,"circlet_count":0,"master_deck":["Survivor","Neutralize+1","Unload","Backflip+1","Leg Sweep+1","Deadly Poison+1","Well Laid Plans+1","Malaise+1","Catalyst+1","Bouncing Flask+1","Corpse Explosion+1","PiercingWail+1","Adrenaline","Backflip+1","Well Laid Plans+1","Burst+1","Leg Sweep+1","Crippling Poison+1","PiercingWail+1","Dodge and Roll+1","Backflip","Well Laid Plans+1"],"special_seed":0,"relics":["Ring of the Snake","Oddly Smooth Stone","PreservedInsect","Membership Card","Velvet Choker","Happy Flower","Coffee Dripper","Snake Skull","Dream Catcher","Unceasing Top","Shuriken"],"potions_floor_usage":[50,50,50],"damage_taken":[{"damage":0.0,"enemies":"Small Slimes","floor":1.0,"turns":3.0},{"damage":0.0,"enemies":"Cultist","floor":4.0,"turns":3.0},{"damage":0.0,"enemies":"2 Louse","floor":5.0,"turns":2.0},{"damage":0.0,"enemies":"Lots of Slimes","floor":7.0,"turns":8.0},{"damage":4.0,"enemies":"Gremlin Gang","floor":12.0,"turns":3.0},{"damage":0.0,"enemies":"3 Louse","floor":14.0,"turns":4.0},{"damage":54,"enemies":"Slime Boss","floor":16,"turns":16},{"damage":0,"enemies":"Spheric Guardian","floor":18,"turns":4},{"damage":0,"enemies":"3 Byrds","floor":21,"turns":5},{"damage":0,"enemies":"Centurion and Healer","floor":24,"turns":5},{"damage":0,"enemies":"Shelled Parasite and Fungi","floor":27,"turns":5},{"damage":0,"enemies":"Snecko","floor":29,"turns":3},{"damage":0,"enemies":"Cultist and Chosen","floor":31,"turns":4},{"damage":0,"enemies":"Automaton","floor":33,"turns":5},{"damage":0,"enemies":"Orb Walker","floor":35,"turns":2},{"damage":0,"enemies":"3 Shapes","floor":36,"turns":2},{"damage":0,"enemies":"Writhing Mass","floor":38,"turns":4},{"damage":0,"enemies":"Spire Growth","floor":39,"turns":2},{"damage":0,"enemies":"Nemesis","floor":40,"turns":5},{"damage":0,"enemies":"2 Orb Walkers","floor":44,"turns":3},{"damage":0,"enemies":"Sphere and 2 Shapes","floor":45,"turns":2},{"damage":0,"enemies":"Giant Head","floor":47,"turns":3},{"damage":0,"enemies":"Donu and Deca","floor":50,"turns":5}],"seed_played":"261045843754896064","potions_obtained":[{"floor":4.0,"key":"Regen Potion"},{"floor":5.0,"key":"Poison Potion"},{"floor":7.0,"key":"Fire Potion"},{"floor":16,"key":"Explosive Potion"}],"is_trial":false,"path_per_floor":["M","?","?","M","M","R","M","R","T","?","T","M","$","M","R","B",null,"M","$","?","M","?","R","M","R","T","M","R","M","$","M","R","B",null,"M","M","$","M","M","E","R","$","T","?","M","R","E","$","R","B"],"character_chosen":"THE_SILENT","items_purchased":["Membership Card","Well Laid Plans","Corpse Explosion","Well Laid Plans","Burst","Dexterity Potion","Dexterity Potion","Dexterity Potion"],"campfire_rested":0,"item_purchase_floors":[13,13,30,37,37,48,48,48],"current_hp_per_floor":[49,49,49,49,49,49,64,64,64,64,64,60,60,60,60,6,70,70,70,70,70,70,70,70,70,70,70,70,70,70,70,70,70,70,70,70,70,70,70,70,70,70,70,70,70,70,70,70,70,70],"gold":20,"neow_bonus":"REMOVE_TWO","is_prod":false,"is_daily":false,"chose_seed":false,"campfire_upgraded":10,"win_rate":0,"timestamp":1540617511,"path_taken":["M","?","?","?","M","R","M","R","T","?","?","M","$","M","R","BOSS","M","$","?","M","?","R","M","R","T","M","R","M","$","M","R","BOSS","M","?","$","M","M","E","R","$","T","?","M","R","E","$","R","BOSS"],"build_version":"2018-10-25v2","purchased_purges":6,"victory":true,"max_hp_per_floor":[70,70,70,70,70,70,70,70,70,70,70,70,70,70,70,70,70,70,70,70,70,70,70,70,70,70,70,70,70,70,70,70,70,70,70,70,70,70,70,70,70,70,70,70,70,70,70,70,70,70],"card_choices":[{"not_picked":["PiercingWail","Dagger Throw","Tactician"],"picked":"SKIP","floor":1.0},{"not_picked":["Blur","Accuracy"],"picked":"Backflip","floor":4.0},{"not_picked":["Acrobatics","Deflect"],"picked":"Leg Sweep","floor":5.0},{"not_picked":["PiercingWail","Prepared"],"picked":"Deadly Poison","floor":7.0},{"not_picked":["Dagger Throw","Outmaneuver","Deflect"],"picked":"SKIP","floor":12.0},{"not_picked":["Underhanded Strike","Slice","Heel Hook"],"picked":"SKIP","floor":14.0},{"not_picked":["Storm of Steel","Die Die Die"],"picked":"Malaise","floor":16},{"not_picked":["Flying Knee+1","Cloak And Dagger+1"],"picked":"Catalyst","floor":18},{"not_picked":["Masterful Stab","Flying Knee+1"],"picked":"Bouncing Flask","floor":21},{"not_picked":["Acrobatics","Underhanded Strike+1","Bane+1"],"picked":"SKIP","floor":24},{"not_picked":["Sucker Punch+1","Dagger Spray","Flying Knee"],"picked":"SKIP","floor":27},{"not_picked":["Eviscerate","Finisher","Sucker Punch+1"],"picked":"SKIP","floor":29},{"not_picked":["Riddle With Holes","Deflect"],"picked":"PiercingWail+1","floor":31},{"not_picked":["Tools of the Trade","After Image"],"picked":"Adrenaline","floor":33},{"not_picked":["Prepared+1","Acrobatics+1","Flying Knee+1"],"picked":"SKIP","floor":35},{"not_picked":["Cloak And Dagger","Expertise"],"picked":"Backflip+1","floor":36},{"not_picked":["Expertise+1","Tactician+1"],"picked":"Leg Sweep+1","floor":38},{"not_picked":["Poisoned Stab+1","Underhanded Strike+1"],"picked":"Crippling Poison+1","floor":39},{"not_picked":["Blade Dance+1","Skewer"],"picked":"PiercingWail+1","floor":40},{"not_picked":["Tools of the Trade","Tactician"],"picked":"Dodge and Roll+1","floor":44},{"not_picked":["Underhanded Strike+1","Blade Dance"],"picked":"Backflip","floor":45},{"not_picked":["Backflip+1","Endless Agony"],"picked":"Well Laid Plans+1","floor":47}],"player_experience":669418,"relics_obtained":[{"floor":9.0,"key":"Oddly Smooth Stone"},{"floor":11.0,"key":"PreservedInsect"},{"floor":26,"key":"Happy Flower"},{"floor":40,"key":"Snake Skull"},{"floor":43,"key":"Dream Catcher"},{"floor":44,"key":"Unceasing Top"},{"floor":47,"key":"Shuriken"}],"event_choices":[{"cards_removed":["Strike_G"],"damage_healed":0.0,"max_hp_gain":0.0,"max_hp_loss":0.0,"gold_gain":0.0,"event_name":"Purifier","player_choice":"Purged","floor":2.0,"gold_loss":0.0,"damage_taken":0.0},{"damage_healed":0.0,"max_hp_gain":0.0,"max_hp_loss":0.0,"gold_gain":0.0,"cards_transformed":["Defend_G"],"event_name":"Living Wall","player_choice":"Change","floor":3.0,"gold_loss":0.0,"damage_taken":0.0,"cards_obtained":["Unload"]},{"damage_healed":0.0,"max_hp_gain":0.0,"max_hp_loss":0.0,"gold_gain":100.0,"event_name":"Golden Shrine","player_choice":"Pray","floor":10.0,"gold_loss":0.0,"damage_taken":0.0},{"damage_healed":0,"gold_gain":0,"player_choice":"Upgraded","damage_taken":0,"max_hp_gain":0,"max_hp_loss":0,"event_name":"Upgrade Shrine","floor":20,"gold_loss":0,"cards_upgraded":["Catalyst"]},{"damage_healed":0,"gold_gain":99,"player_choice":"Stole From Cult","damage_taken":0,"max_hp_gain":0,"max_hp_loss":0,"event_name":"Nest","floor":22,"gold_loss":0},{"damage_healed":0,"gold_gain":0,"player_choice":"Fight","damage_taken":0,"max_hp_gain":0,"max_hp_loss":0,"event_name":"Mysterious Sphere","floor":44,"gold_loss":0}],"is_beta":false,"boss_relics":[{"not_picked":["Orrery","Fusion Hammer"],"picked":"Velvet Choker"},{"not_picked":["Busted Crown","Philosopher\u0027s Stone"],"picked":"Coffee Dripper"}],"items_purged_floors":[13,19,30,37,42,48],"is_endless":false,"potions_floor_spawned":[4,5,7,16,21,29,31,33,36,39,45,47],"ascension_level":0}