{"gold_per_floor":[112,132,151,166,183,212,137,137,137,137,157,176,76,76],"floor_reached":14,"playtime":1576,"items_purged":["Strike_R","Strike_R"],"score":94,"play_id":"d369891a-e713-4a46-82a8-87e874855149","local_time":"20190806113638","is_ascension_mode":false,"campfire_choices":[{"data":"Shrug It Off","floor":8,"key":"SMITH"},{"floor":10,"key":"REST"}],"neow_cost":"NONE","seed_source_timestamp":0,"circlet_count":0,"master_deck":["Strike_R","Strike_R","Strike_R","Defend_R","Defend_R","Defend_R","Defend_R","Bash","Headbutt","Shrug It Off+1","True Grit","Immolate","Warcry","Flame Barrier"],"special_seed":0,"relics":["Burning Blood","NeowsBlessing","Potion Belt","Question Card"],"potions_floor_usage":[],"damage_taken":[{"damage":0.0,"enemies":"Cultist","floor":1.0,"turns":1.0},{"damage":0.0,"enemies":"Small Slimes","floor":2.0,"turns":1.0},{"damage":0.0,"enemies":"2 Louse","floor":3.0,"turns":1.0},{"damage":7.0,"enemies":"Looter","floor":4.0,"turns":4.0},{"damage":6.0,"enemies":"Blue Slaver","floor":5.0,"turns":5.0},{"damage":74.0,"enemies":"Lagavulin","floor":6.0,"turns":14.0},{"damage":10,"enemies":"3 Louse","floor":11,"turns":2},{"damage":10,"enemies":"Lots of Slimes","floor":12,"turns":3},{"damage":51,"enemies":"Gremlin Nob","floor":14,"turns":5}],"seed_played":"-5733770944850903511","potions_obtained":[{"floor":1.0,"key":"Poison Potion"},{"floor":4.0,"key":"Regen Potion"},{"floor":11,"key":"Dexterity Potion"}],"is_trial":false,"path_per_floor":["M","M","M","M","M","E","$","R","T","R","M","M","$","E"],"character_chosen":"IRONCLAD","items_purchased":[],"campfire_rested":1,"item_purchase_floors":[],"current_hp_per_floor":[80,80,80,79,79,11,11,11,11,35,31,27,27,0],"gold":76,"neow_bonus":"THREE_ENEMY_KILL","is_prod":false,"is_daily":false,"chose_seed":false,"campfire_upgraded":1,"win_rate":0.0,"timestamp":1565112998,"path_taken":["M","M","M","M","M","E","$","R","T","R","M","M","$","E"],"build_version":"2019-07-17","purchased_purges":2,"victory":false,"max_hp_per_floor":[80,80,80,80,80,80,80,80,80,80,80,80,80,80],"card_choices":[{"not_picked":["Rupture","Perfected Strike","Warcry"],"picked":"SKIP","floor":1.0},{"not_picked":["Dropkick","Perfected Strike"],"picked":"Headbutt","floor":2.0},{"not_picked":["Sword Boomerang","Iron Wave","Headbutt"],"picked":"SKIP","floor":3.0},{"not_picked":["Flex","Clothesline"],"picked":"Shrug It Off","floor":4.0},{"not_picked":["Burning Pact","Wild Strike"],"picked":"True Grit","floor":5.0},{"not_picked":["Warcry","Reckless Charge"],"picked":"Immolate","floor":6.0},{"not_picked":["Fire Breathing","Second Wind","Thunderclap"],"picked":"Warcry","floor":11},{"not_picked":["Warcry","Flex","Dropkick"],"picked":"Flame Barrier","floor":12}],"player_experience":40482,"relics_obtained":[{"floor":6.0,"key":"Potion Belt"},{"floor":9,"key":"Question Card"}],"event_choices":[],"is_beta":false,"boss_relics":[],"items_purged_floors":[7,13],"is_endless":false,"potions_floor_spawned":[1,4,11],"killed_by":"Gremlin Nob","ascension_level":0}