{"gold_per_floor":[114,125,125,125,125,125,156,156,156,8,26,51,51,75,75,194,194,208,222,238,259,283,283,319,319,319,339,239,258,258,133,133,252,252,267,117,0,18,18,62,62,395,395,395,405,405,430,430,430,430],"floor_reached":51,"playtime":962,"items_purged":["Strike_R","Strike_R","Strike_R","Bash"],"score":1050,"play_id":"7c249194-57f4-43ab-a428-210ed730c1af","local_time":"20190804123434","is_ascension_mode":false,"campfire_choices":[{"data":"Searing Blow","floor":6,"key":"SMITH"},{"data":"Searing Blow+1","floor":8,"key":"SMITH"},{"data":"Searing Blow+2","floor":13,"key":"SMITH"},{"data":"Searing Blow+3","floor":15,"key":"SMITH"},{"data":"Searing Blow+4","floor":23,"key":"SMITH"},{"data":"Searing Blow+5","floor":25,"key":"SMITH"},{"data":"Searing Blow+6","floor":30,"key":"SMITH"},{"data":"Searing Blow+7","floor":32,"key":"SMITH"},{"data":"Searing Blow+8","floor":41,"key":"SMITH"},{"data":"Searing Blow+9","floor":44,"key":"SMITH"},{"data":"Searing Blow+11","floor":49,"key":"SMITH"}],"neow_cost":"CURSE","seed_source_timestamp":3829144538952,"circlet_count":0,"master_deck":["Defend_R+1","Defend_R+1","Defend_R+1","Defend_R+1","Regret","Flex+1","Warcry+1","Searing Blow+12","Second Wind+1","Battle Trance+1"],"relics":["Burning Blood","Shuriken","Molten Egg 2","Cursed Key","FossilizedHelix","Busted Crown","Red Mask","Anchor","Pocketwatch","Mark of the Bloom"],"potions_floor_usage":[7,20,22,24,50,50,50],"damage_taken":[{"damage":11,"enemies":"Small Slimes","floor":1,"turns":6},{"damage":7,"enemies":"Jaw Worm","floor":2,"turns":4},{"damage":12,"enemies":"Gremlin Nob","floor":7,"turns":3},{"damage":0,"enemies":"2 Louse","floor":11,"turns":2},{"damage":0,"enemies":"2 Fungi Beasts","floor":12,"turns":3},{"damage":3,"enemies":"Exordium Thugs","floor":14,"turns":4},{"damage":43,"enemies":"The Guardian","floor":16,"turns":8},{"damage":5,"enemies":"2 Thieves","floor":18,"turns":3},{"damage":11,"enemies":"Chosen","floor":19,"turns":3},{"damage":19,"enemies":"Snake Plant","floor":20,"turns":3},{"damage":7,"enemies":"Centurion and Healer","floor":21,"turns":4},{"damage":2,"enemies":"Chosen and Byrds","floor":22,"turns":4},{"damage":17,"enemies":"Book of Stabbing","floor":24,"turns":4},{"damage":9,"enemies":"Shelled Parasite and Fungi","floor":27,"turns":4},{"damage":10,"enemies":"Cultist and Chosen","floor":29,"turns":3},{"damage":0,"enemies":"Champ","floor":33,"turns":5},{"damage":3,"enemies":"3 Shapes","floor":35,"turns":2},{"damage":0,"enemies":"3 Darklings","floor":38,"turns":2},{"damage":13,"enemies":"Giant Head","floor":40,"turns":5},{"damage":0,"enemies":"Writhing Mass","floor":45,"turns":2},{"damage":0,"enemies":"Reptomancer","floor":47,"turns":2},{"damage":0,"enemies":"Donu and Deca","floor":50,"turns":3}],"seed_played":"3993172345337326031","potions_obtained":[{"floor":2,"key":"Energy Potion"},{"floor":11,"key":"AttackPotion"},{"floor":12,"key":"AttackPotion"},{"floor":18,"key":"Ancient Potion"},{"floor":20,"key":"SteroidPotion"},{"floor":22,"key":"Fruit Juice"},{"floor":29,"key":"Strength Potion"},{"floor":38,"key":"SteroidPotion"}],"is_trial":false,"path_per_floor":["M","M","?","?","?","R","E","R","T","$","M","M","R","M","R","B",null,"M","M","M","M","M","R","E","R","T","M","$","M","R","$","R","B",null,"M","$","?","M","?","E","R","?","T","R","M","?","E","?","R","B",null],"character_chosen":"IRONCLAD","items_purchased":["Battle Trance"],"campfire_rested":0,"item_purchase_floors":[10],"current_hp_per_floor":[75,74,58,58,74,74,68,68,68,68,74,74,74,74,74,37,74,74,69,56,55,64,64,53,53,53,50,50,46,46,46,46,52,79,79,79,79,79,75,68,68,68,68,68,74,74,75,75,75,75],"gold":430,"neow_bonus":"TRANSFORM_TWO_CARDS","is_prod":false,"is_daily":false,"chose_seed":false,"campfire_upgraded":11,"win_rate":0,"timestamp":1564893274,"path_taken":["M","M","?","?","?","R","E","R","T","?","?","M","R","M","R","BOSS","M","M","M","M","M","R","E","R","T","M","$","M","R","$","R","BOSS","M","$","?","M","?","E","R","?","T","R","M","?","E","?","R","BOSS"],"build_version":"2019-07-17","purchased_purges":4,"victory":true,"max_hp_per_floor":[80,80,80,74,74,74,74,74,74,74,74,74,74,74,74,74,74,74,74,74,74,79,79,79,79,79,79,79,79,79,79,79,79,79,79,79,79,79,75,75,75,75,75,75,75,75,75,75,75,75],"card_choices":[{"not_picked":["Anger","Pommel Strike"],"picked":"Searing Blow","floor":1},{"not_picked":["Body Slam","Wild Strike","Headbutt"],"picked":"SKIP","floor":2},{"not_picked":["Sentinel","Dropkick"],"picked":"Second Wind","floor":7},{"not_picked":["Havoc","True Grit","Heavy Blade+1"],"picked":"SKIP","floor":11},{"not_picked":["True Grit","Flame Barrier","Sentinel"],"picked":"SKIP","floor":12},{"not_picked":["Entrench","Flex","Fire Breathing"],"picked":"SKIP","floor":14},{"not_picked":["Heavy Blade+1","Warcry","Infernal Blade"],"picked":"SKIP","floor":18},{"not_picked":["Warcry","Headbutt+1","Searing Blow+1"],"picked":"SKIP","floor":19},{"not_picked":["True Grit+1","Searing Blow+1","Perfected Strike+1"],"picked":"SKIP","floor":20},{"not_picked":["Warcry+1","Clothesline+1","Rage+1"],"picked":"SKIP","floor":21},{"not_picked":["Seeing Red","Rupture+1","Flame Barrier"],"picked":"SKIP","floor":22},{"not_picked":["Headbutt+1","Shockwave+1","Feel No Pain"],"picked":"SKIP","floor":24},{"not_picked":["Corruption","Havoc","Sword Boomerang+1"],"picked":"SKIP","floor":27},{"not_picked":["Sentinel+1","Blood for Blood+1","Twin Strike+1"],"picked":"SKIP","floor":29},{"not_picked":["Exhume","Impervious"],"picked":"Offering","floor":33},{"not_picked":["Fire Breathing"],"picked":"SKIP","floor":35},{"not_picked":["Second Wind"],"picked":"SKIP","floor":38},{"not_picked":["Feel No Pain+1"],"picked":"SKIP","floor":40},{"not_picked":["Pommel Strike+1"],"picked":"SKIP","floor":45},{"not_picked":["Wild Strike+1"],"picked":"SKIP","floor":47}],"player_experience":5866431,"relics_obtained":[{"floor":7,"key":"Shuriken"},{"floor":9,"key":"Molten Egg 2"},{"floor":24,"key":"FossilizedHelix"},{"floor":40,"key":"Anchor"},{"floor":47,"key":"Pocketwatch"}],"event_choices":[{"damage_healed":0,"gold_gain":0,"player_choice":"Entered Light","damage_taken":16,"max_hp_gain":0,"max_hp_loss":0,"event_name":"Shining Light","floor":3,"gold_loss":0,"cards_upgraded":["Defend_R","Warcry"]},{"damage_healed":0,"gold_gain":0,"player_choice":"Lose Max HP","damage_taken":0,"relics_obtained":["Golden Idol"],"max_hp_gain":0,"max_hp_loss":6,"event_name":"Golden Idol","floor":4,"gold_loss":0},{"damage_healed":24,"gold_gain":0,"player_choice":"Banana","damage_taken":0,"max_hp_gain":0,"max_hp_loss":0,"event_name":"Big Fish","floor":5,"gold_loss":0},{"damage_healed":0,"gold_gain":0,"player_choice":"Paid","damage_taken":0,"relics_obtained":["Red Mask"],"max_hp_gain":0,"max_hp_loss":0,"event_name":"Tomb of Lord Red Mask","floor":37,"gold_loss":117},{"damage_healed":0,"gold_gain":0,"player_choice":"Max HP","damage_taken":0,"max_hp_gain":0,"max_hp_loss":4,"event_name":"Winding Halls","floor":39,"gold_loss":0},{"damage_healed":0,"gold_gain":333,"player_choice":"Gave Idol","damage_taken":0,"max_hp_gain":0,"max_hp_loss":0,"event_name":"The Moai Head","floor":42,"relics_lost":["Golden Idol"],"gold_loss":0},{"cards_removed":["Offering"],"damage_healed":0,"gold_gain":0,"player_choice":"Removed Skill","damage_taken":0,"max_hp_gain":0,"max_hp_loss":0,"event_name":"Falling","floor":46,"gold_loss":0},{"damage_healed":0,"gold_gain":0,"player_choice":"Upgrade","damage_taken":0,"relics_obtained":["Mark of the Bloom"],"max_hp_gain":0,"max_hp_loss":0,"event_name":"MindBloom","floor":48,"gold_loss":0,"cards_upgraded":["Defend_R","Defend_R","Defend_R","Flex","Searing Blow","Second Wind","Battle Trance"]}],"is_beta":false,"boss_relics":[{"not_picked":["Tiny House","Sozu"],"picked":"Cursed Key"},{"not_picked":["Lizard Tail","White Beast Statue"],"picked":"Busted Crown"}],"items_purged_floors":[10,28,31,36],"is_endless":false,"potions_floor_spawned":[2,11,12,18,20,22,29,38],"ascension_level":0}