{"gold_per_floor":[117,117,136,211,136,136,168,168,168,186,215,233,264,277,277,354,354,364,364,376,36,36,36,48,75,75,94,106,117,150,169,169,247,247,257,276,498,517,78,78,108,119,146,146,146,181,181,42,42,42,42,42,42,42,69,69],"floor_reached":57,"playtime":3031,"items_purged":["Strike_B","Strike_B"],"score":3129,"play_id":"8f592777-5440-4661-83a0-c5df13a5cee4","local_time":"20190326200643","is_ascension_mode":true,"campfire_choices":[{"data":"Defragment","floor":6.0,"key":"SMITH"},{"data":"Zap","floor":15.0,"key":"SMITH"},{"data":"Discovery","floor":23.0,"key":"SMITH"},{"data":"Coolheaded","floor":32.0,"key":"SMITH"},{"data":"Coolheaded","floor":40.0,"key":"SMITH"},{"floor":45.0,"key":"RECALL"},{"data":"Turbo","floor":49.0,"key":"SMITH"},{"data":"Glacier","floor":53.0,"key":"SMITH"}],"neow_cost":"NONE","seed_source_timestamp":2075177218197907,"circlet_count":0,"master_deck":["AscendersBane","Strike_B+1","Defend_B+1","Defend_B+1","Defend_B+1","Defend_B+1","Zap+1","Dualcast+1","Cold Snap+1","Defragment+1","Tempest+1","Reboot+1","Turbo+1","BootSequence+1","Compile Driver+1","Echo Form+1","Coolheaded+1","Capacitor+1","Discovery+1","Thunder Strike+1","Chill+1","Consume+1","Conserve Battery+1","Coolheaded+1","Buffer+1","Recycle+1","Hologram+1","Blizzard+1","Coolheaded+1","All For One+1","Turbo+1","Glacier+1","Reinforced Body"],"special_seed":0,"relics":["Cracked Core","NeowsBlessing","Centennial Puzzle","Meat on the Bone","Shuriken","Matryoshka","Coffee Dripper","Bag of Preparation","Ancient Tea Set","Omamori","Regal Pillow","Pen Nib","Molten Egg 2","Red Mask","Runic Pyramid","Sundial","DataDisk","Mark of the Bloom","Happy Flower","Ornamental Fan","Bottled Tornado"],"potions_floor_usage":[56],"damage_taken":[{"damage":0.0,"enemies":"Jaw Worm","floor":1.0,"turns":1.0},{"damage":0.0,"enemies":"Cultist","floor":3.0,"turns":1.0},{"damage":0.0,"enemies":"Gremlin Nob","floor":7.0,"turns":1.0},{"damage":0.0,"enemies":"2 Louse","floor":10.0,"turns":2.0},{"damage":10.0,"enemies":"3 Sentries","floor":11.0,"turns":6.0},{"damage":7.0,"enemies":"Exordium Thugs","floor":12.0,"turns":4.0},{"damage":4.0,"enemies":"Gremlin Nob","floor":13.0,"turns":3.0},{"damage":0.0,"enemies":"Looter","floor":14.0,"turns":2.0},{"damage":15.0,"enemies":"The Guardian","floor":16.0,"turns":10.0},{"damage":7.0,"enemies":"Spheric Guardian","floor":18.0,"turns":3.0},{"damage":0.0,"enemies":"3 Byrds","floor":20.0,"turns":3.0},{"damage":13.0,"enemies":"Shelled Parasite and Fungi","floor":24.0,"turns":2.0},{"damage":23.0,"enemies":"Gremlin Leader","floor":25.0,"turns":7.0},{"damage":2.0,"enemies":"3 Cultists","floor":27.0,"turns":3.0},{"damage":0.0,"enemies":"Centurion and Healer","floor":28.0,"turns":7.0},{"damage":0.0,"enemies":"Snecko","floor":29.0,"turns":2.0},{"damage":36.0,"enemies":"Masked Bandits","floor":30.0,"turns":6.0},{"damage":13.0,"enemies":"Cultist and Chosen","floor":31.0,"turns":7.0},{"damage":0.0,"enemies":"Champ","floor":33.0,"turns":11.0},{"damage":9.0,"enemies":"3 Darklings","floor":35.0,"turns":7.0},{"damage":0.0,"enemies":"Orb Walker","floor":36.0,"turns":4.0},{"damage":3.0,"enemies":"Spire Growth","floor":38.0,"turns":6.0},{"damage":18.0,"enemies":"Nemesis","floor":41.0,"turns":6.0},{"damage":11.0,"enemies":"Sphere and 2 Shapes","floor":42.0,"turns":4.0},{"damage":0.0,"enemies":"Reptomancer","floor":46.0,"turns":6.0},{"damage":0.0,"enemies":"Donu and Deca","floor":50.0,"turns":6.0},{"damage":0.0,"enemies":"Time Eater","floor":51.0,"turns":10.0},{"damage":23.0,"enemies":"Shield and Spear","floor":55.0,"turns":8.0},{"damage":22,"enemies":"The Heart","floor":56,"turns":14}],"seed_played":"-1779177346314915681","potions_obtained":[{"floor":3.0,"key":"AttackPotion"},{"floor":7.0,"key":"GamblersBrew"},{"floor":14.0,"key":"Explosive Potion"},{"floor":16.0,"key":"FearPotion"},{"floor":19.0,"key":"LiquidBronze"},{"floor":25.0,"key":"FearPotion"},{"floor":28.0,"key":"LiquidBronze"},{"floor":30.0,"key":"SneckoOil"},{"floor":35.0,"key":"Dexterity Potion"},{"floor":38.0,"key":"PowerPotion"}],"is_trial":false,"path_per_floor":["M","?","M","?","$","R","E","?","T","M","E","M","E","M","R","B",null,"M","?","M","$","T","R","M","E","T","M","M","M","?","M","R","B",null,"M","M","?","M","$","R","E","M","T","?","R","E","T","$","R","B","B",null,"R","$","E","B",null],"character_chosen":"DEFECT","items_purchased":["Capacitor","Discovery","Bag of Preparation","Sundial","Hologram","Turbo","Glacier"],"campfire_rested":0,"item_purchase_floors":[21,21,21,39,39,48,48],"current_hp_per_floor":[64,64,64,53,53,53,53,58,58,58,48,41,49,49,49,46,69,62,62,62,62,62,62,49,38,38,48,48,48,24,23,23,35,66,57,57,57,54,54,54,48,49,49,49,49,49,49,49,49,49,49,49,49,49,26,4],"gold":69,"neow_bonus":"THREE_ENEMY_KILL","is_prod":false,"is_daily":false,"chose_seed":false,"campfire_upgraded":7,"win_rate":0,"timestamp":1553602003,"path_taken":["M","?","?","?","$","R","E","?","T","M","E","M","E","M","R","BOSS","M","?","M","$","?","R","M","E","T","M","M","?","?","M","R","BOSS","M","M","?","M","$","R","E","M","T","?","R","E","?","$","R","BOSS","BOSS","R","$","E","BOSS"],"build_version":"2019-01-23","purchased_purges":2,"victory":true,"max_hp_per_floor":[71,71,71,71,71,71,71,76,76,76,76,76,76,76,76,76,76,76,76,76,76,76,76,76,76,76,76,76,76,76,76,76,76,76,76,76,76,76,76,76,76,76,76,76,76,76,76,76,76,76,76,76,76,76,76,76],"card_choices":[{"not_picked":["Force Field","Conserve Battery"],"picked":"Cold Snap","floor":1.0},{"not_picked":["White Noise","Compile Driver"],"picked":"Defragment","floor":3.0},{"not_picked":["Leap","Compile Driver"],"picked":"Tempest","floor":7.0},{"not_picked":["Doom and Gloom","Scrape"],"picked":"Reboot","floor":10.0},{"not_picked":["Sweeping Beam","Compile Driver"],"picked":"Turbo","floor":11.0},{"not_picked":["Machine Learning","Steam Power"],"picked":"BootSequence","floor":12.0},{"not_picked":["Streamline","Go for the Eyes"],"picked":"Compile Driver","floor":13.0},{"not_picked":["Leap","Beam Cell","Storm"],"picked":"SKIP","floor":14.0},{"not_picked":["Core Surge","Creative AI"],"picked":"Echo Form","floor":16.0},{"not_picked":["Go for the Eyes+1","Steam"],"picked":"Coolheaded","floor":18.0},{"not_picked":["Turbo","Leap+1","Sweeping Beam"],"picked":"SKIP","floor":20.0},{"not_picked":["Capacitor","Streamline","Beam Cell"],"picked":"SKIP","floor":24.0},{"not_picked":["Rip and Tear","Leap","Auto Shields"],"picked":"SKIP","floor":25.0},{"not_picked":["Redo","Turbo"],"picked":"Thunder Strike+1","floor":27.0},{"not_picked":["Sweeping Beam+1","Chill","Turbo"],"picked":"SKIP","floor":28.0},{"not_picked":["Sweeping Beam+1","Turbo"],"picked":"Chill","floor":28.0},{"not_picked":["Beam Cell+1","Machine Learning"],"picked":"Consume","floor":29.0},{"not_picked":["Doom and Gloom+1","Hologram"],"picked":"Conserve Battery+1","floor":30.0},{"not_picked":["Sweeping Beam+1","Barrage+1"],"picked":"Coolheaded","floor":31.0},{"not_picked":["Reboot","Creative AI"],"picked":"Buffer","floor":33.0},{"not_picked":["Redo","Coolheaded"],"picked":"Recycle","floor":35.0},{"not_picked":["Steam","Lockon+1","Ball Lightning+1"],"picked":"SKIP","floor":36.0},{"not_picked":["Reinforced Body","Rebound+1","Ball Lightning+1"],"picked":"SKIP","floor":38.0},{"not_picked":["Beam Cell+1","Compile Driver+1"],"picked":"Blizzard+1","floor":41.0},{"not_picked":["Cold Snap+1","Turbo"],"picked":"Coolheaded","floor":42.0},{"not_picked":["Scrape+1","Streamline+1"],"picked":"All For One+1","floor":46.0},{"not_picked":["Sunder+1","Auto Shields"],"picked":"Reinforced Body","floor":55.0}],"player_experience":1277633,"relics_obtained":[{"floor":7.0,"key":"Centennial Puzzle"},{"floor":9.0,"key":"Meat on the Bone"},{"floor":11.0,"key":"Shuriken"},{"floor":13.0,"key":"Matryoshka"},{"floor":22.0,"key":"Ancient Tea Set"},{"floor":22.0,"key":"Omamori"},{"floor":25.0,"key":"Regal Pillow"},{"floor":26.0,"key":"Pen Nib"},{"floor":26.0,"key":"Molten Egg 2"},{"floor":30.0,"key":"Red Mask"},{"floor":41.0,"key":"DataDisk"},{"floor":46.0,"key":"Happy Flower"},{"floor":47.0,"key":"Ornamental Fan"},{"floor":55.0,"key":"Bottled Tornado"}],"event_choices":[{"cards_removed":["Strike_B"],"damage_healed":0.0,"max_hp_gain":0.0,"max_hp_loss":0.0,"gold_gain":0.0,"event_name":"Bonfire Elementals","player_choice":"Offered Basic","floor":2.0,"gold_loss":0.0,"damage_taken":0.0},{"damage_healed":0.0,"max_hp_gain":0.0,"max_hp_loss":0.0,"gold_gain":75.0,"event_name":"World of Goop","player_choice":"Gather Gold","floor":4.0,"gold_loss":0.0,"damage_taken":11.0},{"damage_healed":0.0,"max_hp_gain":5.0,"max_hp_loss":0.0,"gold_gain":0.0,"event_name":"Big Fish","player_choice":"Donut","floor":8.0,"gold_loss":0.0,"damage_taken":0.0},{"damage_healed":0.0,"max_hp_gain":0.0,"max_hp_loss":0.0,"gold_gain":0.0,"event_name":"Lab","player_choice":"Got Potions","floor":19.0,"gold_loss":0.0,"damage_taken":0.0},{"damage_healed":0.0,"max_hp_gain":0.0,"max_hp_loss":0.0,"gold_gain":0.0,"event_name":"Masked Bandits","player_choice":"Fought Bandits","floor":30.0,"gold_loss":0.0,"damage_taken":0.0},{"damage_healed":0.0,"max_hp_gain":0.0,"max_hp_loss":0.0,"gold_gain":222.0,"event_name":"Tomb of Lord Red Mask","player_choice":"Wore Mask","floor":37.0,"gold_loss":0.0,"damage_taken":0.0},{"damage_healed":0.0,"max_hp_gain":0.0,"max_hp_loss":0.0,"gold_gain":0.0,"event_name":"MindBloom","player_choice":"Upgrade","floor":44.0,"gold_loss":0.0,"damage_taken":0.0,"cards_upgraded":["Strike_B","Defend_B","Defend_B","Defend_B","Defend_B","Dualcast","Cold Snap","Tempest","Reboot","Turbo","BootSequence","Compile Driver","Echo Form","Capacitor","Chill","Consume","Buffer","Recycle","Hologram","Coolheaded"],"relics_obtained":["Mark of the Bloom"]}],"is_beta":false,"boss_relics":[{"not_picked":["Empty Cage","Tiny House"],"picked":"Coffee Dripper"},{"not_picked":["Busted Crown","Velvet Choker"],"picked":"Runic Pyramid"}],"items_purged_floors":[5,39],"is_endless":false,"potions_floor_spawned":[3,7,14,16,25,28,29,30,35,38,55],"ascension_level":20}