{"path_per_floor":["M","M","?","$","M","E","M","R","T","R","E","?","R","M","R","B",null,"M","$","?","M","M"],"character_chosen":"IRONCLAD","items_purchased":[],"gold_per_floor":[366,383,383,308,328,363,380,380,380,380,406,406,406,425,425,521,521,536,536,536,547,566,566],"floor_reached":23,"campfire_rested":2,"playtime":749,"item_purchase_floors":[],"current_hp_per_floor":[72,68,68,68,72,50,45,45,45,45,15,15,36,35,56,14,72,44,44,44,41,27,0],"items_purged":["Defend_R"],"gold":566,"score":201,"play_id":"e2bd1627-4abb-44f2-ba00-9f6234c9f6b6","local_time":"20180526164817","is_prod":false,"is_daily":false,"chose_seed":false,"is_ascension_mode":false,"campfire_upgraded":2,"win_rate":0,"timestamp":1527346097,"campfire_choices":[{"data":"Perfected Strike","floor":8,"key":"SMITH"},{"data":"Seeing Red","floor":10,"key":"SMITH"},{"floor":13,"key":"REST"},{"floor":15,"key":"REST"}],"path_taken":["M","M","?","$","?","E","M","R","T","R","E","?","R","M","R","BOSS","M","$","?","M","M","E"],"build_version":"2018-05-25","seed_source_timestamp":24007695899216,"purchased_purges":1,"victory":false,"master_deck":["Strike_R","Strike_R","Strike_R+1","Strike_R","Strike_R+1","Defend_R","Defend_R","Bash","Perfected Strike+1","Seeing Red+1","Ghostly Armor","Bash","Double Tap","Clash","Offering","Thunderclap","Perfected Strike"],"max_hp_per_floor":[72,72,72,72,72,72,72,72,72,72,72,72,72,72,72,72,72,72,72,72,72,72,72],"relics":["Burning Blood","Whetstone","Matryoshka","Mummified Hand","Eternal Feather","Prayer Wheel"],"card_choices":[{"not_picked":["Rupture","True Grit"],"picked":"Perfected Strike","floor":1},{"not_picked":["Sever Soul","Searing Blow","Fire Breathing"],"picked":"SKIP","floor":2},{"not_picked":["Armaments","Shrug It Off","Pummel"],"picked":"SKIP","floor":5},{"not_picked":["Cleave","Iron Wave"],"picked":"Seeing Red","floor":6},{"not_picked":["Combust","Clothesline","Brutality"],"picked":"SKIP","floor":7},{"not_picked":["Body Slam","Armaments"],"picked":"Ghostly Armor","floor":11},{"not_picked":["Fire Breathing","Sword Boomerang"],"picked":"Clash","floor":14},{"not_picked":["Demon Form","Juggernaut"],"picked":"Offering","floor":16},{"not_picked":["Power Through","Seeing Red+1"],"picked":"Thunderclap","floor":18},{"not_picked":["Shrug It Off","Armaments+1"],"picked":"Perfected Strike","floor":21},{"not_picked":["Armaments","Second Wind","Shrug It Off"],"picked":"SKIP","floor":21},{"not_picked":["Burning Pact","Armaments+1","True Grit"],"picked":"SKIP","floor":22},{"not_picked":["Headbutt","Infernal Blade","Disarm"],"picked":"SKIP","floor":22}],"player_experience":75564,"potions_floor_usage":[],"damage_taken":[{"damage":2,"enemies":"2 Louse","floor":1,"turns":3},{"damage":10,"enemies":"Small Slimes","floor":2,"turns":3},{"damage":1,"enemies":"Cultist","floor":5,"turns":3},{"damage":28,"enemies":"Gremlin Nob","floor":6,"turns":4},{"damage":11,"enemies":"Exordium Wildlife","floor":7,"turns":2},{"damage":36,"enemies":"Lagavulin","floor":11,"turns":4},{"damage":7,"enemies":"Gremlin Gang","floor":14,"turns":4},{"damage":48,"enemies":"The Guardian","floor":16,"turns":6},{"damage":34,"enemies":"2 Thieves","floor":18,"turns":3},{"damage":9,"enemies":"3 Byrds","floor":21,"turns":5},{"damage":20,"enemies":"3 Cultists","floor":22,"turns":4},{"damage":45,"enemies":"Slavers","floor":23,"turns":2}],"relics_obtained":[{"floor":6,"key":"Whetstone"},{"floor":9,"key":"Matryoshka"},{"floor":11,"key":"Mummified Hand"}],"event_choices":[{"event_name":"Living Wall","player_choice":"Forget","floor":3,"damage_taken":0},{"event_name":"Match and Keep!","player_choice":"2 cards matched","floor":12,"damage_taken":0},{"event_name":"The Mausoleum","player_choice":"Yes","floor":20,"damage_taken":0}],"boss_relics":[{"not_picked":["Calling Bell","Ectoplasm"],"picked":"Eternal Feather"}],"items_purged_floors":[4],"potions_floor_spawned":[2,7,11,16,21],"seed_played":"6586223180714804758","killed_by":"Slavers","ascension_level":0,"potions_obtained":[{"floor":2,"key":"FearPotion"},{"floor":7,"key":"GamblersBrew"},{"floor":11,"key":"FairyPotion"}],"is_trial":false}