{"gold_per_floor":[109,34,54,54,229,229,229,0,0,13,42,42,42,52,52,150,150,150,150,105,105,70,70,70,70,70,70,70,70,70,70,70,70,70,70,70,70,70,70,70,70,70,70,70,70,70,70,70,70,70],"floor_reached":51,"playtime":3637,"items_purged":["Strike_R","Strike_R"],"score":1418,"play_id":"ce50676c-41b7-49aa-bf08-b3fd7ad6529e","local_time":"20190731010450","is_ascension_mode":true,"campfire_choices":[{"data":"True Grit","floor":6.0,"key":"SMITH"},{"data":"Inflame","floor":13.0,"key":"SMITH"},{"data":"Entrench","floor":15.0,"key":"SMITH"},{"data":"Limit Break","floor":25,"key":"SMITH"},{"data":"Seeing Red","floor":27,"key":"SMITH"},{"data":"Demon Form","floor":29,"key":"SMITH"},{"floor":32,"key":"REST"},{"floor":40,"key":"REST"},{"floor":42,"key":"REST"},{"data":"Battle Trance","floor":45,"key":"SMITH"},{"floor":49,"key":"REST"}],"neow_cost":"TEN_PERCENT_HP_LOSS","seed_source_timestamp":0,"circlet_count":0,"master_deck":["AscendersBane","Strike_R","Strike_R","Defend_R","Defend_R","Defend_R","Defend_R","True Grit+1","Seeing Red+1","Doubt","Inflame+1","True Grit","Entrench+1","Body Slam+1","Impervious","Heavy Blade+1","Limit Break+1","Writhe","Body Slam+1","Inflame","Demon Form+1","Heavy Blade+1","Offering","True Grit+1","Battle Trance+1","Feel No Pain"],"special_seed":0,"relics":["Burning Blood","Pocketwatch","Red Skull","Mercury Hourglass","Molten Egg 2","Anchor","Ectoplasm","Ornamental Fan","Pen Nib","Oddly Smooth Stone","Ancient Tea Set","Velvet Choker","MawBank","Bronze Scales","Orichalcum"],"potions_floor_usage":[33,36,38,41,50],"damage_taken":[{"damage":3.0,"enemies":"Jaw Worm","floor":1.0,"turns":5.0},{"damage":0.0,"enemies":"Small Slimes","floor":3.0,"turns":4.0},{"damage":0.0,"enemies":"2 Louse","floor":10.0,"turns":4.0},{"damage":15.0,"enemies":"3 Sentries","floor":11.0,"turns":9.0},{"damage":6.0,"enemies":"Lots of Slimes","floor":14.0,"turns":3.0},{"damage":27.0,"enemies":"Slime Boss","floor":16.0,"turns":11.0},{"damage":0.0,"enemies":"Spheric Guardian","floor":18.0,"turns":2.0},{"damage":12.0,"enemies":"2 Thieves","floor":20.0,"turns":4.0},{"damage":13.0,"enemies":"Chosen and Byrds","floor":21.0,"turns":6.0},{"damage":24,"enemies":"Gremlin Leader","floor":23,"turns":4},{"damage":0,"enemies":"Cultist and Chosen","floor":28,"turns":5},{"damage":12,"enemies":"Book of Stabbing","floor":31,"turns":4},{"damage":44,"enemies":"Collector","floor":33,"turns":6},{"damage":0,"enemies":"3 Shapes","floor":35,"turns":3},{"damage":12,"enemies":"Orb Walker","floor":37,"turns":4},{"damage":24,"enemies":"Jaw Worm Horde","floor":38,"turns":6},{"damage":17,"enemies":"Sphere and 2 Shapes","floor":39,"turns":5},{"damage":22,"enemies":"Writhing Mass","floor":41,"turns":6},{"damage":7,"enemies":"Giant Head","floor":44,"turns":6},{"damage":52,"enemies":"Awakened One","floor":50,"turns":7}],"seed_played":"-3727229373577774843","potions_obtained":[{"floor":1.0,"key":"Dexterity Potion"},{"floor":3.0,"key":"AttackPotion"},{"floor":11.0,"key":"Explosive Potion"},{"floor":18.0,"key":"SteroidPotion"},{"floor":31,"key":"FearPotion"},{"floor":33,"key":"Fire Potion"},{"floor":36,"key":"Fruit Juice"},{"floor":36,"key":"GamblersBrew"},{"floor":38,"key":"SkillPotion"},{"floor":41,"key":"SpeedPotion"}],"is_trial":false,"path_per_floor":["M","$","M","?","?","R","?","$","T","M","E","?","R","M","R","B",null,"M","?","M","M","$","E","?","R","T","R","M","R","?","E","R","B",null,"M","?","M","M","M","R","M","R","T","E","R","?","T","?","R","B",null],"character_chosen":"IRONCLAD","items_purchased":["Inflame","True Grit","Inflame"],"campfire_rested":4,"item_purchase_floors":[8,8,22],"current_hp_per_floor":[72,72,72,60,60,60,60,60,60,66,57,57,57,57,57,36,63,69,69,63,56,56,38,38,38,38,38,44,44,37,31,52,14,58,64,69,63,45,34,57,41,64,64,63,63,63,63,53,76,30],"gold":70,"neow_bonus":"ONE_RARE_RELIC","is_prod":false,"is_daily":false,"chose_seed":false,"campfire_upgraded":7,"win_rate":0,"timestamp":1564553090,"path_taken":["M","$","M","?","?","R","?","$","T","?","E","?","R","M","R","BOSS","M","?","M","M","$","E","?","R","T","R","M","R","?","E","R","BOSS","M","?","?","M","M","R","M","R","T","E","R","?","?","?","R","BOSS"],"build_version":"2019-07-17","purchased_purges":2,"victory":true,"max_hp_per_floor":[72,72,72,72,72,72,72,72,72,72,72,72,72,72,72,72,72,72,72,72,72,72,72,72,72,72,72,72,72,72,72,72,72,72,72,77,77,77,77,77,77,77,77,77,77,77,77,77,77,77],"card_choices":[{"not_picked":["Ghostly Armor","Thunderclap"],"picked":"True Grit","floor":1.0},{"not_picked":["Disarm","Cleave"],"picked":"Seeing Red","floor":3.0},{"not_picked":["Body Slam+1","Corruption"],"picked":"Entrench","floor":10.0},{"not_picked":["Havoc","Clothesline+1"],"picked":"Body Slam+1","floor":11.0},{"not_picked":["Flex","Twin Strike+1"],"picked":"Heavy Blade+1","floor":14.0},{"not_picked":["Brutality","Double Tap"],"picked":"Limit Break","floor":16.0},{"not_picked":["Wild Strike+1","Flex","Perfected Strike+1"],"picked":"SKIP","floor":18.0},{"not_picked":["Iron Wave+1","Anger+1"],"picked":"Body Slam+1","floor":20.0},{"not_picked":["Sever Soul+1","True Grit","Flex"],"picked":"SKIP","floor":21.0},{"not_picked":["Anger+1","Havoc","Clash+1"],"picked":"SKIP","floor":23},{"not_picked":["Warcry","Evolve"],"picked":"Demon Form","floor":28},{"not_picked":["Body Slam+1","Clash+1"],"picked":"Heavy Blade+1","floor":31},{"not_picked":["Juggernaut","Limit Break"],"picked":"Offering","floor":33},{"not_picked":["Perfected Strike+1","Corruption","Hemokinesis+1"],"picked":"SKIP","floor":35},{"not_picked":["Headbutt+1","Perfected Strike+1"],"picked":"True Grit+1","floor":37},{"not_picked":["Uppercut+1","Sword Boomerang+1"],"picked":"Battle Trance","floor":38},{"not_picked":["Perfected Strike+1","Battle Trance","Body Slam+1"],"picked":"SKIP","floor":39},{"not_picked":["Wild Strike+1","Whirlwind+1","Second Wind"],"picked":"SKIP","floor":41},{"not_picked":["Hemokinesis+1","Power Through"],"picked":"Feel No Pain","floor":44}],"player_experience":397773,"relics_obtained":[{"floor":9.0,"key":"Molten Egg 2"},{"floor":11.0,"key":"Anchor"},{"floor":23,"key":"Pen Nib"},{"floor":26,"key":"Oddly Smooth Stone"},{"floor":31,"key":"Ancient Tea Set"},{"floor":43,"key":"MawBank"},{"floor":44,"key":"Bronze Scales"},{"floor":47,"key":"Orichalcum"}],"event_choices":[{"damage_healed":0.0,"max_hp_gain":0.0,"max_hp_loss":0.0,"gold_gain":0.0,"event_name":"Scrap Ooze","player_choice":"Success","floor":4.0,"gold_loss":0.0,"damage_taken":12.0,"relics_obtained":["Red Skull"]},{"damage_healed":0.0,"max_hp_gain":0.0,"max_hp_loss":0.0,"gold_gain":175.0,"event_name":"Liars Game","player_choice":"AGREE","floor":5.0,"gold_loss":0.0,"damage_taken":0.0,"cards_obtained":["Doubt"]},{"damage_healed":0.0,"max_hp_gain":0.0,"max_hp_loss":0.0,"gold_gain":0.0,"event_name":"WeMeetAgain","player_choice":"Gave Potion","floor":7.0,"gold_loss":0.0,"damage_taken":0.0,"relics_obtained":["Mercury Hourglass"]},{"damage_healed":0.0,"max_hp_gain":0.0,"max_hp_loss":0.0,"gold_gain":0.0,"cards_transformed":["Strike_R"],"event_name":"Living Wall","player_choice":"Change","floor":12.0,"gold_loss":0.0,"damage_taken":0.0,"cards_obtained":["Impervious"]},{"damage_healed":0.0,"max_hp_gain":0.0,"max_hp_loss":0.0,"gold_gain":0.0,"event_name":"The Mausoleum","player_choice":"Opened","floor":19.0,"gold_loss":0.0,"damage_taken":0.0,"relics_obtained":["Ornamental Fan"],"cards_obtained":["Writhe"]},{"damage_healed":0,"gold_gain":99,"player_choice":"Stole From Cult","damage_taken":0,"max_hp_gain":0,"max_hp_loss":0,"event_name":"Nest","floor":24,"gold_loss":0},{"damage_healed":0,"gold_gain":75,"player_choice":"Touch","damage_taken":7,"max_hp_gain":0,"max_hp_loss":0,"event_name":"FaceTrader","floor":30,"gold_loss":0},{"damage_healed":0,"gold_gain":0,"player_choice":"Got Potions","damage_taken":0,"max_hp_gain":0,"max_hp_loss":0,"event_name":"Lab","floor":36,"gold_loss":0},{"cards_removed":["Bash"],"damage_healed":0,"gold_gain":0,"player_choice":"Removed Attack","damage_taken":0,"max_hp_gain":0,"max_hp_loss":0,"event_name":"Falling","floor":46,"gold_loss":0},{"damage_healed":0,"gold_gain":0,"player_choice":"Memory 3","damage_taken":10,"max_hp_gain":0,"max_hp_loss":0,"event_name":"SensoryStone","floor":48,"gold_loss":0}],"is_beta":false,"boss_relics":[{"not_picked":["Runic Dome","Eternal Feather"],"picked":"Ectoplasm"},{"not_picked":["Black Star","Calling Bell"],"picked":"Velvet Choker"}],"items_purged_floors":[2,8],"is_endless":false,"potions_floor_spawned":[1,3,11,18,31,33,38,41],"ascension_level":12}