{"gold_per_floor":[118,118,137,147,40,40,40,40,67,67,82,102,102,102],"floor_reached":14,"playtime":512,"items_purged":[],"score":160,"play_id":"fb74efdc-d4a4-4929-9a2b-905802ba8a5f","local_time":"20190101143128","is_ascension_mode":true,"campfire_choices":[{"data":"Neutralize","floor":6.0,"key":"SMITH"},{"data":"Cloak And Dagger","floor":10.0,"key":"SMITH"}],"neow_cost":"NONE","seed_source_timestamp":9816666377734,"circlet_count":0,"master_deck":["AscendersBane","Defend_G","Defend_G+1","Defend_G","Defend_G","Defend_G+1","Strike_G+1","Strike_G","Strike_G","Survivor+1","Neutralize+1","PiercingWail","Cloak And Dagger+1","Purity","Backstab"],"special_seed":0,"relics":["Ring of the Snake","Dream Catcher","War Paint"],"potions_floor_usage":[14],"damage_taken":[{"damage":1.0,"enemies":"2 Louse","floor":1.0,"turns":3.0},{"damage":7.0,"enemies":"Cultist","floor":3.0,"turns":5.0},{"damage":1.0,"enemies":"Small Slimes","floor":4.0,"turns":5.0},{"damage":6,"enemies":"Exordium Thugs","floor":11,"turns":6},{"damage":0,"enemies":"3 Louse","floor":12,"turns":3},{"damage":19,"enemies":"3 Sentries","floor":14,"turns":7}],"seed_played":"-759675907038176918","potions_obtained":[{"floor":1.0,"key":"Poison Potion"},{"floor":4.0,"key":"Swift Potion"}],"is_trial":false,"path_per_floor":["M","?","M","M","$","R","?","$","T","R","M","M","?","E"],"character_chosen":"THE_SILENT","items_purchased":["Purity"],"campfire_rested":0,"item_purchase_floors":[5],"current_hp_per_floor":[58,58,51,50,50,50,30,30,30,30,24,24,17,0],"gold":102,"neow_bonus":"REMOVE_CARD","is_prod":false,"is_daily":false,"chose_seed":false,"campfire_upgraded":2,"win_rate":0,"timestamp":1546324288,"path_taken":["M","?","?","M","$","R","?","$","T","R","M","M","?","E"],"build_version":"2018-12-20","purchased_purges":0,"victory":false,"max_hp_per_floor":[66,66,66,66,66,66,66,66,66,66,66,66,66,66],"card_choices":[{"not_picked":["All Out Attack","Predator"],"picked":"PiercingWail","floor":1.0},{"not_picked":["Finisher","Caltrops"],"picked":"Cloak And Dagger","floor":3.0},{"not_picked":["Prepared","Heel Hook","Quick Slash"],"picked":"SKIP","floor":4.0},{"not_picked":["Dodge and Roll","Dagger Throw"],"picked":"Backstab","floor":11},{"not_picked":["Underhanded Strike","Blade Dance","Heel Hook"],"picked":"SKIP","floor":12}],"player_experience":1638653,"relics_obtained":[{"floor":9.0,"key":"War Paint"}],"event_choices":[{"damage_healed":0.0,"max_hp_gain":0.0,"max_hp_loss":0.0,"gold_gain":0.0,"event_name":"WeMeetAgain","player_choice":"Gave Potion","floor":2.0,"gold_loss":0.0,"damage_taken":0.0,"relics_obtained":["Dream Catcher"]},{"damage_healed":0.0,"max_hp_gain":0.0,"max_hp_loss":0.0,"gold_gain":0.0,"event_name":"Shining Light","player_choice":"Entered Light","floor":7.0,"gold_loss":0.0,"damage_taken":20.0,"cards_upgraded":["Strike_G","Defend_G"]},{"cards_removed":["Strike_G"],"damage_healed":0,"gold_gain":0,"player_choice":"Card Removal","damage_taken":7,"max_hp_gain":0,"max_hp_loss":0,"event_name":"Golden Wing","floor":13,"gold_loss":0}],"is_beta":false,"boss_relics":[],"items_purged_floors":[],"is_endless":false,"potions_floor_spawned":[1,4],"killed_by":"3 Sentries","ascension_level":20}