{"gold_per_floor":[109,109,124,124,5,38,38,77,77,77,103,103,14,55,55,150,150,134,150,50,50,68,68,112,130,156,156,200,221,96,115,115,206,206,227,247,13,38,38,77,100,156,182,182,206,117,450,476,476,476,476,476,476,119,153,153],"floor_reached":57,"playtime":4015,"items_purged":["Strike_G","Strike_G","Strike_G","Prepared"],"score":3207,"play_id":"2ef119a4-07ca-4cd7-9c88-cf74a648a646","local_time":"20190128182601","is_ascension_mode":true,"campfire_choices":[{"data":"Neutralize","floor":7.0,"key":"SMITH"},{"data":"Malaise","floor":10.0,"key":"SMITH"},{"floor":12.0,"key":"REST"},{"data":"Accuracy","floor":15.0,"key":"SMITH"},{"data":"Infinite Blades","floor":23.0,"key":"SMITH"},{"data":"Cloak And Dagger","floor":27.0,"key":"SMITH"},{"data":"Acrobatics","floor":32.0,"key":"SMITH"},{"data":"After Image","floor":44.0,"key":"SMITH"},{"floor":49.0,"key":"RECALL"},{"data":"Terror","floor":53.0,"key":"SMITH"}],"neow_cost":"NONE","seed_source_timestamp":28213729607120,"circlet_count":0,"master_deck":["AscendersBane","Survivor","Neutralize+1","Malaise+1","Accuracy+1","Dash","Backflip","Cloak And Dagger+1","Infinite Blades+1","Adrenaline","PiercingWail","Prepared+1","Acrobatics+1","Terror+1","Bane","Caltrops","Crippling Poison","Prepared","After Image+1","Calculated Gamble","Chrysalis","Dark Shackles","Dark Shackles","PiercingWail","Doppelganger","Infinite Blades","Cloak And Dagger"],"special_seed":0,"relics":["Ring of the Snake","NeowsBlessing","Paper Crane","Dead Branch","Sundial","Odd Mushroom","Blood Vial","Coffee Dripper","Strawberry","Lantern","Pen Nib","Pandora\u0027s Box","Bird Faced Urn","Prayer Wheel","Thread and Needle","Shuriken","Bottled Flame"],"potions_floor_usage":[56,56],"damage_taken":[{"damage":0.0,"enemies":"2 Louse","floor":1.0,"turns":1.0},{"damage":0.0,"enemies":"Cultist","floor":3.0,"turns":1.0},{"damage":0.0,"enemies":"3 Sentries","floor":6.0,"turns":1.0},{"damage":46.0,"enemies":"Gremlin Nob","floor":8.0,"turns":7.0},{"damage":5.0,"enemies":"The Mushroom Lair","floor":11.0,"turns":7.0},{"damage":13.0,"enemies":"3 Sentries","floor":14.0,"turns":7.0},{"damage":1.0,"enemies":"The Guardian","floor":16.0,"turns":13.0},{"damage":0.0,"enemies":"2 Thieves","floor":18.0,"turns":4.0},{"damage":0.0,"enemies":"Chosen","floor":19.0,"turns":6.0},{"damage":1.0,"enemies":"Centurion and Healer","floor":22.0,"turns":6.0},{"damage":0.0,"enemies":"Gremlin Leader","floor":24.0,"turns":6.0},{"damage":1.0,"enemies":"Cultist and Chosen","floor":25.0,"turns":7.0},{"damage":0.0,"enemies":"Book of Stabbing","floor":28.0,"turns":4.0},{"damage":0.0,"enemies":"Chosen and Byrds","floor":29.0,"turns":5.0},{"damage":0.0,"enemies":"Snake Plant","floor":31.0,"turns":6.0},{"damage":0.0,"enemies":"Automaton","floor":33.0,"turns":7.0},{"damage":1.0,"enemies":"3 Shapes","floor":35.0,"turns":5.0},{"damage":0.0,"enemies":"Orb Walker","floor":36.0,"turns":3.0},{"damage":0.0,"enemies":"Transient","floor":38.0,"turns":6.0},{"damage":0.0,"enemies":"Reptomancer","floor":40.0,"turns":6.0},{"damage":10.0,"enemies":"Sphere and 2 Shapes","floor":41.0,"turns":5.0},{"damage":0.0,"enemies":"2 Orb Walkers","floor":42.0,"turns":3.0},{"damage":12.0,"enemies":"Maw","floor":45.0,"turns":7.0},{"damage":0.0,"enemies":"Giant Head","floor":48.0,"turns":4.0},{"damage":0.0,"enemies":"Donu and Deca","floor":50.0,"turns":7.0},{"damage":35.0,"enemies":"Awakened One","floor":51.0,"turns":13.0},{"damage":35.0,"enemies":"Shield and Spear","floor":55.0,"turns":6.0},{"damage":40,"enemies":"The Heart","floor":56,"turns":9}],"seed_played":"-4804982901598022416","potions_obtained":[{"floor":1.0,"key":"SteroidPotion"},{"floor":3.0,"key":"SpeedPotion"},{"floor":6.0,"key":"GhostInAJar"},{"floor":18.0,"key":"GhostInAJar"},{"floor":40.0,"key":"FearPotion"}],"is_trial":false,"path_per_floor":["M","?","M","?","$","E","R","E","T","R","?","R","$","E","R","B",null,"M","M","$","?","M","R","E","M","T","R","E","M","$","M","R","B",null,"M","M","$","M","?","E","M","?","T","R","M","$","?","E","R","B","B",null,"R","$","E","B",null],"character_chosen":"THE_SILENT","items_purchased":["Accuracy","Infinite Blades","Calculated Gamble","Infinite Blades","Shuriken","Ancient Potion"],"campfire_rested":1,"item_purchase_floors":[5,13,37,46,54,54],"current_hp_per_floor":[59,59,59,59,59,59,59,13,13,13,8,26,26,13,13,14,49,51,53,53,53,54,54,63,64,64,64,66,67,67,67,67,67,67,66,67,67,67,57,59,57,65,65,65,67,67,67,67,67,67,40,60,60,60,46,26],"gold":153,"neow_bonus":"THREE_ENEMY_KILL","is_prod":false,"is_daily":false,"chose_seed":false,"campfire_upgraded":8,"win_rate":0,"timestamp":1548671161,"path_taken":["M","?","?","?","?","E","R","E","T","R","?","R","$","E","R","BOSS","M","M","$","?","M","R","E","M","T","R","E","M","$","M","R","BOSS","M","?","$","M","?","E","M","?","T","R","M","$","?","E","R","BOSS","BOSS","R","$","E","BOSS"],"build_version":"2019-01-23","purchased_purges":4,"victory":true,"max_hp_per_floor":[66,66,66,60,60,60,60,60,60,60,60,60,60,60,60,60,60,60,60,60,60,60,60,67,67,67,67,67,67,67,67,67,67,67,67,67,67,67,67,67,67,67,67,67,67,67,67,67,67,67,67,67,67,67,67,67],"card_choices":[{"not_picked":["Masterful Stab","Flying Knee","Reflex"],"picked":"SKIP","floor":1.0},{"not_picked":["Riddle With Holes","Quick Slash","Underhanded Strike"],"picked":"SKIP","floor":3.0},{"not_picked":["Backflip","Storm of Steel"],"picked":"Dash","floor":6.0},{"not_picked":["Outmaneuver","Noxious Fumes"],"picked":"Backflip","floor":8.0},{"not_picked":["Quick Slash","Outmaneuver"],"picked":"Cloak And Dagger","floor":11.0},{"not_picked":["Bane","A Thousand Cuts","Accuracy"],"picked":"SKIP","floor":14.0},{"not_picked":["Wraith Form v2","Corpse Explosion"],"picked":"Adrenaline","floor":16.0},{"not_picked":["Escape Plan","Deadly Poison","Dagger Spray"],"picked":"SKIP","floor":18.0},{"not_picked":["Acrobatics","Sucker Punch+1"],"picked":"PiercingWail","floor":19.0},{"not_picked":["Prepared","Underhanded Strike","Flying Knee"],"picked":"SKIP","floor":22.0},{"not_picked":["PiercingWail","Poisoned Stab"],"picked":"Prepared+1","floor":24.0},{"not_picked":["Leg Sweep","Bane+1"],"picked":"Acrobatics","floor":25.0},{"not_picked":["Heel Hook","Underhanded Strike","Venomology"],"picked":"SKIP","floor":28.0},{"not_picked":["Cloak And Dagger","Dagger Throw","PiercingWail"],"picked":"SKIP","floor":29.0},{"not_picked":["Deflect+1","Dagger Throw","Flechettes"],"picked":"SKIP","floor":31.0},{"not_picked":["Noxious Fumes","Slice","Accuracy+1"],"picked":"SKIP","floor":35.0},{"not_picked":["Bane","Accuracy+1","Catalyst+1"],"picked":"SKIP","floor":36.0},{"not_picked":["Bane+1","Accuracy","Finisher"],"picked":"SKIP","floor":38.0},{"not_picked":["Apotheosis","Deep Breath"],"picked":"Chrysalis","floor":39.0},{"not_picked":["Deep Breath","Blind"],"picked":"Dark Shackles","floor":39.0},{"not_picked":["Apotheosis","The Bomb"],"picked":"Dark Shackles","floor":39.0},{"not_picked":["Unload","Quick Slash","Sucker Punch+1"],"picked":"SKIP","floor":40.0},{"not_picked":["Dagger Throw","Slice","Bane"],"picked":"SKIP","floor":41.0},{"not_picked":["Outmaneuver+1","Dagger Spray"],"picked":"PiercingWail","floor":42.0},{"not_picked":["Crippling Poison","Poisoned Stab"],"picked":"Doppelganger","floor":45.0},{"not_picked":["Riddle With Holes","Blur","Terror"],"picked":"SKIP","floor":45.0},{"not_picked":["Glass Knife","Heel Hook","Infinite Blades"],"picked":"SKIP","floor":48.0},{"not_picked":["Underhanded Strike+1","Expertise"],"picked":"Cloak And Dagger","floor":55.0}],"player_experience":1372751,"relics_obtained":[{"floor":6.0,"key":"Paper Crane"},{"floor":8.0,"key":"Dead Branch"},{"floor":9.0,"key":"Sundial"},{"floor":11.0,"key":"Odd Mushroom"},{"floor":14.0,"key":"Blood Vial"},{"floor":24.0,"key":"Strawberry"},{"floor":26.0,"key":"Lantern"},{"floor":28.0,"key":"Pen Nib"},{"floor":40.0,"key":"Bird Faced Urn"},{"floor":42.0,"key":"Prayer Wheel"},{"floor":48.0,"key":"Thread and Needle"},{"floor":55.0,"key":"Bottled Flame"}],"event_choices":[{"damage_healed":0.0,"max_hp_gain":0.0,"max_hp_loss":0.0,"gold_gain":0.0,"event_name":"Match and Keep!","player_choice":"1 cards matched","floor":2.0,"gold_loss":0.0,"damage_taken":0.0,"cards_obtained":["Malaise"]},{"damage_healed":0.0,"max_hp_gain":0.0,"max_hp_loss":6.0,"gold_gain":0.0,"event_name":"Golden Idol","player_choice":"Lose Max HP","floor":4.0,"gold_loss":0.0,"damage_taken":0.0,"relics_obtained":["Golden Idol"]},{"damage_healed":0.0,"max_hp_gain":0.0,"max_hp_loss":0.0,"gold_gain":0.0,"event_name":"Mushrooms","player_choice":"Fought Mushrooms","floor":11.0,"gold_loss":0.0,"damage_taken":0.0},{"damage_healed":0.0,"max_hp_gain":0.0,"max_hp_loss":0.0,"gold_gain":0.0,"event_name":"N\u0027loth","player_choice":"Ignored","floor":21.0,"gold_loss":0.0,"damage_taken":0.0},{"damage_healed":0.0,"max_hp_gain":0.0,"max_hp_loss":0.0,"gold_gain":0.0,"event_name":"SensoryStone","player_choice":"Memory 3","floor":39.0,"gold_loss":0.0,"damage_taken":10.0},{"damage_healed":0.0,"max_hp_gain":0.0,"max_hp_loss":0.0,"gold_gain":0.0,"event_name":"Mysterious Sphere","player_choice":"Fight","floor":42.0,"gold_loss":0.0,"damage_taken":0.0},{"damage_healed":0.0,"max_hp_gain":0.0,"max_hp_loss":0.0,"gold_gain":333.0,"event_name":"The Moai Head","player_choice":"Gave Idol","floor":47.0,"relics_lost":["Golden Idol"],"gold_loss":0.0,"damage_taken":0.0}],"is_beta":true,"boss_relics":[{"not_picked":["Orrery","Runic Pyramid"],"picked":"Coffee Dripper"},{"not_picked":["Sozu","Empty Cage"],"picked":"Pandora\u0027s Box"}],"items_purged_floors":[5,20,30,37],"is_endless":false,"potions_floor_spawned":[1,3,6,18,25,29,33,35,40,42,55],"ascension_level":20}