{"gold_per_floor":[114,134,134,59,76,105,119,119,119,119,138,138,166,66,66,66],"floor_reached":16,"playtime":407,"items_purged":["Strike_B","Strike_B"],"score":270,"play_id":"a657a45b-c69b-43c0-9675-e063b01e0a05","local_time":"20190323150614","is_ascension_mode":true,"campfire_choices":[{"data":"Turbo","floor":8,"key":"SMITH"},{"data":"Undo","floor":10,"key":"SMITH"},{"floor":12,"key":"RECALL"},{"data":"Electrodynamics","floor":15,"key":"SMITH"}],"neow_cost":"TEN_PERCENT_HP_LOSS","seed_source_timestamp":12819049305611,"circlet_count":0,"master_deck":["AscendersBane","Strike_B","Strike_B","Defend_B","Defend_B","Defend_B","Defend_B","Zap+1","Dualcast+1","Electrodynamics+1","Undo+1","Turbo+1","Ball Lightning","Cold Snap"],"special_seed":0,"relics":["Cracked Core","GremlinMask","War Paint"],"potions_floor_usage":[6,16],"damage_taken":[{"damage":6.0,"enemies":"Cultist","floor":1.0,"turns":3.0},{"damage":0.0,"enemies":"Small Slimes","floor":2.0,"turns":2.0},{"damage":0,"enemies":"2 Louse","floor":5,"turns":2},{"damage":0,"enemies":"3 Sentries","floor":6,"turns":4},{"damage":0,"enemies":"2 Fungi Beasts","floor":7,"turns":3},{"damage":0,"enemies":"Lots of Slimes","floor":11,"turns":1},{"damage":25,"enemies":"Lagavulin","floor":13,"turns":6},{"damage":28,"enemies":"Slime Boss","floor":16,"turns":6}],"seed_played":"-784123817752389189","potions_obtained":[{"floor":1.0,"key":"Dexterity Potion"},{"floor":5,"key":"Energy Potion"},{"floor":7,"key":"Strength Potion"},{"floor":11,"key":"PowerPotion"}],"is_trial":false,"path_per_floor":["M","M","?","$","M","E","M","R","T","R","M","R","E","$","R","B"],"character_chosen":"DEFECT","items_purchased":[],"campfire_rested":0,"item_purchase_floors":[],"current_hp_per_floor":[58,58,58,58,58,58,58,58,58,58,58,58,33,33,33,5],"gold":66,"neow_bonus":"THREE_RARE_CARDS","is_prod":false,"is_daily":false,"chose_seed":false,"campfire_upgraded":3,"win_rate":0,"timestamp":1553324774,"path_taken":["M","?","?","$","M","E","M","R","T","R","M","R","E","$","R","BOSS"],"build_version":"2019-01-23","purchased_purges":2,"victory":false,"max_hp_per_floor":[64,64,64,64,64,64,64,64,64,64,64,64,64,64,64,64],"card_choices":[{"not_picked":["Machine Learning","Buffer"],"picked":"Electrodynamics","floor":0.0},{"not_picked":["Redo","Aggregate","Conserve Battery"],"picked":"SKIP","floor":1.0},{"not_picked":["Auto Shields","Static Discharge"],"picked":"Undo","floor":2.0},{"not_picked":["Leap","Gash"],"picked":"Turbo","floor":5},{"not_picked":["Aggregate","Chaos"],"picked":"Ball Lightning","floor":6},{"not_picked":["Barrage","Ball Lightning","Go for the Eyes"],"picked":"SKIP","floor":7},{"not_picked":["Compile Driver","Stack"],"picked":"Cold Snap","floor":11},{"not_picked":["Redo","Rebound","Machine Learning"],"picked":"SKIP","floor":13}],"player_experience":3811363,"relics_obtained":[{"floor":6,"key":"War Paint"}],"event_choices":[{"damage_healed":0,"gold_gain":0,"player_choice":"Trade","damage_taken":0,"relics_obtained":["GremlinMask"],"max_hp_gain":0,"max_hp_loss":0,"event_name":"FaceTrader","floor":3,"gold_loss":0}],"is_beta":false,"boss_relics":[],"items_purged_floors":[4,14],"is_endless":false,"potions_floor_spawned":[1,5,7,11],"killed_by":"Slime Boss","ascension_level":20}