{"gold_per_floor":[368,368,164,89,89,89,107,107,179,179,208,7,17,27,27,106,106,125,25,37,49,49,49,75,75,98,98,8,8,8,23,23,94,94,114,114,114,124,139,139,167,67,67,96,96,110,110,0,0,0],"floor_reached":50,"playtime":2150,"items_purged":["Shame","Strike_G","Defend_G"],"score":1078,"play_id":"07da6ae9-ca45-4c58-944b-a45a7493cd45","local_time":"20190210225915","is_ascension_mode":true,"campfire_choices":[{"data":"Deadly Poison","floor":6.0,"key":"SMITH"},{"data":"Neutralize","floor":8.0,"key":"SMITH"},{"data":"Predator","floor":10.0,"key":"SMITH"},{"data":"Noxious Fumes","floor":15.0,"key":"SMITH"},{"data":"Bane","floor":23.0,"key":"SMITH"},{"data":"Night Terror","floor":25.0,"key":"SMITH"},{"data":"Well Laid Plans","floor":27.0,"key":"SMITH"},{"data":"Catalyst","floor":32.0,"key":"SMITH"},{"data":"Wraith Form v2","floor":40.0,"key":"SMITH"},{"data":"Catalyst","floor":45.0,"key":"SMITH"},{"floor":49.0,"key":"RECALL"}],"neow_cost":"CURSE","seed_source_timestamp":49424451587038,"circlet_count":0,"master_deck":["AscendersBane","Defend_G","Defend_G","Defend_G","Survivor","Neutralize+1","Blur","Well Laid Plans+1","Deadly Poison+1","Predator+1","Noxious Fumes+1","Well Laid Plans","Bane+1","Night Terror+1","Calculated Gamble+1","Catalyst+1","Wraith Form v2+1","Catalyst+1","Concentrate","Escape Plan"],"special_seed":0,"relics":["Ring of the Snake","Ninja Scroll","Du-Vu Doll","Oddly Smooth Stone","Empty Cage","Bottled Lightning","Bag of Preparation","Runic Pyramid","The Courier","Dodecahedron"],"potions_floor_usage":[50,50],"damage_taken":[{"damage":3.0,"enemies":"Cultist","floor":1.0,"turns":5.0},{"damage":1.0,"enemies":"Small Slimes","floor":7.0,"turns":5.0},{"damage":14.0,"enemies":"Lagavulin","floor":11.0,"turns":7.0},{"damage":0.0,"enemies":"Jaw Worm","floor":13.0,"turns":2.0},{"damage":2.0,"enemies":"Red Slaver","floor":14.0,"turns":2.0},{"damage":4.0,"enemies":"Slime Boss","floor":16.0,"turns":8.0},{"damage":0.0,"enemies":"3 Byrds","floor":18.0,"turns":4.0},{"damage":6.0,"enemies":"Chosen","floor":20.0,"turns":5.0},{"damage":1.0,"enemies":"Snecko","floor":21.0,"turns":4.0},{"damage":29.0,"enemies":"Book of Stabbing","floor":24.0,"turns":7.0},{"damage":12.0,"enemies":"3 Cultists","floor":31.0,"turns":5.0},{"damage":19.0,"enemies":"Automaton","floor":33.0,"turns":6.0},{"damage":4.0,"enemies":"3 Darklings","floor":35.0,"turns":5.0},{"damage":2.0,"enemies":"Orb Walker","floor":38.0,"turns":5.0},{"damage":0.0,"enemies":"4 Shapes","floor":39.0,"turns":8.0},{"damage":12.0,"enemies":"Reptomancer","floor":41.0,"turns":5.0},{"damage":5.0,"enemies":"Giant Head","floor":44.0,"turns":6.0},{"damage":1.0,"enemies":"Sphere and 2 Shapes","floor":46.0,"turns":5.0},{"damage":48,"enemies":"Awakened One","floor":50,"turns":6}],"seed_played":"2321430223060030522","potions_obtained":[{"floor":1.0,"key":"AttackPotion"},{"floor":11.0,"key":"SpeedPotion"},{"floor":16.0,"key":"Block Potion"},{"floor":21.0,"key":"Dexterity Potion"},{"floor":35.0,"key":"AttackPotion"},{"floor":41.0,"key":"EssenceOfSteel"},{"floor":46.0,"key":"Energy Potion"}],"is_trial":false,"path_per_floor":["M","?","$","?","$","R","M","R","T","R","E","$","M","M","R","B",null,"M","$","M","M","?","R","E","R","T","R","$","?","?","M","R","B",null,"M","?","?","M","M","R","E","$","T","E","R","M","$","?","R","B"],"character_chosen":"THE_SILENT","items_purchased":["Well Laid Plans","Deadly Poison","Well Laid Plans","Oddly Smooth Stone","Catalyst"],"campfire_rested":0,"item_purchase_floors":[3,3,12,12,28],"current_hp_per_floor":[56,56,56,56,56,56,55,55,55,55,41,41,41,39,39,35,58,58,58,52,51,51,51,22,22,22,22,22,22,35,23,23,4,51,47,47,47,45,45,45,33,33,33,28,28,27,27,27,27,0],"gold":0,"neow_bonus":"TWO_FIFTY_GOLD","is_prod":false,"is_daily":false,"chose_seed":false,"campfire_upgraded":10,"win_rate":0,"timestamp":1549810755,"path_taken":["M","?","$","?","?","R","?","R","T","R","E","$","M","M","R","BOSS","M","$","M","M","?","R","E","R","T","R","$","?","?","?","R","BOSS","M","?","?","M","M","R","E","$","T","E","R","?","$","?","R","BOSS"],"build_version":"2019-01-23","purchased_purges":3,"victory":false,"max_hp_per_floor":[66,66,66,66,66,66,66,66,66,66,66,66,66,66,66,66,66,66,66,66,66,66,66,66,66,66,66,66,66,66,66,66,66,66,66,66,66,66,66,66,66,66,66,66,66,66,66,66,66,66],"card_choices":[{"not_picked":["Terror","Slice"],"picked":"Blur","floor":1.0},{"not_picked":["Riddle With Holes","Sucker Punch"],"picked":"Predator","floor":7.0},{"not_picked":["Heel Hook","Deadly Poison"],"picked":"Noxious Fumes","floor":11.0},{"not_picked":["Dagger Throw","Underhanded Strike"],"picked":"Bane","floor":13.0},{"not_picked":["Predator","Underhanded Strike","Dagger Spray"],"picked":"SKIP","floor":14.0},{"not_picked":["Tools of the Trade","Phantasmal Killer"],"picked":"Night Terror","floor":16.0},{"not_picked":["Dodge and Roll","Noxious Fumes"],"picked":"Calculated Gamble","floor":18.0},{"not_picked":["Quick Slash","Dagger Spray","Accuracy"],"picked":"SKIP","floor":20.0},{"not_picked":["Masterful Stab+1","Dash","Dagger Spray"],"picked":"SKIP","floor":21.0},{"not_picked":["Outmaneuver+1","Flechettes","Bane"],"picked":"SKIP","floor":24.0},{"not_picked":["Crippling Poison","Terror","Cloak And Dagger"],"picked":"SKIP","floor":31.0},{"not_picked":["Grand Finale","Adrenaline"],"picked":"Wraith Form v2","floor":33.0},{"not_picked":["PiercingWail","Cloak And Dagger"],"picked":"Catalyst","floor":35.0},{"not_picked":["Acrobatics+1","Sucker Punch+1"],"picked":"Concentrate","floor":38.0},{"not_picked":["Masterful Stab","Underhanded Strike"],"picked":"Escape Plan","floor":39.0},{"not_picked":["Dagger Throw","Leg Sweep","Dodge and Roll"],"picked":"SKIP","floor":41.0},{"not_picked":["Well Laid Plans","Underhanded Strike","Outmaneuver"],"picked":"SKIP","floor":44.0},{"not_picked":["Predator","Outmaneuver","Masterful Stab"],"picked":"SKIP","floor":46.0}],"player_experience":2594116,"relics_obtained":[{"floor":9.0,"key":"Ninja Scroll"},{"floor":11.0,"key":"Du-Vu Doll"},{"floor":24.0,"key":"Bottled Lightning"},{"floor":26.0,"key":"Bag of Preparation"},{"floor":41.0,"key":"The Courier"},{"floor":44.0,"key":"Dodecahedron"}],"event_choices":[{"damage_healed":0.0,"max_hp_gain":0.0,"max_hp_loss":0.0,"gold_gain":0.0,"event_name":"Scrap Ooze","player_choice":"Fled","floor":2.0,"gold_loss":0.0,"damage_taken":0.0},{"cards_removed":["Strike_G"],"damage_healed":0.0,"max_hp_gain":0.0,"max_hp_loss":0.0,"gold_gain":0.0,"event_name":"The Cleric","player_choice":"Card Removal","floor":4.0,"gold_loss":75.0,"damage_taken":0.0},{"damage_healed":0.0,"max_hp_gain":0.0,"max_hp_loss":0.0,"gold_gain":0.0,"event_name":"Beggar","player_choice":"Ignored","floor":22.0,"gold_loss":0.0,"damage_taken":0.0},{"damage_healed":0.0,"max_hp_gain":0.0,"max_hp_loss":0.0,"gold_gain":0.0,"event_name":"Vampires","player_choice":"Ignored","floor":29.0,"gold_loss":0.0,"damage_taken":0.0},{"damage_healed":13.0,"max_hp_gain":0.0,"max_hp_loss":0.0,"gold_gain":0.0,"event_name":"The Library","player_choice":"Heal","floor":30.0,"gold_loss":0.0,"damage_taken":0.0},{"damage_healed":0.0,"max_hp_gain":0.0,"max_hp_loss":0.0,"gold_gain":0.0,"event_name":"Tomb of Lord Red Mask","player_choice":"Ignored","floor":36.0,"gold_loss":0.0,"damage_taken":0.0},{"cards_removed":["Strike_G"],"damage_healed":0.0,"max_hp_gain":0.0,"max_hp_loss":0.0,"gold_gain":0.0,"event_name":"Bonfire Elementals","player_choice":"Offered Basic","floor":37.0,"gold_loss":0.0,"damage_taken":0.0},{"cards_removed":["Defend_G"],"damage_healed":0.0,"max_hp_gain":0.0,"max_hp_loss":0.0,"gold_gain":0.0,"event_name":"Designer","player_choice":"Upgrade and Remove","floor":48.0,"gold_loss":110.0,"damage_taken":0.0,"cards_upgraded":["Calculated Gamble"]}],"is_beta":false,"boss_relics":[{"not_picked":["WristBlade","Calling Bell"],"picked":"Empty Cage"},{"not_picked":["Ring of the Serpent","Busted Crown"],"picked":"Runic Pyramid"}],"items_purged_floors":[3,19,42],"is_endless":false,"potions_floor_spawned":[1,11,16,21,35,41,46],"killed_by":"Awakened One","ascension_level":20}