{"gold_per_floor":[111,111,111,129,42,42,72,72,72,72,82,82,99,99,99,99],"floor_reached":16,"playtime":1461,"items_purged":[],"score":196,"play_id":"cd57b9ac-a8fc-4f7e-8db2-1fbc8fde8ee7","local_time":"20190202162604","is_ascension_mode":true,"campfire_choices":[{"data":"Perfected Strike","floor":6,"key":"SMITH"},{"data":"Combust","floor":8,"key":"SMITH"},{"data":"Inflame","floor":12,"key":"SMITH"},{"data":"Rupture","floor":15,"key":"SMITH"}],"neow_cost":"TEN_PERCENT_HP_LOSS","seed_source_timestamp":13345520759297,"circlet_count":0,"master_deck":["AscendersBane","Strike_R","Strike_R","Strike_R","Strike_R","Strike_R","Defend_R+1","Defend_R+1","Bash","Perfected Strike+1","Berserk","Rupture+1","Combust+1","Inflame+1"],"relics":["Burning Blood","Bird Faced Urn","Letter Opener","Meat on the Bone"],"potions_floor_usage":[],"damage_taken":[{"damage":4,"enemies":"Jaw Worm","floor":1,"turns":5},{"damage":21,"enemies":"Small Slimes","floor":4,"turns":3},{"damage":35,"enemies":"Gremlin Nob","floor":7,"turns":4},{"damage":9,"enemies":"2 Louse","floor":11,"turns":3},{"damage":34,"enemies":"Gremlin Gang","floor":13,"turns":5},{"damage":46,"enemies":"The Guardian","floor":16,"turns":2}],"seed_played":"-6390107798987548338","potions_obtained":[{"floor":4,"key":"Weak Potion"},{"floor":11,"key":"GamblersBrew"}],"is_trial":false,"path_per_floor":["M","?","?","M","$","R","E","R","T","?","M","R","M","?","R","B"],"character_chosen":"IRONCLAD","items_purchased":["Combust"],"campfire_rested":0,"item_purchase_floors":[5],"current_hp_per_floor":[68,61,61,48,48,48,21,21,21,21,34,34,24,4,4,0],"gold":99,"neow_bonus":"ONE_RARE_RELIC","is_prod":false,"is_daily":false,"chose_seed":false,"campfire_upgraded":4,"win_rate":0,"timestamp":1549095964,"path_taken":["M","?","?","M","?","R","E","R","T","?","M","R","M","?","R","BOSS"],"build_version":"2019-01-23","purchased_purges":0,"victory":false,"max_hp_per_floor":[68,68,68,68,68,68,68,68,68,68,68,68,68,68,68,68],"card_choices":[{"not_picked":["Cleave","Headbutt"],"picked":"Perfected Strike","floor":1},{"not_picked":["Flex","Anger"],"picked":"Rupture","floor":4},{"not_picked":["Clash","Thunderclap","Infernal Blade"],"picked":"SKIP","floor":7},{"not_picked":["Blood for Blood","Searing Blow"],"picked":"Inflame","floor":11},{"not_picked":["Wild Strike","Clash","Shrug It Off"],"picked":"SKIP","floor":13}],"player_experience":2456744,"relics_obtained":[{"floor":7,"key":"Letter Opener"},{"floor":9,"key":"Meat on the Bone"}],"event_choices":[{"cards_removed":["Defend_R"],"damage_healed":0,"gold_gain":0,"player_choice":"Card Removal","damage_taken":7,"max_hp_gain":0,"max_hp_loss":0,"event_name":"Golden Wing","floor":2,"gold_loss":0},{"damage_healed":0,"gold_gain":0,"cards_transformed":["Defend_R"],"player_choice":"Change","damage_taken":0,"max_hp_gain":0,"max_hp_loss":0,"event_name":"Living Wall","floor":3,"gold_loss":0,"cards_obtained":["Berserk"]},{"damage_healed":0,"gold_gain":0,"player_choice":"Leave","damage_taken":0,"max_hp_gain":0,"max_hp_loss":0,"event_name":"The Cleric","floor":10,"gold_loss":0},{"damage_healed":0,"gold_gain":0,"player_choice":"Entered Light","damage_taken":20,"max_hp_gain":0,"max_hp_loss":0,"event_name":"Shining Light","floor":14,"gold_loss":0,"cards_upgraded":["Defend_R","Defend_R"]}],"is_beta":false,"boss_relics":[],"items_purged_floors":[],"is_endless":false,"potions_floor_spawned":[4,11],"killed_by":"The Guardian","ascension_level":20}