{"path_per_floor":["M","?","?","?","M","R","$","R","T","?","M","R","M","$","R","B",null,"M","?","M"],"character_chosen":"DEFECT","items_purchased":["Bottled Lightning"],"gold_per_floor":[111,111,111,286,303,303,228,228,228,228,244,244,258,14,14,118,118,131,131,145,145],"floor_reached":21,"campfire_rested":0,"playtime":668,"current_hp_per_floor":[75,60,60,60,54,54,54,54,54,54,51,51,51,51,51,43,75,68,54,30,14],"items_purged":["Defend_B"],"gold":145,"score":167,"play_id":"a9a52d7f-935b-440d-972b-50747f844de3","local_time":"20180428214351","is_prod":false,"is_daily":false,"chose_seed":false,"is_ascension_mode":false,"campfire_upgraded":4,"timestamp":1524944631,"path_taken":["M","?","?","?","M","R","$","R","T","?","M","R","?","$","R","BOSS","M","?","M","?"],"build_version":"2018-04-27v3","seed_source_timestamp":41921253793408,"purchased_purges":1,"victory":false,"master_deck":["Strike_B+1","Strike_B","Strike_B","Strike_B","Defend_B","Defend_B","Zap+1","Dualcast+1","Chaos+1","Doubt","Flux Capacitor+1","White Noise+1","Streamline+1","Multi-Cast","Skim+1","Genetic Algorithm+1"],"max_hp_per_floor":[75,75,75,75,75,75,75,75,75,75,75,75,75,75,75,75,75,75,80,80,80],"relics":["Cracked Core","Kunai","Bottled Lightning","Cursed Key"],"card_choices":[{"not_picked":["Go for the Eyes","Sweeping Beam"],"picked":"Chaos","floor":1},{"not_picked":["Blizzard","Turbo"],"picked":"Flux Capacitor","floor":5},{"not_picked":["Scrape","Stack"],"picked":"White Noise","floor":11},{"not_picked":["Hologram","Go for the Eyes"],"picked":"Streamline","floor":13},{"not_picked":["Fission","Seek"],"picked":"Multi-Cast","floor":16},{"not_picked":["Storm","Hologram"],"picked":"Skim","floor":18},{"not_picked":["Scrape","Sweeping Beam"],"picked":"Genetic Algorithm","floor":20}],"player_experience":12265,"potions_floor_usage":[18,20],"damage_taken":[{"damage":0,"enemies":"Cultist","floor":1,"turns":3},{"damage":6,"enemies":"Jaw Worm","floor":5,"turns":2},{"damage":3,"enemies":"2 Louse","floor":11,"turns":3},{"damage":0,"enemies":"Large Slime","floor":13,"turns":6},{"damage":8,"enemies":"Slime Boss","floor":16,"turns":8},{"damage":7,"enemies":"Spheric Guardian","floor":18,"turns":5},{"damage":24,"enemies":"3 Byrds","floor":20,"turns":5}],"event_choices":[{"event_name":"Shining Light","player_choice":"Entered Light","floor":2,"damage_taken":0},{"event_name":"Living Wall","player_choice":"Forget","floor":3,"damage_taken":0},{"event_name":"Liars Game","player_choice":"agreed","floor":4,"damage_taken":0},{"event_name":"Upgrade Shrine","player_choice":"Upgraded","floor":10,"damage_taken":0},{"event_name":"Forgotten Altar","player_choice":"Shed Blood","floor":19,"damage_taken":0},{"event_name":"Cursed Tome","player_choice":"Obtained Book","floor":21,"damage_taken":0}],"boss_relics":[{"not_picked":["Orrery","Astrolabe"],"picked":"Cursed Key"}],"potions_floor_spawned":[11,16,18],"seed_played":"8144185038453339738","ascension_level":0,"is_trial":false}