{"gold_per_floor":[112,112,128,139,38,38,68,79,130,148,113,113],"floor_reached":12,"playtime":226,"items_purged":["Strike_B"],"score":160,"play_id":"9e452ee8-27b5-482c-8f75-b187b71221dd","local_time":"20190719100546","is_ascension_mode":true,"campfire_choices":[{"data":"Loop","floor":6.0,"key":"SMITH"}],"neow_cost":"NONE","seed_source_timestamp":265074770159095,"circlet_count":0,"master_deck":["AscendersBane","Strike_B","Strike_B","Strike_B","Defend_B","Defend_B","Defend_B","Defend_B","Zap","Dualcast","Ball Lightning","Loop+1","Hologram","Darkness","Defragment"],"special_seed":0,"relics":["Nuclear Battery","Ornamental Fan"],"potions_floor_usage":[7,12],"damage_taken":[{"damage":1.0,"enemies":"Cultist","floor":1.0,"turns":4.0},{"damage":4.0,"enemies":"2 Louse","floor":3.0,"turns":3.0},{"damage":7.0,"enemies":"Jaw Worm","floor":4.0,"turns":3.0},{"damage":36,"enemies":"Gremlin Nob","floor":7,"turns":4},{"damage":4,"enemies":"Large Slime","floor":8,"turns":4},{"damage":11,"enemies":"Gremlin Gang","floor":10,"turns":3},{"damage":6,"enemies":"3 Louse","floor":12,"turns":2}],"seed_played":"-1985236128544348694","potions_obtained":[{"floor":3.0,"key":"GamblersBrew"},{"floor":7,"key":"GamblersBrew"},{"floor":8,"key":"SteroidPotion"},{"floor":10,"key":"FocusPotion"}],"is_trial":false,"path_per_floor":["M","$","M","M","$","R","E","M","T","M","?","M"],"character_chosen":"DEFECT","items_purchased":["Hologram"],"campfire_rested":0,"item_purchase_floors":[5],"current_hp_per_floor":[63,63,59,52,52,52,16,12,12,1,18,12],"gold":113,"neow_bonus":"BOSS_RELIC","is_prod":false,"is_daily":false,"chose_seed":false,"campfire_upgraded":1,"win_rate":0,"timestamp":1563498346,"path_taken":["M","?","M","M","$","R","E","M","T","?","?","M"],"build_version":"2019-07-17","purchased_purges":1,"victory":false,"max_hp_per_floor":[71,71,71,71,71,71,71,71,71,71,71,71],"card_choices":[{"not_picked":["Steam","Leap"],"picked":"Ball Lightning","floor":1.0},{"not_picked":["Aggregate","Reprogram","Gash"],"picked":"SKIP","floor":3.0},{"not_picked":["Aggregate","Turbo"],"picked":"Loop","floor":4.0},{"not_picked":["Barrage","Conserve Battery"],"picked":"Darkness","floor":7},{"not_picked":["Sweeping Beam","Static Discharge","Capacitor"],"picked":"SKIP","floor":8},{"not_picked":["Consume","Barrage"],"picked":"Defragment","floor":10}],"player_experience":637849,"relics_obtained":[{"floor":7,"key":"Ornamental Fan"}],"event_choices":[{"damage_healed":17,"gold_gain":0,"player_choice":"Healed","damage_taken":0,"max_hp_gain":0,"max_hp_loss":0,"event_name":"The Cleric","floor":11,"gold_loss":35}],"is_beta":false,"boss_relics":[],"items_purged_floors":[5],"is_endless":false,"potions_floor_spawned":[3,7,8,10],"killed_by":"3 Louse","ascension_level":20}