{"gold_per_floor":[114,114,124,139,64,98,98,98,121,121,151,151,163,179,179,254,254,227,42,42,53,53,53,53],"floor_reached":24,"playtime":882,"items_purged":[],"score":388,"play_id":"97c11be3-c88f-4d77-bf69-f558050f387c","local_time":"20190614155102","is_ascension_mode":true,"campfire_choices":[{"data":"Double Energy","floor":7.0,"key":"SMITH"},{"data":"Conserve Battery","floor":10.0,"key":"SMITH"},{"floor":12.0,"key":"REST"},{"data":"Hologram","floor":15.0,"key":"SMITH"},{"data":"Enlightenment","floor":23.0,"key":"SMITH"}],"neow_cost":"NONE","seed_source_timestamp":23106712287625,"circlet_count":0,"master_deck":["AscendersBane","Strike_B","Strike_B","Defend_B","Defend_B","Defend_B","Defend_B","Zap","Dualcast","Melter","Meteor Strike","Double Energy+1","Conserve Battery+1","Hologram+1","Reprogram","Creative AI","Turbo","Enlightenment+1","Capacitor","Sunder+1","Ghostly","Ghostly","Ghostly"],"special_seed":0,"relics":["Runic Dome","Strawberry","Omamori","Odd Mushroom","Cursed Key"],"potions_floor_usage":[24],"damage_taken":[{"damage":7.0,"enemies":"Jaw Worm","floor":1.0,"turns":3.0},{"damage":1.0,"enemies":"Cultist","floor":3.0,"turns":4.0},{"damage":4.0,"enemies":"Small Slimes","floor":4.0,"turns":4.0},{"damage":36.0,"enemies":"Gremlin Nob","floor":6.0,"turns":4.0},{"damage":18.0,"enemies":"The Mushroom Lair","floor":11.0,"turns":4.0},{"damage":11.0,"enemies":"Looter","floor":13.0,"turns":3.0},{"damage":0.0,"enemies":"3 Louse","floor":14.0,"turns":2.0},{"damage":16.0,"enemies":"The Guardian","floor":16.0,"turns":11.0},{"damage":14.0,"enemies":"2 Thieves","floor":18.0,"turns":4.0},{"damage":1.0,"enemies":"Spheric Guardian","floor":21.0,"turns":3.0},{"damage":40,"enemies":"Chosen and Byrds","floor":24,"turns":6}],"seed_played":"-794839848958576208","potions_obtained":[{"floor":1.0,"key":"Ancient Potion"},{"floor":3.0,"key":"Explosive Potion"},{"floor":13.0,"key":"FearPotion"},{"floor":14.0,"key":"SteroidPotion"},{"floor":21.0,"key":"SteroidPotion"}],"is_trial":false,"path_per_floor":["M","?","M","M","?","E","R","?","T","R","?","R","M","M","R","B",null,"M","$","?","M","?","R","M"],"character_chosen":"DEFECT","items_purchased":["Enlightenment","Capacitor"],"campfire_rested":1,"item_purchase_floors":[19,19],"current_hp_per_floor":[57,57,56,52,52,23,23,23,23,23,5,28,17,17,17,1,59,45,45,45,44,39,39,0],"gold":53,"neow_bonus":"BOSS_RELIC","is_prod":false,"is_daily":false,"chose_seed":false,"campfire_upgraded":4,"win_rate":0,"timestamp":1560495062,"path_taken":["M","?","?","M","?","E","R","?","T","R","?","R","M","M","R","BOSS","M","$","?","?","?","R","M"],"build_version":"2019-01-23","purchased_purges":0,"victory":false,"max_hp_per_floor":[71,71,71,71,71,78,78,78,78,78,78,78,78,78,78,78,78,78,78,78,78,39,39,39],"card_choices":[{"not_picked":["Melter","Gash","Rebound"],"picked":"SKIP","floor":1.0},{"not_picked":["Gash","Rebound"],"picked":"Melter","floor":1.0},{"not_picked":["Hello World","Compile Driver"],"picked":"Double Energy","floor":3.0},{"not_picked":["Go for the Eyes","Sweeping Beam"],"picked":"Conserve Battery","floor":4.0},{"not_picked":["Gash","Rainbow","FTL"],"picked":"SKIP","floor":6.0},{"not_picked":["Hello World","Gash"],"picked":"Hologram","floor":11.0},{"not_picked":["Sweeping Beam","Compile Driver","Beam Cell"],"picked":"SKIP","floor":13.0},{"not_picked":["Sweeping Beam","Rip and Tear"],"picked":"Reprogram","floor":14.0},{"not_picked":["Fission","Echo Form"],"picked":"Creative AI","floor":16.0},{"not_picked":["Go for the Eyes","Steam"],"picked":"Turbo","floor":18.0},{"not_picked":["Streamline","Reprogram"],"picked":"Sunder+1","floor":21.0}],"player_experience":594718,"relics_obtained":[{"floor":6.0,"key":"Strawberry"},{"floor":9.0,"key":"Omamori"},{"floor":11.0,"key":"Odd Mushroom"}],"event_choices":[{"damage_healed":0.0,"max_hp_gain":0.0,"max_hp_loss":0.0,"gold_gain":0.0,"cards_transformed":["Strike_B"],"event_name":"Transmorgrifier","player_choice":"Transformed","floor":2.0,"gold_loss":0.0,"damage_taken":0.0,"cards_obtained":["Meteor Strike"]},{"cards_removed":["Strike_B"],"damage_healed":0.0,"max_hp_gain":0.0,"max_hp_loss":0.0,"gold_gain":0.0,"event_name":"The Cleric","player_choice":"Card Removal","floor":5.0,"gold_loss":75.0,"damage_taken":0.0},{"damage_healed":0.0,"max_hp_gain":0.0,"max_hp_loss":0.0,"gold_gain":0.0,"event_name":"Liars Game","player_choice":"Ignored","floor":8.0,"gold_loss":0.0,"damage_taken":0.0},{"damage_healed":0.0,"max_hp_gain":0.0,"max_hp_loss":0.0,"gold_gain":0.0,"event_name":"Mushrooms","player_choice":"Fought Mushrooms","floor":11.0,"gold_loss":0.0,"damage_taken":0.0},{"damage_healed":0.0,"max_hp_gain":0.0,"max_hp_loss":0.0,"gold_gain":0.0,"event_name":"WeMeetAgain","player_choice":"Ignored","floor":20.0,"gold_loss":0.0,"damage_taken":0.0},{"damage_healed":0.0,"max_hp_gain":0.0,"max_hp_loss":39.0,"gold_gain":0.0,"event_name":"Ghosts","player_choice":"Became a Ghost","floor":22.0,"gold_loss":0.0,"damage_taken":0.0,"cards_obtained":["Ghostly","Ghostly","Ghostly"]}],"is_beta":false,"boss_relics":[{"not_picked":["Tiny House","Sozu"],"picked":"Cursed Key"}],"items_purged_floors":[],"is_endless":false,"potions_floor_spawned":[1,3,13,14,21],"killed_by":"Chosen and Byrds","ascension_level":20}