{"gold_per_floor":[16,28,38,58,58,58,71,71,71,71,87,87,100,100,100,174,174,186,186,236,78,78,78,98,98,176,176,176,190,209,51,51,125,125,144,8,18,28,28,28,28],"floor_reached":41,"playtime":1426,"items_purged":["Strike_R+1"],"score":816,"play_id":"045afbda-da5b-4202-a403-b6a4a4f7c7ab","local_time":"20190211224258","is_ascension_mode":true,"campfire_choices":[{"data":"Body Slam","floor":6.0,"key":"SMITH"},{"data":"Limit Break","floor":10.0,"key":"SMITH"},{"data":"Inflame","floor":12.0,"key":"SMITH"},{"data":"Bash","floor":15.0,"key":"SMITH"},{"data":"Heavy Blade","floor":23.0,"key":"SMITH"},{"floor":25.0,"key":"REST"},{"data":"Shame","floor":28.0,"key":"PURGE"},{"data":"Evolve","floor":32.0,"key":"SMITH"},{"data":"Barricade","floor":40.0,"key":"SMITH"}],"neow_cost":"NO_GOLD","seed_source_timestamp":35221296283383,"circlet_count":0,"master_deck":["AscendersBane","Strike_R+1","Strike_R+1","Strike_R+1","Defend_R+1","Defend_R+1","Defend_R+1","Defend_R+1","Bash+1","Limit Break+1","Power Through","Body Slam+1","True Grit+1","Inflame+1","Rage","Impervious","Limit Break","Heavy Blade+1","Evolve+1","Barricade+1","Warcry+1","Second Wind","Feed"],"special_seed":0,"relics":["Burning Blood","Peace Pipe","Cursed Key","Enchiridion","Gremlin Horn","MutagenicStrength","Anchor","Runic Dome"],"potions_floor_usage":[],"damage_taken":[{"damage":7.0,"enemies":"Cultist","floor":1.0,"turns":4.0},{"damage":10.0,"enemies":"Small Slimes","floor":2.0,"turns":4.0},{"damage":6.0,"enemies":"2 Louse","floor":3.0,"turns":3.0},{"damage":40.0,"enemies":"Large Slime","floor":4.0,"turns":13.0},{"damage":12.0,"enemies":"2 Fungi Beasts","floor":7.0,"turns":5.0},{"damage":0.0,"enemies":"3 Louse","floor":11.0,"turns":3.0},{"damage":10.0,"enemies":"Large Slime","floor":13.0,"turns":6.0},{"damage":48.0,"enemies":"Slime Boss","floor":16.0,"turns":13.0},{"damage":16.0,"enemies":"2 Thieves","floor":18.0,"turns":4.0},{"damage":19.0,"enemies":"Chosen","floor":24.0,"turns":6.0},{"damage":0.0,"enemies":"3 Cultists","floor":29.0,"turns":4.0},{"damage":30.0,"enemies":"Snake Plant","floor":30.0,"turns":4.0},{"damage":10.0,"enemies":"Champ","floor":33.0,"turns":8.0},{"damage":4.0,"enemies":"3 Shapes","floor":35.0,"turns":4.0},{"damage":0.0,"enemies":"3 Darklings","floor":37.0,"turns":4.0},{"damage":30.0,"enemies":"Writhing Mass","floor":38.0,"turns":4.0},{"damage":52,"enemies":"Transient","floor":41,"turns":4}],"seed_played":"4440621156395694634","potions_obtained":[{"floor":3.0,"key":"BloodPotion"},{"floor":7.0,"key":"AttackPotion"},{"floor":13.0,"key":"Fire Potion"},{"floor":30.0,"key":"Swift Potion"},{"floor":33.0,"key":"LiquidBronze"},{"floor":37.0,"key":"SteroidPotion"}],"is_trial":false,"path_per_floor":["M","M","M","M","?","R","M","?","T","R","M","R","M","?","R","B",null,"M","?","?","$","?","R","M","R","T","?","R","M","M","$","R","B",null,"M","$","M","M","$","R","M"],"character_chosen":"IRONCLAD","items_purchased":["Heavy Blade","SteroidPotion","Anchor","Second Wind","SteroidPotion"],"campfire_rested":1,"item_purchase_floors":[21,21,31,36,36],"current_hp_per_floor":[67,63,63,36,36,36,30,30,30,30,36,36,32,57,57,15,60,50,50,50,50,29,29,16,38,38,38,38,44,20,20,20,16,60,62,62,68,44,44,44,0],"gold":28,"neow_bonus":"THREE_RARE_CARDS","is_prod":false,"is_daily":false,"chose_seed":false,"campfire_upgraded":7,"win_rate":0,"timestamp":1549896178,"path_taken":["M","M","M","M","?","R","M","?","T","R","M","R","?","?","R","BOSS","M","?","?","$","?","R","M","R","T","?","R","M","M","?","R","BOSS","M","$","M","M","?","R","M"],"build_version":"2019-01-23","purchased_purges":1,"victory":false,"max_hp_per_floor":[75,75,75,75,75,75,75,75,75,75,75,75,75,75,75,75,75,75,75,75,75,75,75,75,75,75,75,75,75,75,75,75,75,75,75,75,75,75,75,75,75],"card_choices":[{"not_picked":["Berserk","Impervious"],"picked":"Limit Break","floor":0.0},{"not_picked":["Cleave","Pommel Strike"],"picked":"Power Through","floor":1.0},{"not_picked":["Perfected Strike","Sword Boomerang"],"picked":"Body Slam","floor":2.0},{"not_picked":["Infernal Blade","Rampage"],"picked":"True Grit","floor":3.0},{"not_picked":["Sever Soul","Twin Strike","Metallicize"],"picked":"SKIP","floor":4.0},{"not_picked":["Perfected Strike","Dropkick"],"picked":"Inflame","floor":7.0},{"not_picked":["Thunderclap","Twin Strike"],"picked":"Impervious","floor":11.0},{"not_picked":["Pommel Strike","Sever Soul","Anger"],"picked":"SKIP","floor":13.0},{"not_picked":["Demon Form","Impervious"],"picked":"Limit Break","floor":16.0},{"not_picked":["Wild Strike","Pommel Strike","Thunderclap"],"picked":"SKIP","floor":18.0},{"not_picked":["Headbutt","Pommel Strike","Body Slam+1"],"picked":"SKIP","floor":24.0},{"not_picked":["Searing Blow+1","Metallicize","Spot Weakness"],"picked":"SKIP","floor":29.0},{"not_picked":["Armaments+1","Reckless Charge"],"picked":"Evolve","floor":30.0},{"not_picked":["Fiend Fire","Offering"],"picked":"Barricade","floor":33.0},{"not_picked":["Thunderclap+1","Heavy Blade"],"picked":"Warcry+1","floor":35.0},{"not_picked":["Clash+1","Ghostly Armor","Rupture"],"picked":"SKIP","floor":37.0},{"not_picked":["Thunderclap","Iron Wave"],"picked":"Feed","floor":38.0}],"player_experience":2621922,"relics_obtained":[{"floor":9.0,"key":"Peace Pipe"},{"floor":22.0,"key":"Enchiridion"},{"floor":26.0,"key":"Gremlin Horn"}],"event_choices":[{"damage_healed":0.0,"max_hp_gain":0.0,"max_hp_loss":0.0,"gold_gain":0.0,"event_name":"Living Wall","player_choice":"Grow","floor":5.0,"gold_loss":0.0,"damage_taken":0.0,"cards_upgraded":["True Grit"]},{"damage_healed":0.0,"max_hp_gain":0.0,"max_hp_loss":0.0,"gold_gain":0.0,"cards_transformed":["Strike_R"],"event_name":"Transmorgrifier","player_choice":"Transformed","floor":8.0,"gold_loss":0.0,"damage_taken":0.0,"cards_obtained":["Rage"]},{"damage_healed":25.0,"max_hp_gain":0.0,"max_hp_loss":0.0,"gold_gain":0.0,"event_name":"Big Fish","player_choice":"Banana","floor":14.0,"gold_loss":0.0,"damage_taken":0.0},{"damage_healed":0.0,"max_hp_gain":0.0,"max_hp_loss":0.0,"gold_gain":0.0,"event_name":"Back to Basics","player_choice":"Simplicity","floor":19.0,"gold_loss":0.0,"damage_taken":0.0,"cards_upgraded":["Strike_R","Strike_R","Strike_R","Strike_R","Defend_R","Defend_R","Defend_R","Defend_R"]},{"damage_healed":0.0,"max_hp_gain":0.0,"max_hp_loss":0.0,"gold_gain":50.0,"event_name":"Nest","player_choice":"Stole From Cult","floor":20.0,"gold_loss":0.0,"damage_taken":0.0},{"damage_healed":0.0,"max_hp_gain":0.0,"max_hp_loss":0.0,"gold_gain":0.0,"event_name":"Cursed Tome","player_choice":"Obtained Book","floor":22.0,"gold_loss":0.0,"damage_taken":21.0},{"damage_healed":0.0,"max_hp_gain":0.0,"max_hp_loss":0.0,"gold_gain":0.0,"event_name":"Drug Dealer","player_choice":"Inject Mutagens","floor":27.0,"gold_loss":0.0,"damage_taken":0.0,"relics_obtained":["MutagenicStrength"]}],"is_beta":false,"boss_relics":[{"not_picked":["Tiny House","Snecko Eye"],"picked":"Cursed Key"},{"not_picked":["Mark of Pain","Black Blood"],"picked":"Runic Dome"}],"items_purged_floors":[21],"is_endless":false,"potions_floor_spawned":[3,7,13,30,33,37],"killed_by":"Transient","ascension_level":20}