{"gold_per_floor":[113,113,188,203,203,203,222,222,222,246,246,267,267,30,30,120,120,135,154,154],"floor_reached":20,"playtime":496,"items_purged":["Strike_B"],"score":328,"play_id":"db321534-d480-453f-b2ee-40e506b5a57b","local_time":"20190213163243","is_ascension_mode":true,"campfire_choices":[{"data":"Static Discharge","floor":6.0,"key":"SMITH"},{"data":"Biased Cognition","floor":8.0,"key":"SMITH"},{"data":"Dualcast","floor":11.0,"key":"SMITH"},{"floor":15.0,"key":"REST"}],"neow_cost":"NONE","seed_source_timestamp":30416484835676,"circlet_count":0,"master_deck":["AscendersBane","Strike_B","Strike_B","Defend_B","Defend_B","Defend_B","Defend_B","Zap","Dualcast+1","Biased Cognition+1","Static Discharge+1","Seek","Capacitor","Electrodynamics","Coolheaded"],"special_seed":0,"relics":["Cracked Core","Golden Idol","Matryoshka","Bag of Preparation","Nuclear Battery"],"potions_floor_usage":[20],"damage_taken":[{"damage":4.0,"enemies":"Jaw Worm","floor":1.0,"turns":3.0},{"damage":7.0,"enemies":"Small Slimes","floor":4.0,"turns":3.0},{"damage":1.0,"enemies":"Cultist","floor":7.0,"turns":3.0},{"damage":45.0,"enemies":"Gremlin Gang","floor":10.0,"turns":4.0},{"damage":4.0,"enemies":"Large Slime","floor":12.0,"turns":5.0},{"damage":19.0,"enemies":"Hexaghost","floor":16.0,"turns":4.0},{"damage":20,"enemies":"Shell Parasite","floor":18,"turns":3},{"damage":15,"enemies":"Chosen","floor":19,"turns":4},{"damage":24,"enemies":"Shelled Parasite and Fungi","floor":20,"turns":2}],"seed_played":"2829505393845938989","potions_obtained":[{"floor":1.0,"key":"FairyPotion"},{"floor":10.0,"key":"Strength Potion"},{"floor":16.0,"key":"PowerPotion"}],"is_trial":false,"path_per_floor":["M","?","?","M","?","R","M","R","T","M","R","M","?","$","R","B",null,"M","M","M"],"character_chosen":"DEFECT","items_purchased":["Bag of Preparation"],"campfire_rested":1,"item_purchase_floors":[14],"current_hp_per_floor":[60,60,49,42,42,42,41,41,41,6,6,2,2,2,21,2,49,29,14,0],"gold":154,"neow_bonus":"ONE_RANDOM_RARE_CARD","is_prod":false,"is_daily":false,"chose_seed":false,"campfire_upgraded":3,"win_rate":0,"timestamp":1550046763,"path_taken":["M","?","?","M","?","R","M","R","T","?","R","?","?","$","R","BOSS","M","M","?"],"build_version":"2019-01-23","purchased_purges":1,"victory":false,"max_hp_per_floor":[71,64,64,64,64,64,64,64,64,64,64,64,64,64,64,64,64,64,64,64],"card_choices":[{"not_picked":["Sweeping Beam","Gash"],"picked":"Static Discharge","floor":1.0},{"not_picked":["Blizzard","Gash","Sweeping Beam"],"picked":"SKIP","floor":4.0},{"not_picked":["Stack","Sunder","Cold Snap"],"picked":"SKIP","floor":7.0},{"not_picked":["Stack","Sunder","Cold Snap"],"picked":"SKIP","floor":7.0},{"not_picked":["Consume","Streamline","Leap"],"picked":"SKIP","floor":10.0},{"not_picked":["Sweeping Beam","Stack"],"picked":"Capacitor","floor":12.0},{"not_picked":["Thunder Strike","Multi-Cast"],"picked":"Electrodynamics","floor":16.0},{"not_picked":["Skim","Gash+1"],"picked":"Coolheaded","floor":18},{"not_picked":["Blizzard","Fusion","Sweeping Beam"],"picked":"SKIP","floor":19}],"player_experience":2685619,"relics_obtained":[{"floor":9.0,"key":"Matryoshka"}],"event_choices":[{"damage_healed":0.0,"max_hp_gain":0.0,"max_hp_loss":7.0,"gold_gain":0.0,"event_name":"Golden Idol","player_choice":"Lose Max HP","floor":2.0,"gold_loss":0.0,"damage_taken":0.0,"relics_obtained":["Golden Idol"]},{"damage_healed":0.0,"max_hp_gain":0.0,"max_hp_loss":0.0,"gold_gain":75.0,"event_name":"World of Goop","player_choice":"Gather Gold","floor":3.0,"gold_loss":0.0,"damage_taken":11.0},{"damage_healed":0.0,"max_hp_gain":0.0,"max_hp_loss":0.0,"gold_gain":0.0,"event_name":"Match and Keep!","player_choice":"1 cards matched","floor":5.0,"gold_loss":0.0,"damage_taken":0.0,"cards_obtained":["Seek"]},{"cards_removed":["Strike_B"],"damage_healed":0.0,"max_hp_gain":0.0,"max_hp_loss":0.0,"gold_gain":0.0,"event_name":"Purifier","player_choice":"Purged","floor":13.0,"gold_loss":0.0,"damage_taken":0.0}],"is_beta":false,"boss_relics":[{"not_picked":["Fusion Hammer","Pandora\u0027s Box"],"picked":"Nuclear Battery"}],"items_purged_floors":[14],"is_endless":false,"potions_floor_spawned":[1,10,16,19],"killed_by":"Shelled Parasite and Fungi","ascension_level":20}