{"gold_per_floor":[360,360,372,372,23,23,34,49,75,75,85,115,135,154,154,226,226,238,238,254,43,43,43,60,60,60,71,85,85,85,100,100,177,177,189,201,201,213,113,113,127,155,155,155,155,155,189,207,207,207,207,207,207,40,68,68],"floor_reached":57,"playtime":3742,"items_purged":["Strike_G","Strike_G","Shame"],"score":2832,"play_id":"721fb893-9438-4920-a84a-74cf49a623a8","local_time":"20190219145950","is_ascension_mode":true,"campfire_choices":[{"data":"Catalyst","floor":6.0,"key":"SMITH"},{"data":"Deadly Poison","floor":10.0,"key":"SMITH"},{"data":"Neutralize","floor":15.0,"key":"SMITH"},{"floor":23.0,"key":"RECALL"},{"data":"Defend_G","floor":25.0,"key":"SMITH"},{"data":"Defend_G","floor":29.0,"key":"SMITH"},{"data":"Defend_G","floor":32.0,"key":"SMITH"},{"data":"Well Laid Plans","floor":40.0,"key":"SMITH"},{"data":"Defend_G","floor":44.0,"key":"SMITH"},{"data":"Well Laid Plans","floor":49,"key":"SMITH"},{"floor":53,"key":"REST"}],"neow_cost":"CURSE","seed_source_timestamp":20724455015344,"circlet_count":0,"master_deck":["AscendersBane","Defend_G+1","Defend_G+1","Defend_G+1","Defend_G+1","Defend_G+1","Strike_G","Strike_G","Survivor+1","Neutralize+1","Catalyst+1","Deadly Poison+1","Deadly Poison+1","Backflip+1","Acrobatics+1","Crippling Poison+1","Blur+1","Calculated Gamble+1","Prepared+1","Adrenaline+1","Well Laid Plans+1","Blur+1","Calculated Gamble+1","Dark Shackles+1","Good Instincts+1","Dark Shackles+1","Well Laid Plans+1","Blur+1","Calculated Gamble+1","Footwork+1"],"special_seed":0,"relics":["Ring of the Serpent","Toxic Egg 2","Bronze Scales","Happy Flower","Cursed Key","ClockworkSouvenir","Anchor","Bag of Marbles","War Paint"],"potions_floor_usage":[56],"damage_taken":[{"damage":10.0,"enemies":"Jaw Worm","floor":1.0,"turns":5.0},{"damage":5.0,"enemies":"Cultist","floor":3.0,"turns":3.0},{"damage":0.0,"enemies":"2 Louse","floor":7.0,"turns":3.0},{"damage":1.0,"enemies":"Blue Slaver","floor":8.0,"turns":3.0},{"damage":0.0,"enemies":"Looter","floor":11.0,"turns":2.0},{"damage":7.0,"enemies":"Lagavulin","floor":12.0,"turns":5.0},{"damage":3.0,"enemies":"Gremlin Gang","floor":13.0,"turns":3.0},{"damage":6.0,"enemies":"3 Louse","floor":14.0,"turns":4.0},{"damage":4.0,"enemies":"Hexaghost","floor":16.0,"turns":6.0},{"damage":12.0,"enemies":"Shell Parasite","floor":18.0,"turns":5.0},{"damage":6.0,"enemies":"2 Thieves","floor":20.0,"turns":4.0},{"damage":0.0,"enemies":"Snake Plant","floor":24.0,"turns":2.0},{"damage":0.0,"enemies":"Centurion and Healer","floor":27.0,"turns":5.0},{"damage":0.0,"enemies":"Cultist and Chosen","floor":28.0,"turns":5.0},{"damage":0.0,"enemies":"Snake Plant","floor":31.0,"turns":3.0},{"damage":18.0,"enemies":"Collector","floor":33.0,"turns":5.0},{"damage":3.0,"enemies":"3 Darklings","floor":35.0,"turns":7.0},{"damage":0.0,"enemies":"Orb Walker","floor":36.0,"turns":2.0},{"damage":0.0,"enemies":"Transient","floor":38.0,"turns":6.0},{"damage":0.0,"enemies":"Spire Growth","floor":41.0,"turns":5.0},{"damage":13.0,"enemies":"Reptomancer","floor":42.0,"turns":4.0},{"damage":0,"enemies":"Giant Head","floor":47,"turns":12},{"damage":0,"enemies":"Jaw Worm Horde","floor":48,"turns":5},{"damage":18,"enemies":"Donu and Deca","floor":50,"turns":18},{"damage":0,"enemies":"Awakened One","floor":51,"turns":32},{"damage":0,"enemies":"Shield and Spear","floor":55,"turns":11},{"damage":0,"enemies":"The Heart","floor":56,"turns":13}],"seed_played":"8412609468418130938","potions_obtained":[{"floor":1.0,"key":"GhostInAJar"},{"floor":2.0,"key":"Poison Potion"},{"floor":11.0,"key":"GhostInAJar"},{"floor":20.0,"key":"Strength Potion"},{"floor":28.0,"key":"Energy Potion"},{"floor":31.0,"key":"PowerPotion"},{"floor":36.0,"key":"Fire Potion"},{"floor":41.0,"key":"GhostInAJar"},{"floor":42.0,"key":"AttackPotion"},{"floor":48,"key":"Dexterity Potion"}],"is_trial":false,"path_per_floor":["M","?","M","?","$","R","M","M","T","R","M","E","M","M","R","B",null,"M","?","M","$","?","R","M","R","T","M","M","R","$","M","R","B",null,"M","M","?","M","$","R","M","E","T","R","?","T","E","M","R","B","B",null,"R","$","E","B",null],"character_chosen":"THE_SILENT","items_purchased":["Toxic Egg 2","ClockworkSouvenir","Calculated Gamble+1"],"campfire_rested":1,"item_purchase_floors":[5,21,54],"current_hp_per_floor":[49,49,44,44,44,44,44,43,43,43,43,36,33,27,27,23,55,43,43,37,37,37,37,37,37,37,37,37,37,37,37,37,19,54,51,51,51,51,51,51,51,38,38,38,28,28,28,28,28,10,10,52,66,66,66,66],"gold":68,"neow_bonus":"TWO_FIFTY_GOLD","is_prod":false,"is_daily":false,"chose_seed":false,"campfire_upgraded":9,"win_rate":0,"timestamp":1550559590,"path_taken":["M","?","?","?","$","R","M","M","T","R","M","E","M","M","R","BOSS","M","?","M","$","?","R","M","R","T","M","M","R","$","?","R","BOSS","M","M","?","M","$","R","M","E","T","R","?","?","E","M","R","BOSS","BOSS","R","$","E","BOSS"],"build_version":"2019-01-23","purchased_purges":3,"victory":true,"max_hp_per_floor":[66,66,66,66,66,66,66,66,66,66,66,66,66,66,66,66,66,66,66,66,66,66,66,66,66,66,66,66,66,66,66,66,66,66,66,66,66,66,66,66,66,66,66,66,66,66,66,66,66,66,66,66,66,66,66,66],"card_choices":[{"not_picked":["Dodge and Roll","Acrobatics"],"picked":"Catalyst","floor":1.0},{"not_picked":["Poisoned Stab","Dodge and Roll"],"picked":"Deadly Poison","floor":3.0},{"not_picked":["Dodge and Roll+1","Backflip+1"],"picked":"Deadly Poison+1","floor":7.0},{"not_picked":["Dagger Spray","Prepared+1"],"picked":"Backflip+1","floor":8.0},{"not_picked":["Underhanded Strike","Prepared+1"],"picked":"Acrobatics+1","floor":11.0},{"not_picked":["Crippling Poison+1","Die Die Die","Sucker Punch"],"picked":"SKIP","floor":12.0},{"not_picked":["Die Die Die","Sucker Punch"],"picked":"Crippling Poison+1","floor":12.0},{"not_picked":["Blade Dance+1","Cloak And Dagger+1","Deadly Poison+1"],"picked":"SKIP","floor":13.0},{"not_picked":["Outmaneuver+1","Bane","Underhanded Strike"],"picked":"SKIP","floor":14.0},{"not_picked":["Acrobatics+1","Blade Dance+1"],"picked":"Blur+1","floor":18.0},{"not_picked":["Cloak And Dagger+1","Dagger Spray","Acrobatics+1"],"picked":"SKIP","floor":20.0},{"not_picked":["Distraction+1","Choke","Bane"],"picked":"SKIP","floor":24.0},{"not_picked":["Underhanded Strike","Slice"],"picked":"Calculated Gamble+1","floor":27.0},{"not_picked":["Acrobatics+1","Storm of Steel+1"],"picked":"Prepared+1","floor":28.0},{"not_picked":["Expertise+1","Predator","All Out Attack"],"picked":"SKIP","floor":31.0},{"not_picked":["Storm of Steel+1","Malaise+1"],"picked":"Adrenaline+1","floor":33.0},{"not_picked":["Poisoned Stab","Acrobatics+1","Finisher"],"picked":"SKIP","floor":35.0},{"not_picked":["Accuracy","Heel Hook"],"picked":"Well Laid Plans","floor":36.0},{"not_picked":["Backflip+1","Eviscerate+1","Flying Knee"],"picked":"SKIP","floor":38.0},{"not_picked":["Prepared+1","Sucker Punch"],"picked":"Blur+1","floor":41.0},{"not_picked":["Phantasmal Killer+1","Deadly Poison+1"],"picked":"Calculated Gamble+1","floor":42.0},{"not_picked":["Swift Strike","Dramatic Entrance"],"picked":"Dark Shackles+1","floor":45.0},{"not_picked":["The Bomb+1","Flash of Steel"],"picked":"Good Instincts+1","floor":45.0},{"not_picked":["Sadistic Nature","Bandage Up+1"],"picked":"Dark Shackles+1","floor":45.0},{"not_picked":["Deadly Poison+1","Backstab"],"picked":"Well Laid Plans","floor":47},{"not_picked":["PiercingWail+1","Prepared+1"],"picked":"Blur+1","floor":48},{"not_picked":["Backflip+1","Prepared+1"],"picked":"Footwork+1","floor":55}],"player_experience":2950352,"relics_obtained":[{"floor":9.0,"key":"Bronze Scales"},{"floor":12.0,"key":"Happy Flower"},{"floor":42.0,"key":"Anchor"},{"floor":47,"key":"Bag of Marbles"},{"floor":55,"key":"War Paint"}],"event_choices":[{"damage_healed":0.0,"max_hp_gain":0.0,"max_hp_loss":0.0,"gold_gain":0.0,"event_name":"Lab","player_choice":"Got Potions","floor":2.0,"gold_loss":0.0,"damage_taken":0.0},{"cards_removed":["Pain"],"damage_healed":0.0,"max_hp_gain":0.0,"max_hp_loss":0.0,"gold_gain":0.0,"event_name":"Living Wall","player_choice":"Forget","floor":4.0,"gold_loss":0.0,"damage_taken":0.0},{"damage_healed":0.0,"max_hp_gain":0.0,"max_hp_loss":0.0,"gold_gain":0.0,"event_name":"The Mausoleum","player_choice":"Ignored","floor":19.0,"gold_loss":0.0,"damage_taken":0.0},{"damage_healed":0.0,"max_hp_gain":0.0,"max_hp_loss":0.0,"gold_gain":0.0,"event_name":"Accursed Blacksmith","player_choice":"Forge","floor":22.0,"gold_loss":0.0,"damage_taken":0.0,"cards_upgraded":["Survivor"]},{"cards_removed":["Strike_G"],"damage_healed":0.0,"max_hp_gain":0.0,"max_hp_loss":0.0,"gold_gain":0.0,"event_name":"Falling","player_choice":"Removed Attack","floor":37.0,"gold_loss":0.0,"damage_taken":0.0},{"damage_healed":0.0,"max_hp_gain":0.0,"max_hp_loss":0.0,"gold_gain":0.0,"event_name":"SensoryStone","player_choice":"Memory 3","floor":45.0,"gold_loss":0.0,"damage_taken":10.0}],"is_beta":false,"boss_relics":[{"not_picked":["Busted Crown","HoveringKite"],"picked":"Cursed Key"},{"not_picked":["Eternal Feather","Black Star"],"picked":"Ring of the Serpent"}],"items_purged_floors":[5,39,54],"is_endless":false,"potions_floor_spawned":[1,11,12,14,20,28,31,36,41,42,48,55],"ascension_level":20}