{"gold_per_floor":[109,184,184,25,42,42,54,68,68,68,103,121,145,145,145,145],"floor_reached":16,"playtime":512,"items_purged":["Strike_G"],"score":200,"play_id":"8f4d2a2d-4585-4417-884c-b5d507eaf8d3","local_time":"20190415212914","is_ascension_mode":true,"campfire_choices":[{"data":"Envenom","floor":6.0,"key":"SMITH"},{"data":"Blind","floor":10.0,"key":"SMITH"},{"data":"Neutralize","floor":15.0,"key":"SMITH"}],"neow_cost":"PERCENT_DAMAGE","seed_source_timestamp":36428038382898,"circlet_count":0,"master_deck":["AscendersBane","Defend_G","Defend_G","Defend_G","Defend_G","Defend_G","Strike_G","Strike_G","Strike_G","Strike_G","Survivor","Neutralize+1","Blind+1","Swift Strike","Infinite Blades","Envenom+1","Backstab","Backflip","Riddle With Holes","Leg Sweep"],"special_seed":0,"relics":["Ring of the Snake","Shuriken","Dream Catcher","Odd Mushroom","Ancient Tea Set"],"potions_floor_usage":[],"damage_taken":[{"damage":1.0,"enemies":"Jaw Worm","floor":1.0,"turns":4.0},{"damage":0.0,"enemies":"Small Slimes","floor":5.0,"turns":5.0},{"damage":2.0,"enemies":"2 Louse","floor":7.0,"turns":3.0},{"damage":2.0,"enemies":"Lots of Slimes","floor":8.0,"turns":6.0},{"damage":2.0,"enemies":"Lagavulin","floor":11.0,"turns":7.0},{"damage":0.0,"enemies":"Blue Slaver","floor":12.0,"turns":4.0},{"damage":1.0,"enemies":"The Mushroom Lair","floor":13.0,"turns":3.0},{"damage":25,"enemies":"Slime Boss","floor":16,"turns":5}],"seed_played":"-2847514154082230862","potions_obtained":[{"floor":5.0,"key":"LiquidBronze"},{"floor":7.0,"key":"Poison Potion"},{"floor":11.0,"key":"Explosive Potion"},{"floor":12.0,"key":"Explosive Potion"}],"is_trial":false,"path_per_floor":["M","?","?","$","M","R","M","M","T","R","E","M","?","?","R","B"],"character_chosen":"THE_SILENT","items_purchased":["Envenom"],"campfire_rested":0,"item_purchase_floors":[4],"current_hp_per_floor":[43,32,32,32,32,32,30,28,28,28,26,26,25,25,25,0],"gold":145,"neow_bonus":"RANDOM_COLORLESS_2","is_prod":false,"is_daily":false,"chose_seed":false,"campfire_upgraded":3,"win_rate":0,"timestamp":1555334954,"path_taken":["M","?","?","$","M","R","M","M","T","R","E","?","?","?","R","BOSS"],"build_version":"2019-01-23","purchased_purges":1,"victory":false,"max_hp_per_floor":[66,66,66,66,66,66,66,66,66,66,66,66,66,66,66,66],"card_choices":[{"not_picked":["Outmaneuver","Acrobatics"],"picked":"Infinite Blades","floor":1.0},{"not_picked":["Flechettes","Dagger Throw","Sucker Punch"],"picked":"SKIP","floor":5.0},{"not_picked":["Quick Slash","Outmaneuver"],"picked":"Backstab","floor":7.0},{"not_picked":["Dodge and Roll","Endless Agony","Skewer"],"picked":"SKIP","floor":8.0},{"not_picked":["Expertise","Grand Finale"],"picked":"Backflip","floor":11.0},{"not_picked":["Riddle With Holes","Endless Agony","Bane"],"picked":"SKIP","floor":12.0},{"not_picked":["Endless Agony","Bane"],"picked":"Riddle With Holes","floor":12.0},{"not_picked":["Bane","Quick Slash"],"picked":"Leg Sweep","floor":13.0}],"player_experience":4299474,"relics_obtained":[{"floor":9.0,"key":"Shuriken"},{"floor":11.0,"key":"Dream Catcher"},{"floor":13.0,"key":"Odd Mushroom"}],"event_choices":[{"damage_healed":0.0,"max_hp_gain":0.0,"max_hp_loss":0.0,"gold_gain":75.0,"event_name":"World of Goop","player_choice":"Gather Gold","floor":2.0,"gold_loss":0.0,"damage_taken":11.0},{"damage_healed":0.0,"max_hp_gain":0.0,"max_hp_loss":0.0,"gold_gain":0.0,"event_name":"Scrap Ooze","player_choice":"Fled","floor":3.0,"gold_loss":0.0,"damage_taken":0.0},{"damage_healed":0.0,"max_hp_gain":0.0,"max_hp_loss":0.0,"gold_gain":0.0,"event_name":"Mushrooms","player_choice":"Fought Mushrooms","floor":13.0,"gold_loss":0.0,"damage_taken":0.0},{"damage_healed":0.0,"max_hp_gain":0.0,"max_hp_loss":0.0,"gold_gain":0.0,"event_name":"WeMeetAgain","player_choice":"Gave Potion","floor":14.0,"gold_loss":0.0,"damage_taken":0.0,"relics_obtained":["Ancient Tea Set"]}],"is_beta":false,"boss_relics":[],"items_purged_floors":[4],"is_endless":false,"potions_floor_spawned":[5,7,11,12],"killed_by":"Slime Boss","ascension_level":20}