{"gold_per_floor":[114,133,133,143,143,8,37,49,61,104,130,142,172,194,206,297,309,291,332,359,209,227,227,227],"floor_reached":24,"playtime":1705,"items_purged":["Strike_G"],"score":416,"play_id":"0c1a7800-3f25-43d5-ae57-e9591b6065bd","local_time":"20190730150643","is_ascension_mode":true,"campfire_choices":[{"floor":8,"key":"REST"},{"data":"Glass Knife","floor":12,"key":"SMITH"},{"data":"Bouncing Flask","floor":15,"key":"SMITH"},{"floor":23,"key":"REST"}],"neow_cost":"NONE","seed_source_timestamp":61961101796121,"circlet_count":0,"master_deck":["AscendersBane","Strike_G","Strike_G","Strike_G","Defend_G","Defend_G","Defend_G","Defend_G","Defend_G","Survivor","Neutralize","Leg Sweep","Flying Knee","Well Laid Plans","Glass Knife+1","Slice","Bouncing Flask+1","PiercingWail","Well Laid Plans","Riddle With Holes","Well Laid Plans","Prepared","Phantasmal Killer","Catalyst","Backflip","Prepared","Dagger Spray","Deadly Poison","Deflect"],"relics":["Ring of the Snake","Boot","Unceasing Top","MawBank","Pantograph","Potion Belt","Sozu","Red Mask"],"potions_floor_usage":[7,10,19],"damage_taken":[{"damage":9,"enemies":"Cultist","floor":1,"turns":5},{"damage":0,"enemies":"Small Slimes","floor":2,"turns":5},{"damage":0,"enemies":"Jaw Worm","floor":4,"turns":5},{"damage":16,"enemies":"3 Sentries","floor":7,"turns":6},{"damage":14,"enemies":"Gremlin Nob","floor":10,"turns":4},{"damage":3,"enemies":"Blue Slaver","floor":11,"turns":3},{"damage":0,"enemies":"Large Slime","floor":13,"turns":4},{"damage":0,"enemies":"Exordium Wildlife","floor":14,"turns":4},{"damage":1,"enemies":"The Guardian","floor":16,"turns":10},{"damage":6,"enemies":"2 Thieves","floor":18,"turns":4},{"damage":33,"enemies":"Masked Bandits","floor":19,"turns":5},{"damage":0,"enemies":"3 Byrds","floor":20,"turns":6},{"damage":22,"enemies":"Snecko","floor":22,"turns":5},{"damage":21,"enemies":"Book of Stabbing","floor":24,"turns":4}],"seed_played":"8839734637895045727","potions_obtained":[{"floor":2,"key":"Ancient Potion"},{"floor":4,"key":"AttackPotion"},{"floor":14,"key":"Weak Potion"},{"floor":16,"key":"Ancient Potion"}],"is_trial":false,"path_per_floor":["M","M","?","M","?","$","E","R","T","E","M","R","M","M","R","B",null,"M","?","M","$","M","R","E"],"character_chosen":"THE_SILENT","items_purchased":["Slice","Bouncing Flask","Dagger Spray","Deadly Poison"],"campfire_rested":2,"item_purchase_floors":[6,6,21,21],"current_hp_per_floor":[50,50,45,45,45,45,29,48,48,34,31,31,31,31,31,55,63,57,24,24,24,2,21,0],"gold":227,"neow_bonus":"RANDOM_COMMON_RELIC","is_prod":false,"is_daily":false,"chose_seed":false,"campfire_upgraded":2,"win_rate":0,"timestamp":1564492003,"path_taken":["M","M","?","M","?","$","E","R","T","E","M","R","?","M","R","BOSS","M","?","M","$","M","R","E"],"build_version":"2019-07-17","purchased_purges":1,"victory":false,"max_hp_per_floor":[66,66,66,66,66,66,66,66,66,66,66,66,66,66,66,66,66,66,66,66,66,66,66,66],"card_choices":[{"not_picked":["Deflect","Flying Knee"],"picked":"Leg Sweep","floor":1},{"not_picked":["Deflect","PiercingWail"],"picked":"Flying Knee","floor":2},{"not_picked":["Masterful Stab","Dodge and Roll"],"picked":"Well Laid Plans","floor":4},{"not_picked":["Dodge and Roll","Distraction"],"picked":"PiercingWail","floor":7},{"not_picked":["Blade Dance","All Out Attack"],"picked":"Well Laid Plans","floor":10},{"not_picked":["Storm of Steel","Underhanded Strike"],"picked":"Riddle With Holes","floor":11},{"not_picked":["Riddle With Holes","Acrobatics"],"picked":"Well Laid Plans","floor":13},{"not_picked":["Distraction","Acrobatics"],"picked":"Prepared","floor":14},{"not_picked":["Glass Knife","Doppelganger"],"picked":"Phantasmal Killer","floor":16},{"not_picked":["Backstab+1","Bane"],"picked":"Catalyst","floor":18},{"not_picked":["Well Laid Plans","Cloak And Dagger"],"picked":"Backflip","floor":19},{"not_picked":["Acrobatics","Outmaneuver"],"picked":"Prepared","floor":20},{"not_picked":["Dagger Throw","Escape Plan"],"picked":"Deflect","floor":22}],"player_experience":793926,"relics_obtained":[{"floor":7,"key":"MawBank"},{"floor":9,"key":"Pantograph"},{"floor":10,"key":"Potion Belt"},{"floor":19,"key":"Red Mask"}],"event_choices":[{"damage_healed":0,"gold_gain":0,"player_choice":"Success","damage_taken":5,"relics_obtained":["Unceasing Top"],"max_hp_gain":0,"max_hp_loss":0,"event_name":"Scrap Ooze","floor":3,"gold_loss":0},{"damage_healed":0,"gold_gain":0,"cards_transformed":["Strike_G"],"player_choice":"Transformed","damage_taken":0,"max_hp_gain":0,"max_hp_loss":0,"event_name":"Transmorgrifier","floor":5,"gold_loss":0,"cards_obtained":["Glass Knife"]},{"damage_healed":0,"gold_gain":0,"player_choice":"Fought Bandits","damage_taken":0,"max_hp_gain":0,"max_hp_loss":0,"event_name":"Masked Bandits","floor":19,"gold_loss":0}],"is_beta":false,"boss_relics":[{"not_picked":["Runic Pyramid","Fusion Hammer"],"picked":"Sozu"}],"items_purged_floors":[21],"is_endless":false,"potions_floor_spawned":[2,4,14,16,18,19,20],"killed_by":"Book of Stabbing","ascension_level":20}