{"gold_per_floor":[110,110,110,185,185,512,527,527],"floor_reached":8,"playtime":78,"items_purged":[],"score":158,"play_id":"c87e70fe-8161-4a43-aac2-fc7e6acb2990","local_time":"20181119142524","is_ascension_mode":true,"campfire_choices":[],"neow_cost":"NONE","seed_source_timestamp":1654617474890513,"circlet_count":0,"master_deck":["AscendersBane","Strike_B","Strike_B","Strike_B","Defend_B","Defend_B","Defend_B","Defend_B","Zap","Dualcast","Conserve Battery"],"relics":["Cracked Core","NeowsBlessing","Vajra","Old Coin"],"potions_floor_usage":[],"damage_taken":[{"damage":0,"enemies":"2 Louse","floor":1,"turns":1},{"damage":0,"enemies":"Lagavulin","floor":6,"turns":1},{"damage":0,"enemies":"Small Slimes","floor":7,"turns":1},{"damage":0,"enemies":"Gremlin Nob","floor":8,"turns":2}],"seed_played":"-1221145363548476682","potions_obtained":[{"floor":1,"key":"Strength Potion"},{"floor":6,"key":"Block Potion"}],"is_trial":false,"path_per_floor":["M","?","?","?","?","E","M","E"],"character_chosen":"DEFECT","items_purchased":[],"campfire_rested":0,"item_purchase_floors":[],"current_hp_per_floor":[64,57,31,20,20,20,20,20],"gold":527,"neow_bonus":"THREE_ENEMY_KILL","is_prod":false,"is_daily":false,"chose_seed":false,"campfire_upgraded":0,"win_rate":0,"timestamp":1542608724,"path_taken":["M","?","?","?","?","E","M","E"],"build_version":"2018-11-15","purchased_purges":0,"victory":false,"max_hp_per_floor":[71,71,71,71,71,71,71,71],"card_choices":[{"not_picked":["Go for the Eyes","Cold Snap","Scrape"],"picked":"SKIP","floor":1},{"not_picked":["Genetic Algorithm","Sweeping Beam","Hello World"],"picked":"SKIP","floor":6},{"not_picked":["Compile Driver","Hologram"],"picked":"Conserve Battery","floor":7}],"player_experience":547992,"relics_obtained":[{"floor":6,"key":"Old Coin"}],"event_choices":[{"cards_removed":["Strike_B"],"damage_healed":0,"gold_gain":0,"player_choice":"Card Removal","damage_taken":7,"max_hp_gain":0,"max_hp_loss":0,"event_name":"Golden Wing","floor":2,"gold_loss":0},{"damage_healed":0,"gold_gain":0,"player_choice":"Success","damage_taken":26,"relics_obtained":["Vajra"],"max_hp_gain":0,"max_hp_loss":0,"event_name":"Scrap Ooze","floor":3,"gold_loss":0},{"damage_healed":0,"gold_gain":75,"player_choice":"Gather Gold","damage_taken":11,"max_hp_gain":0,"max_hp_loss":0,"event_name":"World of Goop","floor":4,"gold_loss":0},{"damage_healed":0,"gold_gain":0,"player_choice":"Ignored","damage_taken":0,"max_hp_gain":0,"max_hp_loss":0,"event_name":"Shining Light","floor":5,"gold_loss":0}],"is_beta":true,"boss_relics":[],"items_purged_floors":[],"is_endless":false,"potions_floor_spawned":[1,6],"killed_by":"Gremlin Nob","ascension_level":20}