{"gold_per_floor":[112,187,197,217,217,246,263,263,316,348,348,362,362,380,380,483,483,499,269,285,285,285,313,313,323,404,431,431,431],"floor_reached":29,"playtime":1243,"items_purged":["Strike_B"],"score":298,"play_id":"5f6efc7c-1010-4c86-9469-5c35a4af9a50","local_time":"20190322170322","is_ascension_mode":false,"campfire_choices":[{"data":"Zap","floor":8,"key":"SMITH"},{"data":"Turbo","floor":13,"key":"SMITH"},{"floor":15,"key":"REST"},{"floor":24,"key":"RECALL"}],"neow_cost":"NONE","seed_source_timestamp":0,"circlet_count":0,"master_deck":["Strike_B","Strike_B","Defend_B","Defend_B","Defend_B","Defend_B","Zap+1","Dualcast","Ball Lightning","Doom and Gloom","Compile Driver","Conserve Battery","Turbo+1","BootSequence","Electrodynamics","Creative AI","Compile Driver+1","Cold Snap","Storm","Conserve Battery","Coolheaded","Capacitor+1","Stack+1","Echo Form"],"special_seed":0,"relics":["Cracked Core","Kunai","Pen Nib","Potion Belt","Fusion Hammer","Orichalcum","Turnip","Pantograph","Juzu Bracelet"],"potions_floor_usage":[14,16,27,29],"damage_taken":[{"damage":0,"enemies":"2 Louse","floor":1,"turns":2},{"damage":0,"enemies":"Small Slimes","floor":3,"turns":2},{"damage":0,"enemies":"Cultist","floor":4,"turns":2},{"damage":36,"enemies":"Lagavulin","floor":6,"turns":5},{"damage":8,"enemies":"Red Slaver","floor":7,"turns":3},{"damage":14,"enemies":"Gremlin Nob","floor":10,"turns":3},{"damage":0,"enemies":"Exordium Wildlife","floor":12,"turns":2},{"damage":0,"enemies":"Looter","floor":14,"turns":2},{"damage":33,"enemies":"The Guardian","floor":16,"turns":11},{"damage":0,"enemies":"3 Byrds","floor":18,"turns":2},{"damage":3,"enemies":"Spheric Guardian","floor":20,"turns":3},{"damage":16,"enemies":"Gremlin Leader","floor":23,"turns":5},{"damage":31,"enemies":"3 Cultists","floor":25,"turns":5},{"damage":0,"enemies":"Slavers","floor":27,"turns":4},{"damage":16,"enemies":"Colosseum Slavers","floor":28,"turns":5},{"damage":18,"enemies":"Book of Stabbing","floor":29,"turns":4}],"seed_played":"-4578549941730238385","potions_obtained":[{"floor":1,"key":"SteroidPotion"},{"floor":7,"key":"Poison Potion"},{"floor":10,"key":"LiquidBronze"},{"floor":12,"key":"LiquidBronze"},{"floor":14,"key":"LiquidBronze"},{"floor":18,"key":"Strength Potion"},{"floor":20,"key":"PowerPotion"},{"floor":27,"key":"Strength Potion"}],"is_trial":false,"path_per_floor":["M","?","M","M","?","E","M","R","T","E","?","M","R","M","R","B",null,"M","$","M","?","?","E","R","M","T","E","?","E"],"character_chosen":"DEFECT","items_purchased":["Cold Snap","Storm","Conserve Battery"],"campfire_rested":1,"item_purchase_floors":[19,19,19],"current_hp_per_floor":[82,71,71,71,71,35,27,27,27,13,13,13,13,13,37,4,82,82,82,79,79,79,63,63,32,32,32,16,0],"gold":431,"neow_bonus":"TEN_PERCENT_HP_BONUS","is_prod":false,"is_daily":false,"chose_seed":false,"campfire_upgraded":2,"win_rate":0,"timestamp":1553270602,"path_taken":["M","?","M","M","?","E","M","R","T","E","?","M","R","M","R","BOSS","M","$","M","?","?","E","R","M","T","E","?","E"],"build_version":"2019-01-23","purchased_purges":1,"victory":false,"max_hp_per_floor":[82,82,82,82,82,82,82,82,82,82,82,82,82,82,82,82,82,82,82,82,82,82,82,82,82,82,82,82,82],"card_choices":[{"not_picked":["Chaos","Sunder"],"picked":"Ball Lightning","floor":1},{"not_picked":["Rebound","Go for the Eyes","Hologram"],"picked":"SKIP","floor":3},{"not_picked":["Force Field","Reprogram"],"picked":"Doom and Gloom","floor":4},{"not_picked":["Reprogram","Barrage"],"picked":"Compile Driver","floor":6},{"not_picked":["Ball Lightning","Coolheaded"],"picked":"Conserve Battery","floor":7},{"not_picked":["Sweeping Beam","Barrage"],"picked":"Turbo","floor":10},{"not_picked":["Hologram","Redo"],"picked":"BootSequence","floor":12},{"not_picked":["Heatsinks","Loop"],"picked":"Electrodynamics","floor":14},{"not_picked":["Amplify","Multi-Cast"],"picked":"Creative AI","floor":16},{"not_picked":["Sweeping Beam","Defragment"],"picked":"Compile Driver+1","floor":18},{"not_picked":["Genetic Algorithm","Gash"],"picked":"Coolheaded","floor":20},{"not_picked":["Leap+1","Genetic Algorithm"],"picked":"Capacitor+1","floor":23},{"not_picked":["Coolheaded","Ball Lightning"],"picked":"Stack+1","floor":25},{"not_picked":["Melter+1","Gash"],"picked":"Echo Form","floor":27}],"player_experience":513394,"relics_obtained":[{"floor":6,"key":"Kunai"},{"floor":9,"key":"Pen Nib"},{"floor":10,"key":"Potion Belt"},{"floor":23,"key":"Turnip"},{"floor":26,"key":"Pantograph"},{"floor":27,"key":"Juzu Bracelet"}],"event_choices":[{"damage_healed":0,"gold_gain":75,"player_choice":"Gather Gold","damage_taken":11,"max_hp_gain":0,"max_hp_loss":0,"event_name":"World of Goop","floor":2,"gold_loss":0},{"damage_healed":0,"gold_gain":0,"player_choice":"Ignored","damage_taken":0,"max_hp_gain":0,"max_hp_loss":0,"event_name":"Liars Game","floor":5,"gold_loss":0},{"cards_removed":["Strike_B"],"damage_healed":0,"gold_gain":0,"player_choice":"Forget","damage_taken":0,"max_hp_gain":0,"max_hp_loss":0,"event_name":"Living Wall","floor":11,"gold_loss":0},{"damage_healed":0,"gold_gain":0,"player_choice":"Opened","damage_taken":0,"relics_obtained":["Orichalcum"],"max_hp_gain":0,"max_hp_loss":0,"event_name":"The Mausoleum","floor":21,"gold_loss":0},{"damage_healed":0,"gold_gain":0,"player_choice":"Ignored","damage_taken":0,"max_hp_gain":0,"max_hp_loss":0,"event_name":"Vampires","floor":22,"gold_loss":0},{"damage_healed":0,"gold_gain":0,"player_choice":"Fight","damage_taken":0,"max_hp_gain":0,"max_hp_loss":0,"event_name":"Colosseum","floor":28,"gold_loss":0},{"damage_healed":0,"gold_gain":0,"player_choice":"Fled From Nobs","damage_taken":0,"max_hp_gain":0,"max_hp_loss":0,"event_name":"Colosseum","floor":28,"gold_loss":0}],"is_beta":false,"boss_relics":[{"not_picked":["Lizard Tail","Black Star"],"picked":"Fusion Hammer"}],"items_purged_floors":[19],"is_endless":false,"potions_floor_spawned":[1,7,10,12,14,18,20,23,27],"killed_by":"Book of Stabbing","ascension_level":0}