{"gold_per_floor":[113,113,130,150,150,150,163,182,182,192,213,228,228,239,239,313,313,330,341,391,411,119,119,146,146,172,172,172,206,222,249,249,325,325,344,358,358,458,475,475,509,521,566,597,608,624,651,666,666,666,666,666,666,110,137,137],"floor_reached":57,"playtime":2968,"items_purged":["Outmaneuver","Decay"],"score":3456,"play_id":"c4f01819-e646-4ac6-9d3e-9e47f26523c6","local_time":"20181128210835","is_ascension_mode":true,"campfire_choices":[{"data":"Acrobatics","floor":6.0,"key":"SMITH"},{"data":"Tactician","floor":15.0,"key":"SMITH"},{"data":"Apotheosis","floor":23.0,"key":"SMITH"},{"data":"Well Laid Plans","floor":25.0,"key":"SMITH"},{"data":"Flechettes","floor":27.0,"key":"SMITH"},{"data":"Prepared","floor":32.0,"key":"SMITH"},{"data":"1","floor":40.0,"key":"LIFT"},{"floor":49.0,"key":"RECALL"},{"data":"2","floor":53,"key":"LIFT"}],"neow_cost":"NONE","seed_source_timestamp":0,"circlet_count":0,"master_deck":["AscendersBane","Survivor","Neutralize+1","Heel Hook","Prepared+1","Acrobatics+1","Heel Hook","Tactician+1","Flechettes+1","Backflip","PiercingWail","Deadly Poison","Flying Knee","Bane","Crippling Poison","Outmaneuver","Backflip","Acrobatics","Reflex","Well Laid Plans+1","Apotheosis+1","Heel Hook","Blur","Expertise","Adrenaline","Backflip","Footwork+1","Acrobatics+1","Heel Hook"],"special_seed":0,"relics":["Ring of the Snake","NeowsBlessing","Letter Opener","Kunai","Odd Mushroom","Pandora\u0027s Box","Lantern","Anchor","Potion Belt","Question Card","Fusion Hammer","Girya","Gambling Chip","Dead Branch","PreservedInsect","Oddly Smooth Stone","DollysMirror","Orichalcum"],"potions_floor_usage":[51,56,56,56,56],"damage_taken":[{"damage":0.0,"enemies":"2 Louse","floor":1.0,"turns":1.0},{"damage":0.0,"enemies":"Cultist","floor":3.0,"turns":1.0},{"damage":0.0,"enemies":"Small Slimes","floor":4.0,"turns":1.0},{"damage":1.0,"enemies":"2 Fungi Beasts","floor":7.0,"turns":4.0},{"damage":0.0,"enemies":"Looter","floor":8.0,"turns":3.0},{"damage":0.0,"enemies":"Blue Slaver","floor":10.0,"turns":4.0},{"damage":0.0,"enemies":"The Mushroom Lair","floor":11.0,"turns":4.0},{"damage":0.0,"enemies":"3 Louse","floor":12.0,"turns":5.0},{"damage":0.0,"enemies":"Red Slaver","floor":14.0,"turns":3.0},{"damage":0.0,"enemies":"The Guardian","floor":16.0,"turns":18.0},{"damage":2.0,"enemies":"Shell Parasite","floor":18.0,"turns":4.0},{"damage":3.0,"enemies":"Spheric Guardian","floor":19.0,"turns":4.0},{"damage":4.0,"enemies":"Centurion and Healer","floor":21.0,"turns":5.0},{"damage":17.0,"enemies":"Slavers","floor":24.0,"turns":4.0},{"damage":2.0,"enemies":"Gremlin Leader","floor":29.0,"turns":2.0},{"damage":0.0,"enemies":"Snake Plant","floor":30.0,"turns":2.0},{"damage":0.0,"enemies":"Book of Stabbing","floor":31.0,"turns":3.0},{"damage":0.0,"enemies":"Automaton","floor":33.0,"turns":5.0},{"damage":2.0,"enemies":"3 Shapes","floor":35.0,"turns":3.0},{"damage":0.0,"enemies":"3 Darklings","floor":36.0,"turns":3.0},{"damage":0.0,"enemies":"Mind Bloom Boss Battle","floor":38.0,"turns":3.0},{"damage":0.0,"enemies":"4 Shapes","floor":39.0,"turns":3.0},{"damage":9.0,"enemies":"Nemesis","floor":41.0,"turns":5.0},{"damage":0.0,"enemies":"Transient","floor":42.0,"turns":6.0},{"damage":0.0,"enemies":"Giant Head","floor":44.0,"turns":3.0},{"damage":0.0,"enemies":"Maw","floor":45.0,"turns":3.0},{"damage":0.0,"enemies":"3 Darklings","floor":46.0,"turns":2.0},{"damage":0.0,"enemies":"Reptomancer","floor":47.0,"turns":1.0},{"damage":8.0,"enemies":"Jaw Worm Horde","floor":48.0,"turns":2.0},{"damage":0.0,"enemies":"Donu and Deca","floor":50.0,"turns":7.0},{"damage":0,"enemies":"Time Eater","floor":51,"turns":13},{"damage":0,"enemies":"Shield and Spear","floor":55,"turns":3},{"damage":38,"enemies":"The Heart","floor":56,"turns":8}],"seed_played":"-815906183563488914","potions_obtained":[{"floor":3.0,"key":"AttackPotion"},{"floor":4.0,"key":"GhostInAJar"},{"floor":21.0,"key":"SteroidPotion"},{"floor":31.0,"key":"Block Potion"},{"floor":33.0,"key":"Weak Potion"},{"floor":38.0,"key":"SkillPotion"},{"floor":44.0,"key":"Block Potion"},{"floor":47.0,"key":"GamblersBrew"}],"is_trial":false,"path_per_floor":["M","?","M","M","?","R","M","M","T","M","?","M","?","M","R","B",null,"M","M","?","M","$","R","E","R","T","R","?","E","M","E","R","B",null,"M","M","?","?","M","R","E","M","T","E","M","M","E","M","R","B","B",null,"R","$","E","B",null],"character_chosen":"THE_SILENT","items_purchased":["Apotheosis","Oddly Smooth Stone","DollysMirror","Strength Potion"],"campfire_rested":0,"item_purchase_floors":[22,54,54,54],"current_hp_per_floor":[59,59,59,59,41,41,40,40,40,40,40,40,45,45,45,45,65,63,60,60,56,56,56,39,39,39,39,39,37,37,37,37,37,63,61,61,61,61,61,61,52,52,52,52,52,52,52,44,44,44,44,61,61,61,61,23],"gold":137,"neow_bonus":"THREE_ENEMY_KILL","is_prod":false,"is_daily":false,"chose_seed":false,"campfire_upgraded":6,"win_rate":0,"timestamp":1543410515,"path_taken":["M","?","?","M","?","R","M","M","T","M","?","M","?","M","R","BOSS","M","M","?","M","$","R","E","R","T","R","?","E","M","E","R","BOSS","M","M","?","?","M","R","E","M","T","E","M","M","E","M","R","BOSS","BOSS","R","$","E","BOSS"],"build_version":"2018-11-15","purchased_purges":2,"victory":true,"max_hp_per_floor":[66,66,66,66,66,66,66,66,66,66,66,66,71,71,71,71,71,71,71,71,71,71,71,71,71,71,71,71,71,71,71,71,71,71,71,71,67,67,67,67,67,67,67,67,67,67,67,67,67,67,67,67,67,67,67,67],"card_choices":[{"not_picked":["PiercingWail","Dodge and Roll"],"picked":"Heel Hook","floor":1.0},{"not_picked":["Predator","PiercingWail"],"picked":"Prepared","floor":3.0},{"not_picked":["Quick Slash","Bane"],"picked":"Acrobatics","floor":4.0},{"not_picked":["Accuracy","Bane"],"picked":"Heel Hook","floor":7.0},{"not_picked":["Poisoned Stab","Cloak And Dagger","Sucker Punch"],"picked":"SKIP","floor":8.0},{"not_picked":["Skewer","Leg Sweep"],"picked":"Tactician","floor":10.0},{"not_picked":["Backstab","Cloak And Dagger"],"picked":"Flechettes","floor":12.0},{"not_picked":["Distraction","Flying Knee"],"picked":"Backflip","floor":14.0},{"not_picked":["Tactician","Endless Agony","Poisoned Stab"],"picked":"SKIP","floor":18.0},{"not_picked":["Deflect","Acrobatics","Escape Plan"],"picked":"SKIP","floor":19.0},{"not_picked":["Bane","Tactician"],"picked":"Well Laid Plans","floor":21.0},{"not_picked":["Eviscerate","Concentrate"],"picked":"Heel Hook","floor":24.0},{"not_picked":["Dagger Throw","Outmaneuver","Unload"],"picked":"SKIP","floor":29.0},{"not_picked":["Masterful Stab","Concentrate","Backstab"],"picked":"SKIP","floor":30.0},{"not_picked":["Dodge and Roll","Choke"],"picked":"Blur","floor":31.0},{"not_picked":["Tactician","Underhanded Strike+1","Blade Dance","Prepared"],"picked":"SKIP","floor":35.0},{"not_picked":["Terror","Setup","Slice"],"picked":"Expertise","floor":36.0},{"not_picked":["Backflip","Quick Slash","Escape Plan","Sucker Punch"],"picked":"SKIP","floor":39.0},{"not_picked":["Outmaneuver","Bane","Flechettes","Dagger Spray"],"picked":"SKIP","floor":41.0},{"not_picked":["Setup","Catalyst","Dash"],"picked":"Adrenaline","floor":42.0},{"not_picked":["Bouncing Flask+1","PiercingWail","Bullet Time","Slice"],"picked":"SKIP","floor":44.0},{"not_picked":["Deadly Poison+1","Cloak And Dagger","Dodge and Roll","Eviscerate"],"picked":"SKIP","floor":45.0},{"not_picked":["Heel Hook","Blade Dance","Dodge and Roll+1"],"picked":"Backflip","floor":46.0},{"not_picked":["Underhanded Strike","Dagger Spray","Doppelganger"],"picked":"Footwork+1","floor":47.0},{"not_picked":["Quick Slash","Well Laid Plans+1","Riddle With Holes+1","Sucker Punch+1"],"picked":"SKIP","floor":48.0},{"not_picked":["Underhanded Strike","Backstab","Dagger Spray+1"],"picked":"Heel Hook","floor":55}],"player_experience":1171281,"relics_obtained":[{"floor":9.0,"key":"Kunai"},{"floor":11.0,"key":"Odd Mushroom"},{"floor":24.0,"key":"Lantern"},{"floor":26.0,"key":"Anchor"},{"floor":29.0,"key":"Potion Belt"},{"floor":31.0,"key":"Question Card"},{"floor":38.0,"key":"Girya"},{"floor":41.0,"key":"Gambling Chip"},{"floor":44.0,"key":"Dead Branch"},{"floor":47.0,"key":"PreservedInsect"},{"floor":55,"key":"Orichalcum"}],"event_choices":[{"damage_healed":0.0,"max_hp_gain":0.0,"max_hp_loss":0.0,"gold_gain":0.0,"event_name":"Accursed Blacksmith","player_choice":"Forge","floor":2.0,"gold_loss":0.0,"damage_taken":0.0,"cards_upgraded":["Neutralize"]},{"damage_healed":0.0,"max_hp_gain":0.0,"max_hp_loss":0.0,"gold_gain":0.0,"event_name":"Scrap Ooze","player_choice":"Success","floor":5.0,"gold_loss":0.0,"damage_taken":18.0,"relics_obtained":["Letter Opener"]},{"damage_healed":0.0,"max_hp_gain":0.0,"max_hp_loss":0.0,"gold_gain":0.0,"event_name":"Mushrooms","player_choice":"Fought Mushrooms","floor":11.0,"gold_loss":0.0,"damage_taken":0.0},{"damage_healed":0.0,"max_hp_gain":5.0,"max_hp_loss":0.0,"gold_gain":0.0,"event_name":"Big Fish","player_choice":"Donut","floor":13.0,"gold_loss":0.0,"damage_taken":0.0},{"damage_healed":0.0,"max_hp_gain":0.0,"max_hp_loss":0.0,"gold_gain":50.0,"event_name":"Nest","player_choice":"Stole From Cult","floor":20.0,"gold_loss":0.0,"damage_taken":0.0},{"damage_healed":0.0,"max_hp_gain":0.0,"max_hp_loss":0.0,"gold_gain":0.0,"event_name":"Forgotten Altar","player_choice":"Smashed Altar","floor":28.0,"gold_loss":0.0,"damage_taken":0.0,"cards_obtained":["Decay"]},{"damage_healed":0.0,"max_hp_gain":0.0,"max_hp_loss":4.0,"gold_gain":0.0,"event_name":"Winding Halls","player_choice":"Max HP","floor":37.0,"gold_loss":0.0,"damage_taken":0.0},{"damage_healed":0.0,"max_hp_gain":0.0,"max_hp_loss":0.0,"gold_gain":0.0,"event_name":"MindBloom","player_choice":"Fight","floor":38.0,"gold_loss":0.0,"damage_taken":0.0}],"is_beta":true,"boss_relics":[{"not_picked":["White Beast Statue","Runic Pyramid"],"picked":"Pandora\u0027s Box"},{"not_picked":["Eternal Feather","Runic Dome"],"picked":"Fusion Hammer"}],"items_purged_floors":[22,54],"is_endless":false,"potions_floor_spawned":[3,4,10,11,12,21,24,31,33,38,39,44,45,47],"ascension_level":20}