{"gold_per_floor":[16,16,26,36,36,97,110,110,134,164,184,184,199,229,229,308,308,321,83,97,97,97,97,126,141,210,226,126,151,170,270,270,347,347,363,363,123,133,133,164,164,184,184,203,230,230,263,263,263,263,263,263,263,42,69,69],"floor_reached":57,"playtime":3021,"items_purged":["Pain","Strike_G"],"score":3430,"play_id":"6c8c74c0-220e-4313-8a45-863946d39b75","local_time":"20190808230340","is_ascension_mode":true,"campfire_choices":[{"data":"Deadly Poison","floor":8.0,"key":"SMITH"},{"data":"Catalyst","floor":15.0,"key":"SMITH"},{"floor":23.0,"key":"RECALL"},{"floor":32.0,"key":"REST"},{"floor":41.0,"key":"REST"},{"floor":49.0,"key":"REST"},{"floor":53.0,"key":"REST"}],"neow_cost":"NO_GOLD","seed_source_timestamp":0,"circlet_count":0,"master_deck":["AscendersBane","Defend_G+1","Defend_G+1","Defend_G+1","Defend_G+1","Defend_G+1","Survivor+1","Neutralize+1","Die Die Die+1","Flying Knee+1","PiercingWail+1","After Image+1","Deadly Poison+1","Acrobatics+1","Reflex+1","Catalyst+1","Backflip+1","Tactician+1","Wraith Form v2+1","Catalyst+1","Acrobatics+1","Footwork+1","Adrenaline+1","Corpse Explosion+1","Adrenaline+1","Acrobatics+1","Master of Strategy+1","Impatience+1","Chrysalis+1","Leg Sweep+1","Calculated Gamble+1","Night Terror+1","Wraith Form v2","Escape Plan","Calculated Gamble"],"special_seed":0,"relics":["Ring of the Snake","WarpedTongs","War Paint","Pen Nib","Prayer Wheel","Snake Skull","Fusion Hammer","Nloth\u0027s Gift","Oddly Smooth Stone","Molten Egg 2","Ancient Tea Set","Calipers","Pantograph","Sozu","Centennial Puzzle","Mark of the Bloom","Thread and Needle","Tough Bandages","Happy Flower","Bottled Tornado","PrismaticShard"],"potions_floor_usage":[56,56],"damage_taken":[{"damage":0.0,"enemies":"Jaw Worm","floor":1.0,"turns":5.0},{"damage":0.0,"enemies":"2 Louse","floor":3.0,"turns":1.0},{"damage":0.0,"enemies":"Cultist","floor":4.0,"turns":4.0},{"damage":33.0,"enemies":"3 Sentries","floor":6.0,"turns":10.0},{"damage":4.0,"enemies":"Blue Slaver","floor":7.0,"turns":4.0},{"damage":12.0,"enemies":"Gremlin Nob","floor":10.0,"turns":5.0},{"damage":1.0,"enemies":"3 Louse","floor":11.0,"turns":3.0},{"damage":2.0,"enemies":"Looter","floor":13.0,"turns":3.0},{"damage":4.0,"enemies":"Hexaghost","floor":16.0,"turns":8.0},{"damage":6.0,"enemies":"Chosen","floor":18.0,"turns":5.0},{"damage":9.0,"enemies":"2 Thieves","floor":20.0,"turns":4.0},{"damage":5.0,"enemies":"Book of Stabbing","floor":24.0,"turns":3.0},{"damage":0.0,"enemies":"Snecko","floor":25.0,"turns":3.0},{"damage":7.0,"enemies":"Shelled Parasite and Fungi","floor":27.0,"turns":5.0},{"damage":16.0,"enemies":"Slavers","floor":29.0,"turns":9.0},{"damage":0.0,"enemies":"3 Cultists","floor":30.0,"turns":6.0},{"damage":1.0,"enemies":"Colosseum Slavers","floor":31.0,"turns":6.0},{"damage":0.0,"enemies":"Colosseum Nobs","floor":31.0,"turns":5.0},{"damage":0.0,"enemies":"Champ","floor":33.0,"turns":11.0},{"damage":0.0,"enemies":"3 Shapes","floor":35.0,"turns":5.0},{"damage":0.0,"enemies":"3 Darklings","floor":38.0,"turns":2.0},{"damage":0.0,"enemies":"Nemesis","floor":40.0,"turns":5.0},{"damage":0.0,"enemies":"Spire Growth","floor":42.0,"turns":4.0},{"damage":0.0,"enemies":"4 Shapes","floor":44.0,"turns":4.0},{"damage":0.0,"enemies":"Reptomancer","floor":45.0,"turns":3.0},{"damage":0.0,"enemies":"Giant Head","floor":47.0,"turns":4.0},{"damage":0.0,"enemies":"Donu and Deca","floor":50.0,"turns":4.0},{"damage":0.0,"enemies":"Awakened One","floor":51.0,"turns":12.0},{"damage":0,"enemies":"Shield and Spear","floor":55,"turns":4},{"damage":0,"enemies":"The Heart","floor":56,"turns":9}],"seed_played":"-1160913853557989765","potions_obtained":[{"floor":3.0,"key":"Dexterity Potion"},{"floor":6.0,"key":"Block Potion"},{"floor":7.0,"key":"PowerPotion"},{"floor":11.0,"key":"SteroidPotion"},{"floor":16.0,"key":"GhostInAJar"},{"floor":18.0,"key":"FearPotion"},{"floor":29.0,"key":"Fire Potion"},{"floor":33.0,"key":"Explosive Potion"}],"is_trial":false,"path_per_floor":["M","?","M","M","?","E","M","R","T","E","M","T","M","?","R","B",null,"M","$","M","?","?","R","E","M","T","M","$","E","M","?","R","B",null,"M","?","$","M","?","E","R","M","T","M","E","?","E","T","R","B","B",null,"R","$","E","B",null],"character_chosen":"THE_SILENT","items_purchased":["Wraith Form v2","Catalyst","Centennial Puzzle","Leg Sweep","PrismaticShard"],"campfire_rested":4,"item_purchase_floors":[19,19,37,37,54],"current_hp_per_floor":[59,59,59,59,59,26,22,22,22,10,9,9,7,7,7,3,50,44,44,35,35,35,35,30,30,30,23,23,7,7,6,25,50,62,62,52,52,52,52,52,52,52,52,52,52,52,52,52,52,52,52,52,52,52,52,52],"gold":69,"neow_bonus":"TRANSFORM_TWO_CARDS","is_prod":false,"is_daily":false,"chose_seed":false,"campfire_upgraded":2,"win_rate":0,"timestamp":1565276620,"path_taken":["M","?","M","M","?","E","?","R","T","E","M","?","M","?","R","BOSS","M","$","M","?","?","R","E","M","T","M","?","E","?","?","R","BOSS","M","?","$","M","?","E","R","M","T","M","E","?","E","?","R","BOSS","BOSS","R","$","E","BOSS"],"build_version":"2019-07-17","purchased_purges":2,"victory":true,"max_hp_per_floor":[66,66,66,66,66,66,66,66,66,66,66,66,66,66,66,66,66,66,66,66,66,66,66,66,66,66,66,66,66,66,66,66,66,66,66,66,66,66,66,66,66,66,66,66,66,66,66,66,66,66,66,66,66,66,66,66],"card_choices":[{"not_picked":["Dagger Spray","Deflect"],"picked":"PiercingWail","floor":1.0},{"not_picked":["Blade Dance","Dagger Spray"],"picked":"Deadly Poison","floor":3.0},{"not_picked":["Concentrate","Skewer","Caltrops"],"picked":"SKIP","floor":4.0},{"not_picked":["Underhanded Strike","Infinite Blades"],"picked":"Acrobatics","floor":6.0},{"not_picked":["Poisoned Stab","Storm of Steel"],"picked":"Reflex","floor":7.0},{"not_picked":["All Out Attack","Heel Hook"],"picked":"Catalyst","floor":10.0},{"not_picked":["Reflex","Finisher"],"picked":"Backflip","floor":11.0},{"not_picked":["Dodge and Roll","Backflip","Leg Sweep"],"picked":"SKIP","floor":13.0},{"not_picked":["Slice","Dagger Throw","Choke"],"picked":"SKIP","floor":13.0},{"not_picked":["PiercingWail","Flechettes"],"picked":"Tactician+1","floor":18.0},{"not_picked":["Underhanded Strike","Caltrops","Deflect"],"picked":"SKIP","floor":18.0},{"not_picked":["Eviscerate","Deadly Poison"],"picked":"Acrobatics+1","floor":20.0},{"not_picked":["Outmaneuver","Dagger Throw","Finisher"],"picked":"SKIP","floor":20.0},{"not_picked":["Concentrate","Envenom","Dodge and Roll"],"picked":"SKIP","floor":24.0},{"not_picked":["Flying Knee","Backstab","Sucker Punch"],"picked":"SKIP","floor":25.0},{"not_picked":["Sucker Punch","Deflect","Acrobatics"],"picked":"SKIP","floor":25.0},{"not_picked":["A Thousand Cuts","Crippling Poison"],"picked":"Footwork","floor":27.0},{"not_picked":["Bouncing Flask","Masterful Stab+1","Outmaneuver"],"picked":"SKIP","floor":27.0},{"not_picked":["Accuracy","Dash+1"],"picked":"Adrenaline","floor":29.0},{"not_picked":["Slice+1","Noxious Fumes","Unload+1"],"picked":"SKIP","floor":30.0},{"not_picked":["PiercingWail","Bane+1","Setup"],"picked":"SKIP","floor":30.0},{"not_picked":["Unload+1","Glass Knife+1"],"picked":"Corpse Explosion","floor":33.0},{"not_picked":["Prepared","Bane+1"],"picked":"Adrenaline","floor":35.0},{"not_picked":["Underhanded Strike+1","Blade Dance","Acrobatics"],"picked":"SKIP","floor":35.0},{"not_picked":["Underhanded Strike+1","Blade Dance"],"picked":"Acrobatics","floor":35.0},{"not_picked":["PanicButton","Madness"],"picked":"Master of Strategy","floor":36.0},{"not_picked":["Secret Weapon","Madness"],"picked":"Impatience","floor":36.0},{"not_picked":["Panacea","Sadistic Nature"],"picked":"Chrysalis","floor":36.0},{"not_picked":["Masterful Stab+1","Dash+1"],"picked":"Calculated Gamble","floor":38.0},{"not_picked":["Blade Dance","Dodge and Roll"],"picked":"Night Terror","floor":38.0},{"not_picked":["Concentrate","Heel Hook+1","Poisoned Stab+1"],"picked":"SKIP","floor":40.0},{"not_picked":["Calculated Gamble","Backstab+1"],"picked":"Wraith Form v2","floor":42.0},{"not_picked":["PiercingWail","Predator+1","Slice+1"],"picked":"SKIP","floor":42.0},{"not_picked":["Reflex","Setup"],"picked":"Escape Plan","floor":44.0},{"not_picked":["Terror","Deflect","Flechettes+1"],"picked":"SKIP","floor":44.0},{"not_picked":["Predator+1","Cloak And Dagger+1"],"picked":"Calculated Gamble","floor":45.0},{"not_picked":["Reflex","Expertise","Outmaneuver"],"picked":"SKIP","floor":47.0},{"not_picked":["The Bomb","Steam","A Thousand Cuts"],"picked":"SKIP","floor":55}],"player_experience":1739786,"relics_obtained":[{"floor":6.0,"key":"Tiny Chest"},{"floor":9.0,"key":"War Paint"},{"floor":10.0,"key":"Pen Nib"},{"floor":12.0,"key":"Prayer Wheel"},{"floor":24.0,"key":"Oddly Smooth Stone"},{"floor":26.0,"key":"Molten Egg 2"},{"floor":29.0,"key":"Ancient Tea Set"},{"floor":31.0,"key":"Calipers"},{"floor":31.0,"key":"Pantograph"},{"floor":40.0,"key":"Thread and Needle"},{"floor":45.0,"key":"Tough Bandages"},{"floor":47.0,"key":"Happy Flower"},{"floor":48.0,"key":"Bottled Tornado"}],"event_choices":[{"damage_healed":0.0,"max_hp_gain":0.0,"max_hp_loss":0.0,"gold_gain":0.0,"cards_transformed":["Strike_G"],"event_name":"Living Wall","player_choice":"Change","floor":2.0,"gold_loss":0.0,"damage_taken":0.0,"cards_obtained":["After Image"]},{"damage_healed":0.0,"max_hp_gain":0.0,"max_hp_loss":0.0,"gold_gain":0.0,"event_name":"Accursed Blacksmith","player_choice":"Rummage","floor":5.0,"gold_loss":0.0,"damage_taken":0.0,"relics_obtained":["WarpedTongs"],"cards_obtained":["Pain"]},{"damage_healed":0.0,"max_hp_gain":0.0,"max_hp_loss":0.0,"gold_gain":30.0,"event_name":"Dead Adventurer","player_choice":"Searched \u00273\u0027 times","floor":14.0,"gold_loss":0.0,"damage_taken":0.0,"relics_obtained":["Snake Skull"]},{"cards_removed":["Strike_G"],"damage_healed":0.0,"max_hp_gain":0.0,"max_hp_loss":0.0,"gold_gain":0.0,"event_name":"Back to Basics","player_choice":"Elegance","floor":21.0,"gold_loss":0.0,"damage_taken":0.0},{"damage_healed":0.0,"max_hp_gain":0.0,"max_hp_loss":0.0,"gold_gain":0.0,"event_name":"N\u0027loth","player_choice":"Traded Relic","floor":22.0,"relics_lost":["Tiny Chest"],"gold_loss":0.0,"damage_taken":0.0,"relics_obtained":["Nloth\u0027s Gift"]},{"damage_healed":0.0,"max_hp_gain":0.0,"max_hp_loss":0.0,"gold_gain":0.0,"event_name":"Colosseum","player_choice":"Fight","floor":31.0,"gold_loss":0.0,"damage_taken":0.0},{"damage_healed":0.0,"max_hp_gain":0.0,"max_hp_loss":0.0,"gold_gain":0.0,"event_name":"Colosseum","player_choice":"Fought Nobs","floor":31.0,"gold_loss":0.0,"damage_taken":0.0},{"damage_healed":0.0,"max_hp_gain":0.0,"max_hp_loss":0.0,"gold_gain":0.0,"event_name":"SensoryStone","player_choice":"Memory 3","floor":36.0,"gold_loss":0.0,"damage_taken":10.0},{"damage_healed":0.0,"max_hp_gain":0.0,"max_hp_loss":0.0,"gold_gain":0.0,"event_name":"MindBloom","player_choice":"Upgrade","floor":39.0,"gold_loss":0.0,"damage_taken":0.0,"cards_upgraded":["Defend_G","Defend_G","Defend_G","Defend_G","Defend_G","Neutralize","Die Die Die","Flying Knee","PiercingWail","After Image","Reflex","Backflip","Wraith Form v2","Catalyst","Footwork","Adrenaline","Corpse Explosion","Adrenaline","Acrobatics","Master of Strategy","Impatience","Chrysalis","Leg Sweep","Calculated Gamble","Night Terror"],"relics_obtained":["Mark of the Bloom"]},{"damage_healed":0.0,"max_hp_gain":0.0,"max_hp_loss":0.0,"gold_gain":0.0,"event_name":"Tomb of Lord Red Mask","player_choice":"Ignored","floor":46.0,"gold_loss":0.0,"damage_taken":0.0}],"is_beta":false,"boss_relics":[{"not_picked":["White Beast Statue","Ectoplasm"],"picked":"Fusion Hammer"},{"not_picked":["Orrery","Snecko Eye"],"picked":"Sozu"}],"items_purged_floors":[19,28],"is_endless":false,"potions_floor_spawned":[3,6,7,11,16,18,20,29,31,33,42,44,45],"ascension_level":20}