{"gold_per_floor":[109,23,108,124,137,137,147,157,157,157,171,171,196,206,206,272,272,286,301,315,442,442,442,463,363,363,385,103,116,116,116,116,176,176,192,201,201,212,62,87,97,97,117,117,129,129,158,166,166,166,166,166,166,3,24,24],"floor_reached":57,"playtime":2527,"items_purged":["Normality","Strike_G","Strike_G"],"score":3774,"play_id":"544fe79d-bd9a-435b-b86f-cff5fe6bd2ba","local_time":"20190130171932","is_ascension_mode":true,"campfire_choices":[{"data":"Well Laid Plans","floor":6.0,"key":"SMITH"},{"data":"Catalyst","floor":10.0,"key":"SMITH"},{"data":"Catalyst","floor":12.0,"key":"SMITH"},{"data":"Deadly Poison","floor":15.0,"key":"SMITH"},{"data":"Wraith Form v2","floor":23.0,"key":"SMITH"},{"data":"Tactician","floor":32.0,"key":"SMITH"},{"data":"Burst","floor":42.0,"key":"SMITH"},{"data":"Acrobatics","floor":44.0,"key":"SMITH"},{"data":"Impatience","floor":46.0,"key":"SMITH"},{"floor":49.0,"key":"RECALL"},{"data":"Purity","floor":53.0,"key":"SMITH"}],"neow_cost":"NONE","seed_source_timestamp":17084850214634,"circlet_count":0,"master_deck":["AscendersBane","Defend_G","Defend_G","Defend_G+1","Defend_G","Defend_G","Strike_G","Survivor","Neutralize","Catalyst+1","Well Laid Plans+1","Escape Plan","Acrobatics+1","Crippling Poison","Deadly Poison+1","Catalyst+1","Footwork","Wraith Form v2+1","Noxious Fumes","Tactician+1","Backflip","Burst+1","Impatience+1","Purity+1","Bandage Up","Acrobatics+1"],"special_seed":0,"relics":["Ring of the Snake","AscMod:CursedFlame","AscMod:MegaStarOfAscension","AscMod:CursedBank","NeowsBlessing","Bottled Tornado","Shuriken","Coffee Dripper","Happy Flower","Frozen Egg 2","Vajra","Oddly Smooth Stone","FossilizedHelix","Empty Cage","Bag of Marbles","Bronze Scales","War Paint","Mercury Hourglass"],"potions_floor_usage":[56,56],"damage_taken":[{"damage":0.0,"enemies":"Jaw Worm","floor":1.0,"turns":1.0},{"damage":0.0,"enemies":"Cultist","floor":4.0,"turns":1.0},{"damage":0.0,"enemies":"Small Slimes","floor":5.0,"turns":1.0},{"damage":6.0,"enemies":"Blue Slaver","floor":7.0,"turns":7.0},{"damage":6.0,"enemies":"Looter","floor":8.0,"turns":4.0},{"damage":3.0,"enemies":"2 Fungi Beasts","floor":11.0,"turns":3.0},{"damage":7.0,"enemies":"Exordium Thugs","floor":14.0,"turns":4.0},{"damage":0.0,"enemies":"Hexaghost","floor":16.0,"turns":8.0},{"damage":0.0,"enemies":"Shell Parasite","floor":18.0,"turns":4.0},{"damage":0.0,"enemies":"theJungle:Flameango_and_Byrd","floor":19.0,"turns":5.0},{"damage":3.0,"enemies":"Snake Plant","floor":20.0,"turns":3.0},{"damage":0.0,"enemies":"theJungle:MamaSnecko","floor":24.0,"turns":6.0},{"damage":0.0,"enemies":"theJungle:2_Phrogs","floor":27.0,"turns":8.0},{"damage":10.0,"enemies":"theJungle:2_Flameangoes","floor":29.0,"turns":7.0},{"damage":0.0,"enemies":"theJungle:QueenSpyder","floor":33.0,"turns":4.0},{"damage":0.0,"enemies":"Orb Walker","floor":35.0,"turns":4.0},{"damage":0.0,"enemies":"3 Shapes","floor":36.0,"turns":3.0},{"damage":0.0,"enemies":"Writhing Mass","floor":38.0,"turns":3.0},{"damage":0.0,"enemies":"Giant Head","floor":40.0,"turns":5.0},{"damage":0.0,"enemies":"Spire Growth","floor":41.0,"turns":3.0},{"damage":0.0,"enemies":"4 Shapes","floor":45.0,"turns":5.0},{"damage":0.0,"enemies":"Nemesis","floor":47.0,"turns":3.0},{"damage":0.0,"enemies":"Sphere and 2 Shapes","floor":48.0,"turns":4.0},{"damage":1.0,"enemies":"Time Eater","floor":50.0,"turns":4.0},{"damage":2.0,"enemies":"Donu and Deca","floor":51.0,"turns":6.0},{"damage":0.0,"enemies":"Shield and Spear","floor":55.0,"turns":4.0},{"damage":11,"enemies":"The Heart","floor":56,"turns":6}],"seed_played":"7587654618159560927","potions_obtained":[{"floor":4.0,"key":"FearPotion"},{"floor":8.0,"key":"LiquidBronze"},{"floor":16.0,"key":"Swift Potion"},{"floor":20.0,"key":"Fire Potion"}],"is_trial":false,"path_per_floor":["M","$","?","M","M","R","M","M","T","R","M","R","?","M","R","B",null,"M","M","M","?","?","R","E","$","T","E","$","M","?","T","R","B",null,"M","M","?","M","$","E","M","R","T","R","M","R","E","M","R","B","B",null,"R","$","E","B",null],"character_chosen":"THE_SILENT","items_purchased":["Well Laid Plans","Oddly Smooth Stone","War Paint"],"campfire_rested":0,"item_purchase_floors":[2,28,54],"current_hp_per_floor":[59,59,59,59,59,59,53,47,47,47,44,44,44,37,37,37,55,55,55,52,52,52,52,52,52,52,52,52,42,27,27,27,27,50,50,50,40,43,43,46,49,49,49,49,52,52,55,58,58,60,61,64,64,64,66,66],"gold":24,"neow_bonus":"THREE_ENEMY_KILL","is_prod":false,"is_daily":false,"chose_seed":false,"campfire_upgraded":10,"win_rate":0,"timestamp":1548839972,"path_taken":["M","$","?","M","?","R","M","M","T","R","M","R","?","M","R","BOSS","M","M","M","?","?","R","E","$","T","E","$","M","?","?","R","BOSS","M","M","?","M","$","E","M","R","T","R","M","R","E","M","R","BOSS","BOSS","R","$","E","BOSS"],"build_version":"2019-01-23","purchased_purges":3,"victory":true,"max_hp_per_floor":[66,66,66,66,66,66,66,66,66,66,66,66,66,66,66,66,66,66,66,66,66,66,66,66,66,66,66,66,66,66,66,66,66,66,66,66,66,66,66,66,66,66,66,66,66,66,66,66,66,66,66,66,66,66,66,66],"card_choices":[{"not_picked":["Backflip","Eviscerate"],"picked":"Catalyst","floor":1.0},{"not_picked":["Expertise","Dagger Throw"],"picked":"Escape Plan","floor":4.0},{"not_picked":["Blade Dance","Sucker Punch"],"picked":"Acrobatics","floor":5.0},{"not_picked":["Cloak And Dagger","Outmaneuver"],"picked":"Crippling Poison","floor":7.0},{"not_picked":["Terror","Leg Sweep"],"picked":"Deadly Poison","floor":8.0},{"not_picked":["Storm of Steel","Backstab"],"picked":"Catalyst","floor":11.0},{"not_picked":["Endless Agony","Cloak And Dagger"],"picked":"Footwork","floor":14.0},{"not_picked":["Storm of Steel","Glass Knife"],"picked":"Wraith Form v2","floor":16.0},{"not_picked":["Dodge and Roll","Outmaneuver","Dagger Spray"],"picked":"SKIP","floor":18.0},{"not_picked":["Deadly Poison","Quick Slash","Noxious Fumes"],"picked":"SKIP","floor":19.0},{"not_picked":["Deadly Poison","Quick Slash"],"picked":"Noxious Fumes","floor":19.0},{"not_picked":["All Out Attack","Masterful Stab","Skewer"],"picked":"SKIP","floor":20.0},{"not_picked":["Quick Slash","Prepared"],"picked":"Tactician","floor":24.0},{"not_picked":["Terror","Bouncing Flask"],"picked":"Backflip","floor":27.0},{"not_picked":["Deadly Poison","Blade Dance","Flying Knee"],"picked":"SKIP","floor":29.0},{"not_picked":["A Thousand Cuts+1","Night Terror"],"picked":"Burst","floor":33.0},{"not_picked":["Masterful Stab","Bane","Noxious Fumes+1"],"picked":"SKIP","floor":35.0},{"not_picked":["Flying Knee","Outmaneuver","All Out Attack"],"picked":"SKIP","floor":36.0},{"not_picked":["HandOfGreed","Secret Weapon"],"picked":"Impatience","floor":37.0},{"not_picked":["Violence","Discovery"],"picked":"Purity","floor":37.0},{"not_picked":["Mind Blast","Violence"],"picked":"Bandage Up","floor":37.0},{"not_picked":["Skewer+1","Eviscerate","Concentrate"],"picked":"SKIP","floor":38.0},{"not_picked":["Bane","Distraction+1","Deadly Poison"],"picked":"SKIP","floor":40.0},{"not_picked":["Quick Slash","Accuracy+1","All Out Attack"],"picked":"SKIP","floor":41.0},{"not_picked":["Slice","Setup","Deflect"],"picked":"SKIP","floor":45.0},{"not_picked":["Dash","Slice"],"picked":"Acrobatics","floor":47.0},{"not_picked":["Finisher","Deflect","Prepared"],"picked":"SKIP","floor":48.0},{"not_picked":["Flechettes","Noxious Fumes+1","Well Laid Plans+1"],"picked":"SKIP","floor":55.0}],"player_experience":2408203,"relics_obtained":[{"floor":9.0,"key":"Bottled Tornado"},{"floor":24.0,"key":"Happy Flower"},{"floor":26.0,"key":"Frozen Egg 2"},{"floor":27.0,"key":"Vajra"},{"floor":31.0,"key":"FossilizedHelix"},{"floor":40.0,"key":"Bag of Marbles"},{"floor":47.0,"key":"Bronze Scales"},{"floor":55.0,"key":"Mercury Hourglass"}],"event_choices":[{"damage_healed":0.0,"max_hp_gain":0.0,"max_hp_loss":0.0,"gold_gain":100.0,"event_name":"Wheel of Change","player_choice":"Gold","floor":3.0,"gold_loss":0.0,"damage_taken":0.0},{"damage_healed":0.0,"max_hp_gain":0.0,"max_hp_loss":0.0,"gold_gain":30.0,"event_name":"Dead Adventurer","player_choice":"Searched \u00273\u0027 times","floor":13.0,"gold_loss":0.0,"damage_taken":0.0,"relics_obtained":["Shuriken"]},{"damage_healed":0.0,"max_hp_gain":0.0,"max_hp_loss":0.0,"gold_gain":0.0,"event_name":"SensoryStone","player_choice":"Memory 3","floor":37.0,"gold_loss":0.0,"damage_taken":10.0}],"is_beta":false,"boss_relics":[{"not_picked":["Orrery","Philosopher\u0027s Stone"],"picked":"Coffee Dripper"},{"not_picked":["Cursed Key","Busted Crown"],"picked":"Empty Cage"}],"items_purged_floors":[25,28,39],"is_endless":false,"potions_floor_spawned":[4,8,16,20,27,29,33,35,36,41,45],"ascension_level":25}