{"gold_per_floor":[218,143,143,143,163,163,78,119,119,119,19,19,40,59,59,158,158,158],"floor_reached":18,"playtime":775,"items_purged":["Strike_B","Strike_B"],"score":316,"play_id":"585c5bd3-668e-4d1f-a483-03cbfcc35ec5","local_time":"20190107162739","is_ascension_mode":true,"campfire_choices":[{"data":"Zap","floor":6,"key":"SMITH"},{"data":"Creative AI","floor":10,"key":"SMITH"},{"data":"Dualcast","floor":12,"key":"SMITH"},{"data":"Coolheaded","floor":15,"key":"SMITH"}],"neow_cost":"NONE","seed_source_timestamp":15586246207274,"circlet_count":0,"master_deck":["AscendersBane","Strike_B","Strike_B","Defend_B","Defend_B","Defend_B","Defend_B","Zap+1","Dualcast+1","FTL","Self Repair","Creative AI+1","Seek","Coolheaded+1","Conserve Battery","Core Surge"],"relics":["Cracked Core","Golden Idol","StoneCalendar","Omamori","Coffee Dripper"],"potions_floor_usage":[16],"damage_taken":[{"damage":0,"enemies":"Small Slimes","floor":1,"turns":2},{"damage":7,"enemies":"Jaw Worm","floor":5,"turns":3},{"damage":25,"enemies":"Lagavulin","floor":8,"turns":7},{"damage":1,"enemies":"Cultist","floor":13,"turns":4},{"damage":10,"enemies":"Red Slaver","floor":14,"turns":4},{"damage":29,"enemies":"Slime Boss","floor":16,"turns":7},{"damage":53,"enemies":"3 Byrds","floor":18,"turns":4}],"seed_played":"4737920505070666601","potions_obtained":[{"floor":4,"key":"Strength Potion"},{"floor":4,"key":"Fire Potion"}],"is_trial":false,"path_per_floor":["M","$","?","?","M","R","$","E","T","R","$","R","M","M","R","B",null,"M"],"character_chosen":"DEFECT","items_purchased":["Creative AI"],"campfire_rested":0,"item_purchase_floors":[7],"current_hp_per_floor":[64,64,64,64,57,57,57,39,39,39,39,39,45,42,42,20,53,0],"gold":158,"neow_bonus":"HUNDRED_GOLD","is_prod":false,"is_daily":false,"chose_seed":false,"campfire_upgraded":4,"win_rate":0,"timestamp":1546849659,"path_taken":["M","$","?","?","?","R","$","E","T","R","?","R","M","M","R","BOSS","M"],"build_version":"2019-01-03v4","purchased_purges":2,"victory":false,"max_hp_per_floor":[71,71,64,64,64,64,64,64,64,64,64,64,64,64,64,64,64,64],"card_choices":[{"not_picked":["Ball Lightning","Redo"],"picked":"FTL","floor":1},{"not_picked":["Redo","BootSequence"],"picked":"Self Repair","floor":5},{"not_picked":["Cold Snap","Chill"],"picked":"Seek","floor":8},{"not_picked":["Steam Power","Cold Snap"],"picked":"Coolheaded","floor":13},{"not_picked":["Leap","Sweeping Beam"],"picked":"Conserve Battery","floor":14},{"not_picked":["Echo Form","Biased Cognition"],"picked":"Core Surge","floor":16}],"player_experience":1816934,"relics_obtained":[{"floor":8,"key":"StoneCalendar"},{"floor":9,"key":"Omamori"}],"event_choices":[{"damage_healed":0,"gold_gain":0,"player_choice":"Lose Max HP","damage_taken":0,"relics_obtained":["Golden Idol"],"max_hp_gain":0,"max_hp_loss":7,"event_name":"Golden Idol","floor":3,"gold_loss":0},{"damage_healed":0,"gold_gain":0,"player_choice":"Got Potions","damage_taken":0,"max_hp_gain":0,"max_hp_loss":0,"event_name":"Lab","floor":4,"gold_loss":0}],"is_beta":false,"boss_relics":[{"not_picked":["Nuclear Battery","Empty Cage"],"picked":"Coffee Dripper"}],"items_purged_floors":[2,11],"is_endless":false,"potions_floor_spawned":[5,14],"killed_by":"3 Byrds","ascension_level":20}