{"gold_per_floor":[112,112,112,112,123,151,181,191,191,191,225,236,236,264,264,338,338,308,488,498,498],"floor_reached":21,"playtime":738,"items_purged":[],"score":544,"play_id":"b6703abd-1b08-4bbc-9253-61152fb8bad2","local_time":"20190210102759","is_ascension_mode":true,"campfire_choices":[{"data":"Noxious Fumes","floor":10.0,"key":"SMITH"},{"data":"Catalyst","floor":13.0,"key":"SMITH"},{"data":"Neutralize","floor":15.0,"key":"SMITH"}],"neow_cost":"NONE","seed_source_timestamp":6124969310787,"circlet_count":0,"master_deck":["AscendersBane","Defend_G","Defend_G","Defend_G","Defend_G","Defend_G","Strike_G","Strike_G","Strike_G","Strike_G","Survivor","Neutralize+1","Catalyst+1","Noxious Fumes+1","Deflect+1","Prepared+1","Adrenaline+1","Well Laid Plans","Blade Dance+1"],"special_seed":0,"relics":["Ring of the Snake","NeowsBlessing","Toxic Egg 2","Potion Belt","Vajra","Boot","Kunai","Tingsha","Runic Dome"],"potions_floor_usage":[],"damage_taken":[{"damage":0.0,"enemies":"2 Louse","floor":1.0,"turns":1.0},{"damage":0.0,"enemies":"Small Slimes","floor":5.0,"turns":1.0},{"damage":0.0,"enemies":"Gremlin Nob","floor":6.0,"turns":1.0},{"damage":4.0,"enemies":"Cultist","floor":8.0,"turns":5.0},{"damage":19.0,"enemies":"3 Sentries","floor":11.0,"turns":8.0},{"damage":6.0,"enemies":"Red Slaver","floor":12.0,"turns":5.0},{"damage":8.0,"enemies":"Gremlin Nob","floor":14.0,"turns":3.0},{"damage":0.0,"enemies":"Hexaghost","floor":16.0,"turns":6.0},{"damage":4.0,"enemies":"2 Thieves","floor":18.0,"turns":4.0},{"damage":26.0,"enemies":"Chosen","floor":20.0,"turns":6.0},{"damage":6,"enemies":"Snake Plant","floor":21,"turns":4}],"seed_played":"-3342253133002983961","potions_obtained":[{"floor":5.0,"key":"EntropicBrew"},{"floor":12.0,"key":"FearPotion"},{"floor":14.0,"key":"Poison Potion"},{"floor":20.0,"key":"Strength Potion"}],"is_trial":false,"path_per_floor":["M","?","?","?","M","E","?","M","T","R","E","M","R","E","R","B",null,"M","?","M","M"],"character_chosen":"THE_SILENT","items_purchased":[],"campfire_rested":0,"item_purchase_floors":[],"current_hp_per_floor":[59,59,59,41,41,41,41,37,37,37,18,12,12,4,4,4,51,47,29,3,0],"gold":498,"neow_bonus":"THREE_ENEMY_KILL","is_prod":false,"is_daily":false,"chose_seed":false,"campfire_upgraded":3,"win_rate":0,"timestamp":1549765679,"path_taken":["M","?","?","?","M","E","?","M","T","R","E","M","R","E","R","BOSS","M","?","?","M"],"build_version":"2019-01-23","purchased_purges":0,"victory":false,"max_hp_per_floor":[66,66,66,66,66,66,66,66,66,66,66,66,66,66,66,66,66,66,66,66,66],"card_choices":[{"not_picked":["Sucker Punch","Blade Dance"],"picked":"Catalyst","floor":1.0},{"not_picked":["Dagger Spray","Flechettes"],"picked":"Noxious Fumes","floor":5.0},{"not_picked":["Dodge and Roll+1","Setup+1","Skewer"],"picked":"SKIP","floor":6.0},{"not_picked":["Dagger Spray","All Out Attack","Deflect+1"],"picked":"SKIP","floor":8.0},{"not_picked":["Dagger Spray","All Out Attack"],"picked":"Deflect+1","floor":8.0},{"not_picked":["Deflect+1","Bane","Finisher"],"picked":"SKIP","floor":11.0},{"not_picked":["Outmaneuver+1","Dash"],"picked":"Prepared+1","floor":12.0},{"not_picked":["Sucker Punch","Deflect+1","Masterful Stab"],"picked":"SKIP","floor":14.0},{"not_picked":["Tools of the Trade","Malaise+1"],"picked":"Adrenaline+1","floor":16.0},{"not_picked":["Crippling Poison+1","Backflip+1"],"picked":"Well Laid Plans","floor":18.0},{"not_picked":["Terror+1","Slice"],"picked":"Blade Dance+1","floor":20.0}],"player_experience":2562453,"relics_obtained":[{"floor":6.0,"key":"Potion Belt"},{"floor":9.0,"key":"Boot"},{"floor":11.0,"key":"Kunai"},{"floor":14.0,"key":"Tingsha"}],"event_choices":[{"cards_removed":["Strike_G"],"damage_healed":0.0,"max_hp_gain":0.0,"max_hp_loss":0.0,"gold_gain":0.0,"event_name":"Living Wall","player_choice":"Forget","floor":2.0,"gold_loss":0.0,"damage_taken":0.0},{"damage_healed":0.0,"max_hp_gain":0.0,"max_hp_loss":0.0,"gold_gain":0.0,"event_name":"Liars Game","player_choice":"Ignored","floor":3.0,"gold_loss":0.0,"damage_taken":0.0},{"damage_healed":0.0,"max_hp_gain":0.0,"max_hp_loss":0.0,"gold_gain":0.0,"event_name":"Scrap Ooze","player_choice":"Success","floor":4.0,"gold_loss":0.0,"damage_taken":18.0,"relics_obtained":["Toxic Egg 2"]},{"damage_healed":0.0,"max_hp_gain":0.0,"max_hp_loss":0.0,"gold_gain":30.0,"event_name":"Dead Adventurer","player_choice":"Searched \u00273\u0027 times","floor":7.0,"gold_loss":0.0,"damage_taken":0.0,"relics_obtained":["Vajra"]},{"damage_healed":0.0,"max_hp_gain":0.0,"max_hp_loss":0.0,"gold_gain":180.0,"event_name":"Knowing Skull","player_choice":"GOLD GOLD ","floor":19.0,"potions_obtained":[],"gold_loss":0.0,"damage_taken":18.0,"cards_obtained":[]}],"is_beta":false,"boss_relics":[{"not_picked":["Cursed Key","Philosopher\u0027s Stone"],"picked":"Runic Dome"}],"items_purged_floors":[],"is_endless":false,"potions_floor_spawned":[5,12,14,20],"killed_by":"Snake Plant","ascension_level":20}