{"gold_per_floor":[118,43,60,76,26,26,38,38,118,118,136,36,64,64,64,167,167,167,42,42,42,42,42,42,42,42,42,42,42,42,18,18,18,18,18,18,18,18,18,18,18,18,18,18,18,18,18,18,18,18],"floor_reached":51,"playtime":1273,"items_purged":["Strike_B","Strike_B","Strike_B"],"score":720,"play_id":"217affd0-c612-4ad0-8a42-9f6b717aecad","local_time":"20190617203135","is_ascension_mode":false,"campfire_choices":[{"data":"Defragment","floor":6.0,"key":"SMITH"},{"data":"Dualcast","floor":8.0,"key":"SMITH"},{"data":"Zap","floor":10.0,"key":"SMITH"},{"data":"Rip and Tear","floor":15.0,"key":"SMITH"},{"data":"Skim","floor":23.0,"key":"SMITH"},{"data":"Coolheaded","floor":32,"key":"SMITH"},{"data":"Gash","floor":40,"key":"SMITH"},{"data":"Gash","floor":44,"key":"SMITH"},{"data":"Glacier","floor":49,"key":"SMITH"}],"neow_cost":"PERCENT_DAMAGE","seed_source_timestamp":29872386012279,"circlet_count":0,"master_deck":["Zap+1","Dualcast+1","Glacier","Skim+1","Defragment+1","Chill+1","Rip and Tear+1","Reboot","Gash+1","Glacier+1","Coolheaded+1","Hologram+1","Gash+1","Steam Power+1"],"special_seed":0,"relics":["Cracked Core","Singing Bowl","War Paint","Ectoplasm","Enchiridion","Ginger","Gremlin Horn","Old Coin","Philosopher\u0027s Stone","Meat on the Bone","Ice Cream"],"potions_floor_usage":[35,50],"damage_taken":[{"damage":1.0,"enemies":"Cultist","floor":1.0,"turns":3.0},{"damage":0.0,"enemies":"2 Louse","floor":3.0,"turns":3.0},{"damage":0.0,"enemies":"Small Slimes","floor":4.0,"turns":4.0},{"damage":4.0,"enemies":"Gremlin Gang","floor":7.0,"turns":3.0},{"damage":4.0,"enemies":"Red Slaver","floor":11.0,"turns":2.0},{"damage":12.0,"enemies":"Gremlin Nob","floor":13.0,"turns":4.0},{"damage":3.0,"enemies":"The Guardian","floor":16.0,"turns":8.0},{"damage":0.0,"enemies":"Spheric Guardian","floor":18.0,"turns":3.0},{"damage":0.0,"enemies":"Chosen","floor":21.0,"turns":3.0},{"damage":2.0,"enemies":"Sentry and Sphere","floor":24.0,"turns":3.0},{"damage":2.0,"enemies":"Colosseum Slavers","floor":25.0,"turns":2.0},{"damage":2.0,"enemies":"Colosseum Nobs","floor":25.0,"turns":4.0},{"damage":0,"enemies":"Snake Plant","floor":29,"turns":4},{"damage":0,"enemies":"Snecko","floor":30,"turns":5},{"damage":0,"enemies":"Champ","floor":33,"turns":6},{"damage":0,"enemies":"3 Darklings","floor":35,"turns":3},{"damage":0,"enemies":"3 Shapes","floor":37,"turns":2},{"damage":0,"enemies":"Transient","floor":39,"turns":5},{"damage":0,"enemies":"Jaw Worm Horde","floor":46,"turns":2},{"damage":0,"enemies":"Maw","floor":47,"turns":4},{"damage":15,"enemies":"Time Eater","floor":50,"turns":8}],"seed_played":"-9065683881737815079","potions_obtained":[{"floor":1.0,"key":"Fire Potion"},{"floor":13.0,"key":"Fire Potion"},{"floor":18.0,"key":"SpeedPotion"},{"floor":25.0,"key":"Fire Potion"},{"floor":35,"key":"EssenceOfSteel"},{"floor":45,"key":"Block Potion"},{"floor":45,"key":"Block Potion"},{"floor":45,"key":"PowerPotion"}],"is_trial":false,"path_per_floor":["M","$","M","M","?","R","M","R","T","R","M","$","E","?","R","B",null,"M","$","?","M","?","R","M","?","T","?","?","M","M","$","R","B",null,"M","?","M","T","M","R","?","$","T","R","?","M","M","$","R","B",null],"character_chosen":"DEFECT","items_purchased":["Coolheaded"],"campfire_rested":0,"item_purchase_floors":[31],"current_hp_per_floor":[53,53,53,53,53,53,49,49,49,49,45,45,35,35,35,32,77,79,79,79,79,63,63,63,61,61,61,61,63,65,65,65,67,89,91,91,91,91,91,91,86,86,86,86,86,88,88,88,88,73],"gold":18,"neow_bonus":"REMOVE_TWO","is_prod":false,"is_daily":false,"chose_seed":false,"campfire_upgraded":9,"win_rate":0,"timestamp":1560774695,"path_taken":["M","$","M","M","?","R","M","R","T","R","M","$","E","?","R","BOSS","M","$","?","M","?","R","M","?","T","?","?","M","?","?","R","BOSS","M","?","M","?","?","R","?","$","T","R","?","M","?","$","R","BOSS"],"build_version":"2019-01-23","purchased_purges":3,"victory":true,"max_hp_per_floor":[75,75,75,75,75,75,75,75,75,75,75,75,77,77,77,77,77,79,79,79,79,79,79,81,83,83,83,83,85,87,87,87,89,89,91,91,91,91,91,91,86,86,86,86,86,88,88,88,88,88],"card_choices":[{"not_picked":["Sweeping Beam","Coolheaded"],"picked":"Glacier","floor":1.0},{"not_picked":["Sweeping Beam","Cold Snap"],"picked":"Skim","floor":3.0},{"not_picked":["Hologram","Blizzard"],"picked":"Defragment","floor":4.0},{"not_picked":["Hologram","Streamline"],"picked":"Chill","floor":7.0},{"not_picked":["Go for the Eyes","Stack"],"picked":"Rip and Tear","floor":11.0},{"not_picked":["Sweeping Beam","Tempest","Double Energy"],"picked":"Singing Bowl","floor":13.0},{"not_picked":["Machine Learning","Hyperbeam"],"picked":"Reboot","floor":16.0},{"not_picked":["Barrage+1","Loop","FTL"],"picked":"Singing Bowl","floor":18.0},{"not_picked":["Streamline","Aggregate"],"picked":"Gash","floor":21.0},{"not_picked":["Sweeping Beam","Compile Driver+1","Rip and Tear"],"picked":"Singing Bowl","floor":24.0},{"not_picked":["Coolheaded","Self Repair","Reinforced Body"],"picked":"Singing Bowl","floor":25.0},{"not_picked":["Steam","Hyperbeam","Ball Lightning"],"picked":"Singing Bowl","floor":29},{"not_picked":["Loop","Recycle","Scrape"],"picked":"Singing Bowl","floor":30},{"not_picked":["Thunder Strike","Reboot","Buffer"],"picked":"Singing Bowl","floor":33},{"not_picked":["Cold Snap","Compile Driver+1","Genetic Algorithm+1"],"picked":"Singing Bowl","floor":35},{"not_picked":["White Noise","Loop"],"picked":"Hologram+1","floor":37},{"not_picked":["Conserve Battery+1","Scrape"],"picked":"Gash","floor":39},{"not_picked":["Ball Lightning","Redo+1","Chill"],"picked":"Singing Bowl","floor":46},{"not_picked":["Lockon","BootSequence+1"],"picked":"Steam Power+1","floor":47}],"player_experience":5363754,"relics_obtained":[{"floor":9.0,"key":"Singing Bowl"},{"floor":13.0,"key":"War Paint"},{"floor":22.0,"key":"Enchiridion"},{"floor":25.0,"key":"Ginger"},{"floor":25.0,"key":"Gremlin Horn"},{"floor":26,"key":"Old Coin"},{"floor":38,"key":"Meat on the Bone"},{"floor":43,"key":"Ice Cream"}],"event_choices":[{"cards_removed":["Defend_B"],"damage_healed":0.0,"max_hp_gain":0.0,"max_hp_loss":0.0,"gold_gain":0.0,"event_name":"The Cleric","player_choice":"Card Removal","floor":5.0,"gold_loss":50.0,"damage_taken":0.0},{"damage_healed":0.0,"max_hp_gain":0.0,"max_hp_loss":0.0,"gold_gain":0.0,"event_name":"Liars Game","player_choice":"Ignored","floor":14.0,"gold_loss":0.0,"damage_taken":0.0},{"damage_healed":0.0,"max_hp_gain":0.0,"max_hp_loss":0.0,"gold_gain":0.0,"event_name":"Beggar","player_choice":"Ignored","floor":20.0,"gold_loss":0.0,"damage_taken":0.0},{"damage_healed":0.0,"max_hp_gain":0.0,"max_hp_loss":0.0,"gold_gain":0.0,"event_name":"Cursed Tome","player_choice":"Obtained Book","floor":22.0,"gold_loss":0.0,"damage_taken":16.0},{"damage_healed":0.0,"max_hp_gain":0.0,"max_hp_loss":0.0,"gold_gain":0.0,"event_name":"Colosseum","player_choice":"Fight","floor":25.0,"gold_loss":0.0,"damage_taken":0.0},{"damage_healed":0.0,"max_hp_gain":0.0,"max_hp_loss":0.0,"gold_gain":0.0,"event_name":"Colosseum","player_choice":"Fought Nobs","floor":25.0,"gold_loss":0.0,"damage_taken":0.0},{"cards_removed":["Defend_B"],"damage_healed":0,"gold_gain":0,"player_choice":"Elegance","damage_taken":0,"max_hp_gain":0,"max_hp_loss":0,"event_name":"Back to Basics","floor":27,"gold_loss":0},{"damage_healed":0,"gold_gain":0,"cards_transformed":["Defend_B"],"player_choice":"Transformed","damage_taken":0,"max_hp_gain":0,"max_hp_loss":0,"event_name":"Transmorgrifier","floor":28,"gold_loss":0,"cards_obtained":["Glacier"]},{"damage_healed":0,"gold_gain":0,"player_choice":"Ignored","damage_taken":0,"max_hp_gain":0,"max_hp_loss":0,"event_name":"Mysterious Sphere","floor":36,"gold_loss":0},{"damage_healed":0,"gold_gain":0,"player_choice":"Max HP","damage_taken":0,"max_hp_gain":0,"max_hp_loss":5,"event_name":"Winding Halls","floor":41,"gold_loss":0},{"damage_healed":0,"gold_gain":0,"player_choice":"Got Potions","damage_taken":0,"max_hp_gain":0,"max_hp_loss":0,"event_name":"Lab","floor":45,"gold_loss":0}],"is_beta":false,"boss_relics":[{"not_picked":["Eternal Feather","Velvet Choker"],"picked":"Ectoplasm"},{"not_picked":["Orrery","Fusion Hammer"],"picked":"Philosopher\u0027s Stone"}],"items_purged_floors":[2,12,19],"is_endless":false,"potions_floor_spawned":[1,13,18,25,29,35,47],"ascension_level":0}