{"gold_per_floor":[114,132,207,53,53,80,80,90,90,119,13,23,23,34,34,34],"floor_reached":16,"playtime":375,"items_purged":["Strike_B","Strike_B"],"score":270,"play_id":"6b1918d6-c1e7-4169-aa88-121ad7044c5a","local_time":"20190315144747","is_ascension_mode":true,"campfire_choices":[{"data":"Consume","floor":7,"key":"SMITH"},{"floor":13,"key":"REST"},{"data":"Dualcast","floor":15,"key":"SMITH"}],"neow_cost":"NONE","seed_source_timestamp":1108823597743501,"circlet_count":0,"master_deck":["AscendersBane","Strike_B","Strike_B","Defend_B","Defend_B","Defend_B","Defend_B","Zap","Dualcast+1","Compile Driver","Auto Shields","Consume+1","Turbo+1","Chill+1","All For One","Coolheaded+1","Cold Snap","Hologram+1"],"relics":["Cracked Core","NeowsBlessing","Toxic Egg 2","Ornamental Fan","Smiling Mask"],"potions_floor_usage":[10,16,16],"damage_taken":[{"damage":0,"enemies":"Cultist","floor":1,"turns":1},{"damage":0,"enemies":"2 Louse","floor":2,"turns":1},{"damage":0,"enemies":"Gremlin Nob","floor":6,"turns":1},{"damage":0,"enemies":"Jaw Worm","floor":8,"turns":2},{"damage":25,"enemies":"3 Sentries","floor":10,"turns":8},{"damage":14,"enemies":"Exordium Wildlife","floor":12,"turns":5},{"damage":11,"enemies":"Large Slime","floor":14,"turns":7},{"damage":15,"enemies":"Slime Boss","floor":16,"turns":3}],"seed_played":"948039734089206212","potions_obtained":[{"floor":1,"key":"Explosive Potion"},{"floor":6,"key":"Dexterity Potion"},{"floor":14,"key":"Explosive Potion"}],"is_trial":false,"path_per_floor":["M","M","?","$","?","E","R","M","T","E","$","M","R","M","R","B"],"character_chosen":"DEFECT","items_purchased":["Consume","Coolheaded+1"],"campfire_rested":1,"item_purchase_floors":[4,11],"current_hp_per_floor":[64,64,53,53,42,42,42,42,42,17,17,3,24,13,13,0],"gold":34,"neow_bonus":"THREE_ENEMY_KILL","is_prod":false,"is_daily":false,"chose_seed":false,"campfire_upgraded":2,"win_rate":0,"timestamp":1552632467,"path_taken":["M","?","?","$","?","E","R","M","T","E","?","?","R","M","R","BOSS"],"build_version":"2019-01-23","purchased_purges":2,"victory":false,"max_hp_per_floor":[71,71,71,71,71,71,71,71,71,71,71,71,71,71,71,71],"card_choices":[{"not_picked":["Undo","Sweeping Beam"],"picked":"Compile Driver","floor":1},{"not_picked":["Go for the Eyes","Rip and Tear"],"picked":"Auto Shields","floor":2},{"not_picked":["Aggregate+1","Auto Shields+1"],"picked":"Turbo+1","floor":6},{"not_picked":["Biased Cognition","Blizzard"],"picked":"Chill+1","floor":8},{"not_picked":["Redo+1","Turbo+1"],"picked":"All For One","floor":10},{"not_picked":["Streamline","Compile Driver"],"picked":"Cold Snap","floor":12},{"not_picked":["Sweeping Beam","Conserve Battery+1"],"picked":"Hologram+1","floor":14}],"player_experience":1191925,"relics_obtained":[{"floor":6,"key":"Ornamental Fan"},{"floor":10,"key":"Smiling Mask"}],"event_choices":[{"damage_healed":0,"gold_gain":75,"player_choice":"Gather Gold","damage_taken":11,"max_hp_gain":0,"max_hp_loss":0,"event_name":"World of Goop","floor":3,"gold_loss":0},{"damage_healed":0,"gold_gain":0,"player_choice":"Success","damage_taken":11,"relics_obtained":["Toxic Egg 2"],"max_hp_gain":0,"max_hp_loss":0,"event_name":"Scrap Ooze","floor":5,"gold_loss":0}],"is_beta":false,"boss_relics":[],"items_purged_floors":[4,11],"is_endless":false,"potions_floor_spawned":[1,6,14],"killed_by":"Slime Boss","ascension_level":20}