{"gold_per_floor":[115,40,40,40,59,87,87,100,175,250,269,269,24,24,24,129,129,142,142,32,43,58,58,72,72,96,115,40,52,52,2,2,101,101,116,126,20,69,86,116,116,143,143,143,143,143,158,7,7,7],"floor_reached":51,"playtime":1562,"items_purged":["Strike_R","Strike_R","Strike_R+1","Bash+1"],"score":778,"play_id":"e0078a06-b67d-4379-81e0-ca3471271b8b","local_time":"20190803123720","is_ascension_mode":false,"campfire_choices":[{"data":"Body Slam","floor":7.0,"key":"SMITH"},{"data":"True Grit","floor":12.0,"key":"SMITH"},{"data":"Rampage","floor":15.0,"key":"SMITH"},{"data":"Dark Embrace","floor":23.0,"key":"SMITH"},{"data":"Armaments","floor":30.0,"key":"SMITH"},{"floor":32.0,"key":"REST"},{"floor":41,"key":"DIG"},{"floor":44,"key":"DIG"},{"floor":46,"key":"DIG"},{"floor":49,"key":"DIG"}],"neow_cost":"NONE","seed_source_timestamp":0,"circlet_count":0,"master_deck":["Defend_R","Defend_R","Defend_R","Defend_R","Rampage+1","Body Slam+1","True Grit+1","Burning Pact","Dark Embrace+1","Pommel Strike+1","Armaments+1","Offering","Battle Trance+1","Flash of Steel","Dual Wield","Flash of Steel"],"special_seed":0,"relics":["Burning Blood","NeowsBlessing","Whetstone","Shuriken","Membership Card","Black Star","Oddly Smooth Stone","Lantern","Coffee Dripper","Shovel","Boot","Pantograph","Anchor","Smiling Mask","Bottled Tornado","PreservedInsect","Blood Vial","Ancient Tea Set","Brimstone","Pen Nib"],"potions_floor_usage":[50,50,50],"damage_taken":[{"damage":0.0,"enemies":"2 Louse","floor":1.0,"turns":1.0},{"damage":0.0,"enemies":"Small Slimes","floor":5.0,"turns":1.0},{"damage":0.0,"enemies":"Gremlin Nob","floor":6.0,"turns":1.0},{"damage":8.0,"enemies":"Jaw Worm","floor":8.0,"turns":3.0},{"damage":0.0,"enemies":"Large Slime","floor":11.0,"turns":4.0},{"damage":48.0,"enemies":"The Guardian","floor":16.0,"turns":9.0},{"damage":17.0,"enemies":"Shell Parasite","floor":18.0,"turns":9.0},{"damage":18.0,"enemies":"Spheric Guardian","floor":21.0,"turns":7.0},{"damage":12.0,"enemies":"Snecko","floor":22.0,"turns":6.0},{"damage":19.0,"enemies":"Centurion and Healer","floor":24.0,"turns":8.0},{"damage":21.0,"enemies":"Sentry and Sphere","floor":27.0,"turns":8.0},{"damage":9.0,"enemies":"Cultist and Chosen","floor":29.0,"turns":8.0},{"damage":29.0,"enemies":"Champ","floor":33.0,"turns":9.0},{"damage":6,"enemies":"3 Darklings","floor":35,"turns":5},{"damage":6,"enemies":"3 Shapes","floor":36,"turns":3},{"damage":20,"enemies":"2 Orb Walkers","floor":38,"turns":3},{"damage":6,"enemies":"3 Darklings","floor":39,"turns":4},{"damage":6,"enemies":"Giant Head","floor":40,"turns":5},{"damage":18,"enemies":"Nemesis","floor":42,"turns":3},{"damage":16,"enemies":"Maw","floor":47,"turns":3},{"damage":50,"enemies":"Time Eater","floor":50,"turns":5}],"seed_played":"3483567614556800084","potions_obtained":[{"floor":6.0,"key":"Strength Potion"},{"floor":8.0,"key":"Poison Potion"},{"floor":11.0,"key":"EssenceOfSteel"},{"floor":27.0,"key":"Swift Potion"},{"floor":29.0,"key":"AttackPotion"},{"floor":42,"key":"Ancient Potion"}],"is_trial":false,"path_per_floor":["M","$","?","?","M","E","R","M","T","?","M","R","$","?","R","B",null,"M","?","$","M","M","R","M","?","T","M","?","M","R","$","R","B",null,"M","M","$","?","M","E","R","E","T","R","?","R","M","$","R","B",null],"character_chosen":"IRONCLAD","items_purchased":["Rampage","Membership Card","Burning Pact","Oddly Smooth Stone","Flash of Steel","Brimstone"],"campfire_rested":1,"item_purchase_floors":[2,13,13,20,37,48],"current_hp_per_floor":[80,80,85,85,85,85,85,83,83,72,78,78,78,78,78,36,85,74,74,74,62,56,56,43,43,43,28,28,25,25,25,50,27,85,85,85,85,71,71,71,71,59,59,59,59,59,51,51,51,34],"gold":7,"neow_bonus":"THREE_ENEMY_KILL","is_prod":false,"is_daily":false,"chose_seed":false,"campfire_upgraded":5,"win_rate":0,"timestamp":1564807040,"path_taken":["M","$","?","?","M","E","R","M","T","?","M","R","?","?","R","BOSS","M","?","$","M","M","R","M","?","T","M","?","?","R","$","R","BOSS","M","M","$","?","M","E","R","E","T","R","?","R","M","$","R","BOSS"],"build_version":"2019-07-17","purchased_purges":4,"victory":true,"max_hp_per_floor":[80,80,85,85,85,85,85,85,85,85,85,85,85,85,85,85,85,85,85,85,85,85,85,85,85,85,85,85,85,85,85,85,85,85,85,85,85,85,85,85,85,85,85,85,85,85,85,85,85,85],"card_choices":[{"not_picked":["Sword Boomerang","Anger","Warcry"],"picked":"SKIP","floor":1.0},{"not_picked":["Sword Boomerang","Reckless Charge"],"picked":"Body Slam","floor":5.0},{"not_picked":["Warcry","Bludgeon","Headbutt"],"picked":"SKIP","floor":6.0},{"not_picked":["Sword Boomerang","Warcry","Pummel"],"picked":"SKIP","floor":8.0},{"not_picked":["True Grit","Warcry","Perfected Strike"],"picked":"SKIP","floor":11.0},{"not_picked":["Warcry","Perfected Strike"],"picked":"True Grit","floor":11.0},{"not_picked":["Limit Break","Bludgeon"],"picked":"Dark Embrace","floor":16.0},{"not_picked":["Perfected Strike+1","Body Slam","Pommel Strike"],"picked":"SKIP","floor":18.0},{"not_picked":["Flex","Iron Wave+1","Thunderclap+1"],"picked":"SKIP","floor":21.0},{"not_picked":["Clash","Dual Wield","Rampage"],"picked":"SKIP","floor":22.0},{"not_picked":["Iron Wave","Shockwave+1"],"picked":"Pommel Strike+1","floor":24.0},{"not_picked":["Warcry","Sword Boomerang","Uppercut+1"],"picked":"SKIP","floor":27.0},{"not_picked":["Wild Strike+1","Thunderclap","Pommel Strike"],"picked":"SKIP","floor":29.0},{"not_picked":["Exhume","Immolate"],"picked":"Offering","floor":33.0},{"not_picked":["Perfected Strike","Cleave"],"picked":"Battle Trance+1","floor":35},{"not_picked":["Warcry","Iron Wave","Flex+1"],"picked":"SKIP","floor":36},{"not_picked":["Flex","Second Wind"],"picked":"Dual Wield","floor":39},{"not_picked":["Pommel Strike+1","Battle Trance+1","Anger"],"picked":"SKIP","floor":40},{"not_picked":["Sword Boomerang","Cleave+1","Clash+1"],"picked":"SKIP","floor":42},{"not_picked":["Warcry","Double Tap","Clash+1"],"picked":"SKIP","floor":47}],"player_experience":715420,"relics_obtained":[{"floor":6.0,"key":"Whetstone"},{"floor":9.0,"key":"Shuriken"},{"floor":26.0,"key":"Lantern"},{"floor":38,"key":"Shovel"},{"floor":40,"key":"Boot"},{"floor":40,"key":"Pantograph"},{"floor":41,"key":"Anchor"},{"floor":42,"key":"Smiling Mask"},{"floor":42,"key":"Bottled Tornado"},{"floor":43,"key":"PreservedInsect"},{"floor":44,"key":"Blood Vial"},{"floor":46,"key":"Ancient Tea Set"},{"floor":49,"key":"Pen Nib"}],"event_choices":[{"damage_healed":0.0,"max_hp_gain":5.0,"max_hp_loss":0.0,"gold_gain":0.0,"event_name":"Big Fish","player_choice":"Donut","floor":3.0,"gold_loss":0.0,"damage_taken":0.0},{"damage_healed":0.0,"max_hp_gain":0.0,"max_hp_loss":0.0,"gold_gain":0.0,"event_name":"The Cleric","player_choice":"Leave","floor":4.0,"gold_loss":0.0,"damage_taken":0.0},{"damage_healed":0.0,"max_hp_gain":0.0,"max_hp_loss":0.0,"gold_gain":75.0,"event_name":"World of Goop","player_choice":"Gather Gold","floor":10.0,"gold_loss":0.0,"damage_taken":11.0},{"damage_healed":0.0,"max_hp_gain":0.0,"max_hp_loss":0.0,"gold_gain":0.0,"event_name":"Liars Game","player_choice":"Ignored","floor":14.0,"gold_loss":0.0,"damage_taken":0.0},{"cards_removed":["Strike_R"],"damage_healed":0.0,"max_hp_gain":0.0,"max_hp_loss":0.0,"gold_gain":0.0,"event_name":"Back to Basics","player_choice":"Elegance","floor":19.0,"gold_loss":0.0,"damage_taken":0.0},{"damage_healed":0.0,"max_hp_gain":0.0,"max_hp_loss":0.0,"gold_gain":0.0,"event_name":"The Library","player_choice":"Read","floor":25.0,"gold_loss":0.0,"damage_taken":0.0,"cards_obtained":["Armaments"]},{"cards_removed":["Strike_R"],"damage_healed":0.0,"max_hp_gain":0.0,"max_hp_loss":0.0,"gold_gain":0.0,"event_name":"Beggar","player_choice":"Gave Gold","floor":28.0,"gold_loss":75.0,"damage_taken":0.0},{"damage_healed":0,"gold_gain":0,"player_choice":"Fight","damage_taken":0,"max_hp_gain":0,"max_hp_loss":0,"event_name":"Mysterious Sphere","floor":38,"gold_loss":0},{"damage_healed":0,"gold_gain":0,"player_choice":"Copied","damage_taken":0,"max_hp_gain":0,"max_hp_loss":0,"event_name":"Duplicator","floor":45,"gold_loss":0,"cards_obtained":["Flash of Steel"]}],"is_beta":false,"boss_relics":[{"not_picked":["Cursed Key","Snecko Eye"],"picked":"Black Star"},{"not_picked":["Tiny House","Orrery"],"picked":"Coffee Dripper"}],"items_purged_floors":[20,31,37,48],"is_endless":false,"potions_floor_spawned":[6,8,11,22,27,29,35,36,39,42],"ascension_level":0}