{"gold_per_floor":[118,43,56,68,68,68,68,68,95,108,125,144,144,157,157,256,256,273,273,285,285,298,298,333,348,348,348,360,360],"floor_reached":29,"playtime":779,"items_purged":["Strike_R"],"score":409,"play_id":"f7b4a7bc-b856-4e16-a6d8-989deaa0a981","local_time":"20181010134356","is_ascension_mode":true,"campfire_choices":[{"data":"Flex","floor":6,"key":"SMITH"},{"data":"Cleave","floor":8,"key":"SMITH"},{"data":"Limit Break","floor":13,"key":"SMITH"},{"data":"Spot Weakness","floor":15,"key":"SMITH"},{"floor":23,"key":"REST"},{"floor":27,"key":"REST"}],"neow_cost":"NONE","seed_source_timestamp":19232165970043,"circlet_count":0,"master_deck":["Strike_R","Strike_R","Strike_R+1","Defend_R","Defend_R","Defend_R","Defend_R","Bash","AscendersBane","Cleave+1","Flex+1","Limit Break+1","Spot Weakness+1","Inflame","Limit Break","Heavy Blade+1","Shrug It Off","Power Through","Doubt"],"relics":["Burning Blood","Oddly Smooth Stone","Bronze Scales","Cursed Key","Whetstone","Boot"],"potions_floor_usage":[16,19,22,22],"damage_taken":[{"damage":8,"enemies":"2 Louse","floor":1,"turns":3},{"damage":0,"enemies":"Cultist","floor":3,"turns":3},{"damage":18,"enemies":"Small Slimes","floor":4,"turns":4},{"damage":14,"enemies":"Blue Slaver","floor":10,"turns":3},{"damage":0,"enemies":"2 Fungi Beasts","floor":11,"turns":2},{"damage":20,"enemies":"Large Slime","floor":12,"turns":6},{"damage":18,"enemies":"Exordium Wildlife","floor":14,"turns":4},{"damage":25,"enemies":"The Guardian","floor":16,"turns":8},{"damage":21,"enemies":"Shell Parasite","floor":18,"turns":3},{"damage":0,"enemies":"Colosseum Slavers","floor":19,"turns":1},{"damage":14,"enemies":"Spheric Guardian","floor":20,"turns":4},{"damage":14,"enemies":"Snake Plant","floor":22,"turns":3},{"damage":42,"enemies":"Gremlin Leader","floor":24,"turns":7},{"damage":25,"enemies":"Snecko","floor":25,"turns":5},{"damage":29,"enemies":"Sentry and Sphere","floor":28,"turns":4},{"damage":24,"enemies":"3 Cultists","floor":29,"turns":4}],"seed_played":"-5880937109821806992","potions_obtained":[{"floor":4,"key":"EssenceOfSteel"},{"floor":12,"key":"Regen Potion"},{"floor":14,"key":"SmokeBomb"},{"floor":18,"key":"LiquidBronze"},{"floor":20,"key":"SkillPotion"}],"is_trial":false,"path_per_floor":["M","$","M","M","?","R","?","R","T","M","M","M","R","M","R","B",null,"M","?","M","?","M","R","E","M","T","R","M"],"character_chosen":"IRONCLAD","items_purchased":[],"campfire_rested":2,"item_purchase_floors":[],"current_hp_per_floor":[70,70,76,64,64,64,69,69,69,61,67,53,53,41,41,37,73,58,64,56,56,48,73,37,18,18,43,20,0],"gold":360,"neow_bonus":"RANDOM_COMMON_RELIC","is_prod":false,"is_daily":false,"chose_seed":false,"campfire_upgraded":4,"win_rate":0,"timestamp":1539150236,"path_taken":["M","$","M","M","?","R","?","R","T","M","M","M","R","M","R","BOSS","M","?","M","?","M","R","E","M","T","R","M","?"],"build_version":"2018-10-04v2","purchased_purges":1,"victory":false,"max_hp_per_floor":[80,80,80,80,80,80,85,85,85,85,85,85,85,85,85,85,85,85,85,85,85,85,85,85,85,85,85,85,85],"card_choices":[{"not_picked":["Rupture","Body Slam"],"picked":"Cleave","floor":1},{"not_picked":["Armaments","Wild Strike"],"picked":"Flex","floor":3},{"not_picked":["Rage","Perfected Strike","Anger"],"picked":"SKIP","floor":4},{"not_picked":["Headbutt","Anger"],"picked":"Limit Break","floor":10},{"not_picked":["Seeing Red","Second Wind","Heavy Blade"],"picked":"SKIP","floor":11},{"not_picked":["Iron Wave","Clothesline"],"picked":"Spot Weakness","floor":12},{"not_picked":["Ghostly Armor","Iron Wave"],"picked":"Inflame","floor":14},{"not_picked":["Impervious","Dark Embrace"],"picked":"Limit Break","floor":16},{"not_picked":["Clothesline","Searing Blow","Pommel Strike"],"picked":"SKIP","floor":18},{"not_picked":["Corruption","Second Wind"],"picked":"Heavy Blade","floor":20},{"not_picked":["Perfected Strike","Sword Boomerang","Feel No Pain"],"picked":"SKIP","floor":22},{"not_picked":["Perfected Strike","Armaments+1"],"picked":"Shrug It Off","floor":24},{"not_picked":["Iron Wave","Clothesline"],"picked":"Power Through","floor":25},{"not_picked":["Entrench","Anger","Clash"],"picked":"SKIP","floor":28}],"player_experience":85658,"relics_obtained":[{"floor":9,"key":"Bronze Scales"},{"floor":24,"key":"Whetstone"},{"floor":26,"key":"Boot"}],"event_choices":[{"event_name":"Purifier","player_choice":"One Purge","floor":5,"damage_taken":0},{"event_name":"Big Fish","player_choice":"Donut","floor":7,"damage_taken":0},{"event_name":"Colosseum","player_choice":"Fight","floor":19,"damage_taken":0},{"event_name":"Colosseum","player_choice":"Fled From Nobs","floor":19,"damage_taken":0},{"event_name":"Match and Keep!","player_choice":"0 cards matched","floor":21,"damage_taken":0}],"is_beta":false,"boss_relics":[{"not_picked":["Coffee Dripper","Tiny House"],"picked":"Cursed Key"}],"items_purged_floors":[2],"is_endless":false,"potions_floor_spawned":[4,12,14,18,20],"killed_by":"3 Cultists","ascension_level":11}