{"gold_per_floor":[119,4,4,21,21,31,31,51,74,74,74,98,98,98,98,98],"floor_reached":16,"playtime":333,"items_purged":["Strike_B"],"score":176,"play_id":"3335d7cd-fea7-4457-9a8a-8b8c0ad7813c","local_time":"20181219205103","is_ascension_mode":true,"campfire_choices":[{"data":"Capacitor","floor":7,"key":"SMITH"},{"data":"Zap","floor":10,"key":"SMITH"},{"data":"Go for the Eyes","floor":15,"key":"SMITH"}],"neow_cost":"TEN_PERCENT_HP_LOSS","seed_source_timestamp":1996729783275,"circlet_count":0,"master_deck":["AscendersBane","Strike_B","Strike_B","Defend_B","Defend_B","Zap+1","Dualcast","Self Repair","Capacitor+1","Go for the Eyes+1","Self Repair","Gash+1"],"special_seed":0,"relics":["Cracked Core","Juzu Bracelet","Golden Idol"],"potions_floor_usage":[16],"damage_taken":[{"damage":1.0,"enemies":"Cultist","floor":1.0,"turns":4.0},{"damage":4,"enemies":"Jaw Worm","floor":4,"turns":5},{"damage":8,"enemies":"Small Slimes","floor":6,"turns":3},{"damage":23,"enemies":"Exordium Wildlife","floor":8,"turns":6},{"damage":21,"enemies":"Lots of Slimes","floor":12,"turns":5},{"damage":21,"enemies":"Hexaghost","floor":16,"turns":5}],"seed_played":"-2847815521519430157","potions_obtained":[{"floor":8,"key":"PowerPotion"}],"is_trial":false,"path_per_floor":["M","$","?","M","T","M","R","M","T","R","?","M","?","?","R","B"],"character_chosen":"DEFECT","items_purchased":["Capacitor"],"campfire_rested":0,"item_purchase_floors":[2],"current_hp_per_floor":[63,63,63,64,64,63,63,47,47,47,25,18,18,18,18,0],"gold":98,"neow_bonus":"REMOVE_TWO","is_prod":false,"is_daily":false,"chose_seed":false,"campfire_upgraded":3,"win_rate":0,"timestamp":1545223863,"path_taken":["M","$","?","M","?","M","R","?","T","R","?","M","?","?","R","BOSS"],"build_version":"2018-12-13","purchased_purges":1,"victory":false,"max_hp_per_floor":[64,64,64,64,64,64,64,64,64,64,64,64,64,64,64,64],"card_choices":[{"not_picked":["Stack","Redo"],"picked":"Self Repair","floor":1.0},{"not_picked":["Barrage","BootSequence","Sweeping Beam"],"picked":"SKIP","floor":4},{"not_picked":["Skim","Darkness"],"picked":"Go for the Eyes","floor":6},{"not_picked":["Undo","Coolheaded"],"picked":"Self Repair","floor":8},{"not_picked":["Sweeping Beam","Barrage"],"picked":"Gash","floor":12}],"player_experience":1387266,"relics_obtained":[{"floor":9,"key":"Juzu Bracelet"}],"event_choices":[{"cards_removed":["Defend_B"],"damage_healed":0,"gold_gain":0,"player_choice":"Forget","damage_taken":0,"max_hp_gain":0,"max_hp_loss":0,"event_name":"Living Wall","floor":3,"gold_loss":0},{"damage_healed":0,"gold_gain":0,"player_choice":"Take Damage","damage_taken":22,"relics_obtained":["Golden Idol"],"max_hp_gain":0,"max_hp_loss":0,"event_name":"Golden Idol","floor":11,"gold_loss":0},{"damage_healed":0,"gold_gain":0,"player_choice":"Upgraded","damage_taken":0,"max_hp_gain":0,"max_hp_loss":0,"event_name":"Upgrade Shrine","floor":13,"gold_loss":0,"cards_upgraded":["Gash"]},{"damage_healed":0,"gold_gain":0,"player_choice":"Ignored","damage_taken":0,"max_hp_gain":0,"max_hp_loss":0,"event_name":"Liars Game","floor":14,"gold_loss":0}],"is_beta":false,"boss_relics":[],"items_purged_floors":[2],"is_endless":false,"potions_floor_spawned":[8],"killed_by":"Hexaghost","ascension_level":19}