{"gold_per_floor":[112,129,141,66,80,80,80,80,105,30,30,47,73,87,87,164,164,178,191,21,21,36,36,50,61,61,95,95,95,95,114,114,188,188,203,217,217,17,32,66,66,101,126,126,142,142,542,560,560,560,560,560,16,50,50],"floor_reached":56,"playtime":3366,"items_purged":["Decay","Unload","Catalyst","Poisoned Stab"],"score":2376,"play_id":"c6855998-44ff-438d-b8d8-8e86ea7769a3","local_time":"20190215132535","is_ascension_mode":true,"campfire_choices":[{"data":"Neutralize","floor":6,"key":"SMITH"},{"data":"Masterful Stab","floor":11,"key":"SMITH"},{"data":"Malaise","floor":15,"key":"SMITH"},{"data":"Tactician","floor":23,"key":"SMITH"},{"data":"Calculated Gamble","floor":28,"key":"SMITH"},{"data":"Reflex","floor":32,"key":"SMITH"},{"data":"Footwork","floor":41,"key":"SMITH"},{"data":"Acrobatics","floor":44,"key":"SMITH"},{"data":"After Image","floor":46,"key":"SMITH"},{"floor":49,"key":"RECALL"},{"data":"Adrenaline","floor":52,"key":"SMITH"}],"neow_cost":"NONE","seed_source_timestamp":235729598104875,"circlet_count":0,"master_deck":["AscendersBane","Survivor","Neutralize+1","Catalyst","Masterful Stab+1","Malaise+1","After Image+1","Backstab+1","Unload","Expertise","Reflex+1","Heel Hook+1","Acrobatics+1","Backflip","Tactician+1","Deflect+1","Calculated Gamble+1","Adrenaline+1","Footwork+1","Grand Finale","PiercingWail+1","Blur","Escape Plan"],"relics":["Ring of the Snake","NeowsBlessing","Orichalcum","Happy Flower","Pandora\u0027s Box","Art of War","Black Star","Lantern","Centennial Puzzle","Strawberry","Pen Nib","Blood Vial","Old Coin","OrangePellets","Whetstone","Kunai","Blue Candle"],"potions_floor_usage":[13,48],"damage_taken":[{"damage":0,"enemies":"Small Slimes","floor":1,"turns":1},{"damage":0,"enemies":"2 Louse","floor":2,"turns":1},{"damage":0,"enemies":"Cultist","floor":3,"turns":1},{"damage":1,"enemies":"3 Louse","floor":5,"turns":3},{"damage":0,"enemies":"Looter","floor":12,"turns":3},{"damage":56,"enemies":"Lagavulin","floor":13,"turns":15},{"damage":0,"enemies":"Exordium Wildlife","floor":14,"turns":4},{"damage":0,"enemies":"The Guardian","floor":16,"turns":15},{"damage":5,"enemies":"2 Thieves","floor":18,"turns":4},{"damage":10,"enemies":"Chosen","floor":19,"turns":5},{"damage":7,"enemies":"Snake Plant","floor":22,"turns":4},{"damage":5,"enemies":"Shelled Parasite and Fungi","floor":24,"turns":5},{"damage":0,"enemies":"Snecko","floor":25,"turns":5},{"damage":0,"enemies":"Gremlin Leader","floor":27,"turns":7},{"damage":0,"enemies":"Centurion and Healer","floor":31,"turns":5},{"damage":0,"enemies":"Champ","floor":33,"turns":8},{"damage":3,"enemies":"3 Darklings","floor":35,"turns":8},{"damage":0,"enemies":"Orb Walker","floor":36,"turns":3},{"damage":0,"enemies":"Spire Growth","floor":39,"turns":3},{"damage":0,"enemies":"Reptomancer","floor":40,"turns":6},{"damage":0,"enemies":"Nemesis","floor":42,"turns":7},{"damage":0,"enemies":"Sphere and 2 Shapes","floor":45,"turns":3},{"damage":0,"enemies":"Mind Bloom Boss Battle","floor":47,"turns":4},{"damage":15,"enemies":"Transient","floor":48,"turns":5},{"damage":29,"enemies":"Time Eater","floor":50,"turns":13},{"damage":36,"enemies":"Shield and Spear","floor":54,"turns":8},{"damage":1,"enemies":"The Heart","floor":55,"turns":13}],"seed_played":"-2262358219829336700","potions_obtained":[{"floor":5,"key":"Weak Potion"},{"floor":13,"key":"SteroidPotion"},{"floor":14,"key":"SteroidPotion"},{"floor":47,"key":"GamblersBrew"}],"is_trial":false,"path_per_floor":["M","M","M","?","M","R","?","?","T","$","R","M","E","M","R","B",null,"M","M","$","?","M","R","M","M","T","E","R","?","$","M","R","B",null,"M","M","?","$","M","E","R","E","T","R","M","R","?","M","R","B",null,"R","$","E","B",null],"character_chosen":"THE_SILENT","items_purchased":["Tactician","Blur","OrangePellets","Whetstone","Fire Potion"],"campfire_rested":0,"item_purchase_floors":[20,38,53,53,53],"current_hp_per_floor":[59,59,59,59,58,58,58,58,58,58,58,58,2,2,2,2,50,45,35,35,35,28,28,23,23,23,23,23,23,23,23,23,23,55,52,52,52,52,52,52,52,59,59,59,61,61,63,50,50,23,58,58,58,24,25],"gold":50,"neow_bonus":"THREE_ENEMY_KILL","is_prod":false,"is_daily":false,"chose_seed":false,"campfire_upgraded":10,"win_rate":0,"timestamp":1550208335,"path_taken":["M","M","M","?","M","R","?","?","T","$","R","M","E","?","R","BOSS","M","M","$","?","M","R","M","M","T","E","R","?","$","M","R","BOSS","M","M","?","$","M","E","R","E","T","R","M","R","?","M","R","BOSS","R","$","E","BOSS"],"build_version":"2019-01-23","purchased_purges":4,"victory":true,"max_hp_per_floor":[66,66,66,66,66,66,66,66,66,66,66,66,66,66,66,66,66,66,66,66,66,66,66,66,66,66,66,66,66,66,66,66,66,66,66,66,63,63,63,63,63,70,70,70,70,70,70,70,70,70,70,70,70,70,70],"card_choices":[{"not_picked":["Dodge and Roll","PiercingWail"],"picked":"Catalyst","floor":1},{"not_picked":["Expertise","Terror","Blade Dance"],"picked":"SKIP","floor":2},{"not_picked":["Choke","Eviscerate"],"picked":"Masterful Stab","floor":3},{"not_picked":["Dagger Throw","Sucker Punch","Underhanded Strike"],"picked":"SKIP","floor":5},{"not_picked":["Choke","Prepared","Blade Dance"],"picked":"SKIP","floor":12},{"not_picked":["Outmaneuver","Backflip"],"picked":"Malaise","floor":13},{"not_picked":["Bane","Cloak And Dagger","Prepared"],"picked":"SKIP","floor":14},{"not_picked":["Malaise","Tools of the Trade"],"picked":"After Image","floor":16},{"not_picked":["Dodge and Roll","Deflect"],"picked":"Acrobatics","floor":18},{"not_picked":["Deflect","Dodge and Roll"],"picked":"Backflip","floor":19},{"not_picked":["Prepared","PiercingWail+1"],"picked":"Deflect+1","floor":22},{"not_picked":["Acrobatics","Underhanded Strike+1"],"picked":"Calculated Gamble","floor":24},{"not_picked":["Outmaneuver","Choke"],"picked":"Adrenaline","floor":25},{"not_picked":["Masterful Stab","Flechettes"],"picked":"Footwork","floor":27},{"not_picked":["Blade Dance","Sucker Punch","Poisoned Stab"],"picked":"SKIP","floor":31},{"not_picked":["Malaise","Envenom"],"picked":"Grand Finale","floor":33},{"not_picked":["Deflect","Masterful Stab"],"picked":"PiercingWail+1","floor":35},{"not_picked":["Underhanded Strike+1","Dodge and Roll","Masterful Stab"],"picked":"SKIP","floor":36},{"not_picked":["All Out Attack+1","Backflip"],"picked":"Escape Plan","floor":39},{"not_picked":["Riddle With Holes","Caltrops","Flying Knee+1"],"picked":"SKIP","floor":40},{"not_picked":["Outmaneuver+1","Noxious Fumes","Infinite Blades+1"],"picked":"SKIP","floor":42},{"not_picked":["Setup","Bane","Calculated Gamble"],"picked":"SKIP","floor":45},{"not_picked":["Dash","Calculated Gamble","Finisher"],"picked":"SKIP","floor":48},{"not_picked":["Acrobatics","Dagger Throw","Reflex+1"],"picked":"SKIP","floor":54}],"player_experience":765074,"relics_obtained":[{"floor":9,"key":"Orichalcum"},{"floor":13,"key":"Happy Flower"},{"floor":27,"key":"Art of War"},{"floor":40,"key":"Lantern"},{"floor":40,"key":"Centennial Puzzle"},{"floor":42,"key":"Strawberry"},{"floor":42,"key":"Pen Nib"},{"floor":43,"key":"Blood Vial"},{"floor":47,"key":"Old Coin"},{"floor":54,"key":"Kunai"},{"floor":54,"key":"Blue Candle"}],"event_choices":[{"cards_removed":["Strike_G"],"damage_healed":0,"gold_gain":0,"player_choice":"Card Removal","damage_taken":0,"max_hp_gain":0,"max_hp_loss":0,"event_name":"The Cleric","floor":4,"gold_loss":75},{"damage_healed":0,"gold_gain":0,"cards_transformed":["Strike_G"],"player_choice":"Change","damage_taken":0,"max_hp_gain":0,"max_hp_loss":0,"event_name":"Living Wall","floor":7,"gold_loss":0,"cards_obtained":["Unload"]},{"damage_healed":0,"gold_gain":0,"player_choice":"Cursed","damage_taken":0,"max_hp_gain":0,"max_hp_loss":0,"event_name":"Wheel of Change","floor":8,"gold_loss":0,"cards_obtained":["Decay"]},{"cards_removed":["All Out Attack"],"damage_healed":0,"gold_gain":0,"player_choice":"Elegance","damage_taken":0,"max_hp_gain":0,"max_hp_loss":0,"event_name":"Back to Basics","floor":21,"gold_loss":0},{"damage_healed":0,"gold_gain":0,"player_choice":"Ignored","damage_taken":0,"max_hp_gain":0,"max_hp_loss":0,"event_name":"Cursed Tome","floor":29,"gold_loss":0},{"damage_healed":0,"gold_gain":0,"player_choice":"Max HP","damage_taken":0,"max_hp_gain":0,"max_hp_loss":3,"event_name":"Winding Halls","floor":37,"gold_loss":0},{"damage_healed":0,"gold_gain":0,"player_choice":"Fight","damage_taken":0,"max_hp_gain":0,"max_hp_loss":0,"event_name":"MindBloom","floor":47,"gold_loss":0}],"is_beta":false,"boss_relics":[{"not_picked":["Busted Crown","Ring of the Serpent"],"picked":"Pandora\u0027s Box"},{"not_picked":["HoveringKite","Eternal Feather"],"picked":"Black Star"}],"items_purged_floors":[10,20,38,53],"is_endless":false,"potions_floor_spawned":[5,13,14,16,19,22,25,33,40,45,47,54],"ascension_level":15}