{"gold_per_floor":[110,29,49,59,73,73,98,98,152,152,152,171,246,259,259,259],"floor_reached":16,"playtime":445,"items_purged":[],"score":204,"play_id":"27b8124f-67cf-47d2-a786-43b42b77b35d","local_time":"20190122150315","is_ascension_mode":true,"campfire_choices":[{"data":"Searing Blow","floor":6,"key":"SMITH"},{"data":"Searing Blow+1","floor":8,"key":"SMITH"},{"data":"Searing Blow+2","floor":10,"key":"SMITH"},{"data":"Searing Blow+3","floor":15,"key":"SMITH"}],"neow_cost":"NONE","seed_source_timestamp":16985475264621,"circlet_count":0,"master_deck":["AscendersBane","Strike_R","Strike_R","Strike_R","Strike_R","Defend_R","Defend_R","Defend_R","Defend_R","Bash","Searing Blow+4","Shrug It Off","Evolve"],"relics":["Burning Blood","Anchor","Dodecahedron","Lantern"],"potions_floor_usage":[5,7],"damage_taken":[{"damage":1,"enemies":"Cultist","floor":1,"turns":3},{"damage":2,"enemies":"Jaw Worm","floor":3,"turns":3},{"damage":0,"enemies":"2 Louse","floor":4,"turns":3},{"damage":14,"enemies":"Exordium Wildlife","floor":5,"turns":5},{"damage":37,"enemies":"3 Sentries","floor":7,"turns":10},{"damage":8,"enemies":"Red Slaver","floor":12,"turns":4},{"damage":11,"enemies":"Large Slime","floor":14,"turns":8},{"damage":12,"enemies":"Hexaghost","floor":16,"turns":7}],"seed_played":"8147998021106673058","potions_obtained":[{"floor":3,"key":"Poison Potion"},{"floor":4,"key":"GamblersBrew"}],"is_trial":false,"path_per_floor":["M","$","M","M","M","R","E","R","T","R","?","M","?","M","R","B"],"character_chosen":"IRONCLAD","items_purchased":["Searing Blow"],"campfire_rested":0,"item_purchase_floors":[2],"current_hp_per_floor":[73,73,75,75,67,67,36,36,36,36,29,27,16,11,11,0],"gold":259,"neow_bonus":"RANDOM_COMMON_RELIC","is_prod":false,"is_daily":false,"chose_seed":false,"campfire_upgraded":4,"win_rate":0,"timestamp":1548140595,"path_taken":["M","$","M","M","?","R","E","R","T","R","?","M","?","?","R","BOSS"],"build_version":"2019-01-17v2","purchased_purges":0,"victory":false,"max_hp_per_floor":[75,75,75,75,75,75,75,75,75,75,75,75,75,75,75,75],"card_choices":[{"not_picked":["Cleave","Clothesline","Seeing Red"],"picked":"SKIP","floor":1},{"not_picked":["Headbutt","Flex"],"picked":"Shrug It Off","floor":3},{"not_picked":["Warcry","Headbutt","Pommel Strike"],"picked":"SKIP","floor":4},{"not_picked":["Armaments","Reckless Charge","Warcry"],"picked":"SKIP","floor":5},{"not_picked":["Combust","Thunderclap"],"picked":"Evolve","floor":7},{"not_picked":["Feel No Pain","Disarm","Sever Soul"],"picked":"SKIP","floor":12},{"not_picked":["Clash","Clothesline","Demon Form"],"picked":"SKIP","floor":14}],"player_experience":2135367,"relics_obtained":[{"floor":7,"key":"Dodecahedron"},{"floor":9,"key":"Lantern"}],"event_choices":[{"cards_removed":["Strike_R"],"damage_healed":0,"gold_gain":0,"player_choice":"Card Removal","damage_taken":7,"max_hp_gain":0,"max_hp_loss":0,"event_name":"Golden Wing","floor":11,"gold_loss":0},{"damage_healed":0,"gold_gain":75,"player_choice":"Gather Gold","damage_taken":11,"max_hp_gain":0,"max_hp_loss":0,"event_name":"World of Goop","floor":13,"gold_loss":0}],"is_beta":false,"boss_relics":[],"items_purged_floors":[],"is_endless":false,"potions_floor_spawned":[3,4],"killed_by":"Hexaghost","ascension_level":20}