{"gold_per_floor":[118,118,118,118,132,132,132,132,156,156,306,306,18,36,36,115,115,131,131,151,51,51,51,326,326,351,368,368,17,17,37,37,110,110,123,48,48,48,61,61],"floor_reached":40,"playtime":1763,"items_purged":["Doubt","Strike_B","Regret"],"score":736,"play_id":"4eac76ee-3faa-484f-be98-13574fea309f","local_time":"20190108185059","is_ascension_mode":true,"campfire_choices":[{"data":"Streamline","floor":6.0,"key":"SMITH"},{"data":"Buffer","floor":8.0,"key":"SMITH"},{"data":"Dualcast","floor":10.0,"key":"SMITH"},{"data":"Zap","floor":12.0,"key":"SMITH"},{"data":"Defragment","floor":15.0,"key":"SMITH"},{"data":"RitualDagger","floor":23.0,"key":"SMITH"},{"data":"Malaise","floor":25.0,"key":"SMITH"},{"data":"Self Repair","floor":28.0,"key":"SMITH"},{"floor":30.0,"key":"RECALL"},{"data":"Go for the Eyes","floor":32.0,"key":"SMITH"}],"neow_cost":"NONE","seed_source_timestamp":24309643205237,"circlet_count":0,"master_deck":["AscendersBane","Defend_B","Defend_B","Zap+1","Dualcast+1","Buffer+1","Leap","BootSequence","Streamline+1","Defragment+1","Malaise+1","RitualDagger+1","PiercingWail","Self Repair+1","Go for the Eyes+1","Grand Finale","Biased Cognition+1","Steam Power+1","Beam Cell+1","Undo","Capacitor","Flash of Steel","Flash of Steel","Acrobatics"],"special_seed":0,"relics":["FrozenCore","Juzu Bracelet","PrismaticShard","Runic Capacitor","Astrolabe"],"potions_floor_usage":[40],"damage_taken":[{"damage":1.0,"enemies":"Cultist","floor":1.0,"turns":4.0},{"damage":0.0,"enemies":"2 Louse","floor":5.0,"turns":3.0},{"damage":0.0,"enemies":"Small Slimes","floor":14.0,"turns":3.0},{"damage":5.0,"enemies":"The Guardian","floor":16.0,"turns":9.0},{"damage":0.0,"enemies":"Shell Parasite","floor":18.0,"turns":11.0},{"damage":4.0,"enemies":"Chosen","floor":20.0,"turns":12.0},{"damage":26.0,"enemies":"Snecko","floor":27.0,"turns":11.0},{"damage":0.0,"enemies":"Snake Plant","floor":31.0,"turns":6.0},{"damage":34.0,"enemies":"Champ","floor":33.0,"turns":21.0},{"damage":0.0,"enemies":"3 Darklings","floor":35.0,"turns":7.0},{"damage":4.0,"enemies":"Orb Walker","floor":39.0,"turns":6.0},{"damage":8,"enemies":"Nemesis","floor":40,"turns":11}],"seed_played":"5163180645167214714","potions_obtained":[{"floor":1.0,"key":"Swift Potion"},{"floor":14.0,"key":"Poison Potion"},{"floor":20.0,"key":"Poison Potion"},{"floor":27.0,"key":"Dexterity Potion"},{"floor":39.0,"key":"GamblersBrew"}],"is_trial":false,"path_per_floor":["M","?","?","?","M","R","?","R","T","R","?","R","$","M","R","B",null,"M","?","M","$","?","R","?","R","T","M","R","$","R","M","R","B",null,"M","$","?","?","M","E"],"character_chosen":"DEFECT","items_purchased":["PrismaticShard","Runic Capacitor","Capacitor"],"campfire_rested":0,"item_purchase_floors":[13,29,36],"current_hp_per_floor":[63,63,63,68,68,68,61,61,61,61,61,61,61,61,61,56,71,71,65,61,61,61,61,61,61,61,42,42,42,42,52,52,28,64,74,74,64,64,70,62],"gold":61,"neow_bonus":"ONE_RANDOM_RARE_CARD","is_prod":false,"is_daily":false,"chose_seed":false,"campfire_upgraded":9,"win_rate":0,"timestamp":1546944659,"path_taken":["M","?","?","?","M","R","?","R","T","R","?","R","$","M","R","BOSS","M","?","M","$","?","R","?","R","T","M","R","$","R","M","R","BOSS","M","$","?","?","M","E"],"build_version":"2019-01-03v4","purchased_purges":3,"victory":false,"max_hp_per_floor":[71,71,71,76,76,76,76,76,76,76,76,76,76,76,76,76,76,76,76,76,76,76,76,76,76,76,76,76,76,76,76,76,76,76,76,76,76,76,76,76],"card_choices":[{"not_picked":["Storm","Steam Power","Leap"],"picked":"SKIP","floor":1.0},{"not_picked":["Storm","Steam Power"],"picked":"Leap","floor":1.0},{"not_picked":["Redo","Barrage"],"picked":"Streamline","floor":5.0},{"not_picked":["Slice","Scrape"],"picked":"Defragment","floor":14.0},{"not_picked":["Thunder Strike","Magnetism"],"picked":"Malaise","floor":16.0},{"not_picked":["Skewer","Tactician","Heavy Blade"],"picked":"SKIP","floor":18.0},{"not_picked":["Bane+1","Sentinel"],"picked":"PiercingWail","floor":20.0},{"not_picked":["Anger","Iron Wave","Underhanded Strike"],"picked":"SKIP","floor":27.0},{"not_picked":["Bandage Up","Flame Barrier"],"picked":"Go for the Eyes","floor":31.0},{"not_picked":["Berserk","Multi-Cast"],"picked":"Grand Finale","floor":33.0},{"not_picked":["Ball Lightning","Coolheaded"],"picked":"Undo","floor":35.0},{"not_picked":["Swift Strike","Purity"],"picked":"Flash of Steel","floor":37.0},{"not_picked":["Dark Shackles","Discovery"],"picked":"Flash of Steel","floor":37.0},{"not_picked":["Corruption+1","Flex"],"picked":"Acrobatics","floor":39.0}],"player_experience":1858978,"relics_obtained":[{"floor":9.0,"key":"Juzu Bracelet"}],"event_choices":[{"damage_healed":0.0,"max_hp_gain":0.0,"max_hp_loss":0.0,"gold_gain":0.0,"cards_transformed":["Strike_B"],"event_name":"Living Wall","player_choice":"Change","floor":2.0,"gold_loss":0.0,"damage_taken":0.0,"cards_obtained":["BootSequence"]},{"damage_healed":0.0,"max_hp_gain":0.0,"max_hp_loss":0.0,"gold_gain":0.0,"event_name":"Scrap Ooze","player_choice":"Fled","floor":3.0,"gold_loss":0.0,"damage_taken":0.0},{"damage_healed":0.0,"max_hp_gain":5.0,"max_hp_loss":0.0,"gold_gain":0.0,"event_name":"Big Fish","player_choice":"Donut","floor":4.0,"gold_loss":0.0,"damage_taken":0.0},{"cards_removed":["Strike_B"],"damage_healed":0.0,"max_hp_gain":0.0,"max_hp_loss":0.0,"gold_gain":0.0,"event_name":"Golden Wing","player_choice":"Card Removal","floor":7.0,"gold_loss":0.0,"damage_taken":7.0},{"damage_healed":0.0,"max_hp_gain":0.0,"max_hp_loss":0.0,"gold_gain":150.0,"event_name":"Liars Game","player_choice":"AGREE","floor":11.0,"gold_loss":0.0,"damage_taken":0.0,"cards_obtained":["Doubt"]},{"damage_healed":0.0,"max_hp_gain":0.0,"max_hp_loss":0.0,"gold_gain":0.0,"event_name":"Nest","player_choice":"Joined the Cult","floor":19.0,"gold_loss":0.0,"damage_taken":6.0,"cards_obtained":["RitualDagger"]},{"damage_healed":0.0,"max_hp_gain":0.0,"max_hp_loss":0.0,"gold_gain":0.0,"event_name":"The Library","player_choice":"Read","floor":22.0,"gold_loss":0.0,"damage_taken":0.0,"cards_obtained":["Self Repair"]},{"damage_healed":0.0,"max_hp_gain":0.0,"max_hp_loss":0.0,"gold_gain":275.0,"event_name":"Golden Shrine","player_choice":"Desecrate","floor":24.0,"gold_loss":0.0,"damage_taken":0.0,"cards_obtained":["Regret"]},{"damage_healed":0.0,"max_hp_gain":0.0,"max_hp_loss":0.0,"gold_gain":0.0,"event_name":"SensoryStone","player_choice":"Memory 3","floor":37.0,"gold_loss":0.0,"damage_taken":10.0},{"damage_healed":0.0,"max_hp_gain":0.0,"max_hp_loss":0.0,"gold_gain":0.0,"event_name":"Mysterious Sphere","player_choice":"Ignored","floor":38.0,"gold_loss":0.0,"damage_taken":0.0}],"is_beta":false,"boss_relics":[{"not_picked":["Eternal Feather","Calling Bell"],"picked":"FrozenCore"},{"not_picked":["Empty Cage","Coffee Dripper"],"picked":"Astrolabe"}],"items_purged_floors":[13,21,29],"is_endless":false,"potions_floor_spawned":[1,14,20,27,33,39],"killed_by":"Nemesis","ascension_level":20}