{"gold_per_floor":[113,131,149,161,172,172,206,206,206,217,142,175,175,189,189,261,261,279,295,265,280,291,291,326,326,326,326,202,202,202],"floor_reached":30,"playtime":1254,"items_purged":["Strike_G","Strike_G"],"score":524,"play_id":"2524a1e9-c41a-4c00-b3e5-cd0ccfbc7158","local_time":"20190411001014","is_ascension_mode":true,"campfire_choices":[{"data":"Catalyst","floor":6,"key":"SMITH"},{"data":"Noxious Fumes","floor":13,"key":"SMITH"},{"data":"Deadly Poison","floor":15,"key":"SMITH"},{"data":"Corpse Explosion","floor":23,"key":"SMITH"},{"data":"Calculated Gamble","floor":25,"key":"SMITH"},{"data":"Neutralize","floor":27,"key":"SMITH"}],"neow_cost":"NONE","seed_source_timestamp":70516322742917,"circlet_count":0,"master_deck":["AscendersBane","Defend_G","Defend_G","Defend_G","Defend_G","Defend_G","Strike_G","Strike_G+1","Strike_G+1","Survivor","Neutralize+1","Catalyst+1","Deadly Poison+1","Noxious Fumes+1","Escape Plan","Calculated Gamble+1","Corpse Explosion+1"],"relics":["Ring of the Snake","NeowsBlessing","Anchor","Potion Belt","Whetstone","Coffee Dripper","The Courier","FaceOfCleric"],"potions_floor_usage":[5,7,18,22,22,24],"damage_taken":[{"damage":0,"enemies":"Small Slimes","floor":1,"turns":1},{"damage":0,"enemies":"Cultist","floor":2,"turns":1},{"damage":0,"enemies":"Jaw Worm","floor":3,"turns":1},{"damage":13,"enemies":"Exordium Thugs","floor":4,"turns":6},{"damage":6,"enemies":"Large Slime","floor":5,"turns":5},{"damage":29,"enemies":"3 Sentries","floor":7,"turns":8},{"damage":8,"enemies":"Lots of Slimes","floor":10,"turns":4},{"damage":31,"enemies":"Gremlin Nob","floor":12,"turns":4},{"damage":1,"enemies":"Looter","floor":14,"turns":2},{"damage":16,"enemies":"Hexaghost","floor":16,"turns":7},{"damage":6,"enemies":"2 Thieves","floor":18,"turns":3},{"damage":7,"enemies":"Chosen","floor":19,"turns":3},{"damage":0,"enemies":"Sentry and Sphere","floor":21,"turns":4},{"damage":10,"enemies":"Shelled Parasite and Fungi","floor":22,"turns":7},{"damage":37,"enemies":"Book of Stabbing","floor":24,"turns":4},{"damage":0,"enemies":"Cultist and Chosen","floor":30,"turns":2}],"seed_played":"7451814977078314156","potions_obtained":[{"floor":1,"key":"Energy Potion"},{"floor":2,"key":"AttackPotion"},{"floor":14,"key":"Dexterity Potion"},{"floor":16,"key":"Fire Potion"},{"floor":19,"key":"SneckoOil"},{"floor":20,"key":"Ancient Potion"},{"floor":20,"key":"Fire Potion"},{"floor":21,"key":"Swift Potion"},{"floor":22,"key":"Explosive Potion"}],"is_trial":false,"path_per_floor":["M","M","M","M","M","R","E","?","T","M","$","E","R","M","R","B",null,"M","M","?","M","M","R","E","R","T","R","$","?","M"],"character_chosen":"THE_SILENT","items_purchased":["SkillPotion"],"campfire_rested":0,"item_purchase_floors":[28],"current_hp_per_floor":[59,59,59,46,40,40,11,76,76,68,68,37,37,36,36,20,62,56,49,49,49,39,39,2,2,2,2,2,2,2],"gold":202,"neow_bonus":"THREE_ENEMY_KILL","is_prod":false,"is_daily":false,"chose_seed":false,"campfire_upgraded":6,"win_rate":0,"timestamp":1554912614,"path_taken":["M","M","M","M","M","R","E","?","T","?","?","E","R","M","R","BOSS","M","M","?","M","M","R","E","R","T","R","?","?","M"],"build_version":"2019-01-23","purchased_purges":2,"victory":false,"max_hp_per_floor":[66,66,66,66,66,66,66,76,76,76,76,76,76,76,76,76,76,76,76,76,76,76,76,76,76,76,76,76,76,76],"card_choices":[{"not_picked":["Infinite Blades","Dodge and Roll"],"picked":"Catalyst","floor":1},{"not_picked":["Expertise","Bane"],"picked":"Deadly Poison","floor":2},{"not_picked":["Acrobatics","Backflip"],"picked":"Noxious Fumes","floor":3},{"not_picked":["Flechettes","Reflex"],"picked":"Escape Plan","floor":4},{"not_picked":["Poisoned Stab","Sucker Punch","Terror"],"picked":"SKIP","floor":5},{"not_picked":["Prepared","PiercingWail"],"picked":"Venomology","floor":7},{"not_picked":["Dagger Throw","PiercingWail","Distraction"],"picked":"SKIP","floor":10},{"not_picked":["Choke","Doppelganger","Dodge and Roll"],"picked":"SKIP","floor":12},{"not_picked":["Choke","Slice"],"picked":"Calculated Gamble","floor":14},{"not_picked":["Die Die Die","Burst"],"picked":"Corpse Explosion","floor":16},{"not_picked":["Prepared+1","Deadly Poison","Dodge and Roll"],"picked":"SKIP","floor":18},{"not_picked":["Riddle With Holes","Dash+1","Prepared"],"picked":"SKIP","floor":19},{"not_picked":["Dagger Spray","Bane","Setup+1"],"picked":"SKIP","floor":21},{"not_picked":["Sucker Punch+1","Quick Slash+1","Predator"],"picked":"SKIP","floor":22},{"not_picked":["Escape Plan","Sucker Punch+1","Caltrops"],"picked":"SKIP","floor":24}],"player_experience":4223334,"relics_obtained":[{"floor":7,"key":"Anchor"},{"floor":9,"key":"Potion Belt"},{"floor":12,"key":"Whetstone"},{"floor":24,"key":"The Courier"}],"event_choices":[{"cards_removed":["Venomology"],"damage_healed":55,"gold_gain":0,"player_choice":"Offered Rare","damage_taken":0,"max_hp_gain":10,"max_hp_loss":0,"event_name":"Bonfire Elementals","floor":8,"gold_loss":0},{"damage_healed":0,"gold_gain":0,"player_choice":"Bought 2 Potions","damage_taken":0,"max_hp_gain":0,"max_hp_loss":0,"event_name":"The Woman in Blue","floor":20,"gold_loss":0},{"damage_healed":0,"gold_gain":0,"player_choice":"Trade","damage_taken":0,"relics_obtained":["FaceOfCleric"],"max_hp_gain":0,"max_hp_loss":0,"event_name":"FaceTrader","floor":29,"gold_loss":0}],"is_beta":false,"boss_relics":[{"not_picked":["Lizard Tail","Philosopher\u0027s Stone"],"picked":"Coffee Dripper"}],"items_purged_floors":[11,28],"is_endless":false,"potions_floor_spawned":[1,2,14,16,19,21,22],"killed_by":"Cultist and Chosen","ascension_level":20}