{"gold_per_floor":[119,119,119,119,129,161,174,174,228,242,242,252,252,125,125,204,204,214,233,233,133,153,153],"floor_reached":23,"playtime":565,"items_purged":["Defend_R","Defend_R"],"score":403,"play_id":"db920a45-7738-41e1-a7f1-cc4bdfb665bd","local_time":"20181216220017","is_ascension_mode":true,"campfire_choices":[{"data":"Perfected Strike","floor":8.0,"key":"SMITH"},{"data":"Bash","floor":11.0,"key":"SMITH"},{"data":"Pommel Strike","floor":15.0,"key":"SMITH"}],"neow_cost":"NONE","seed_source_timestamp":37430923889970,"circlet_count":0,"master_deck":["AscendersBane","Strike_R","Strike_R","Strike_R+1","Strike_R","Strike_R+1","Defend_R","Bash+1","Clash","Twin Strike","Perfected Strike+1","Wild Strike","Clash","Battle Trance+1","Flex+1","Shrug It Off+1","Clash","Pommel Strike+1","Limit Break+1","Bloodletting+1","Bloodletting+1","Exhume+1","Wild Strike","Clash","Pommel Strike"],"special_seed":0,"relics":["Burning Blood","NeowsBlessing","Prayer Wheel","Toxic Egg 2","Eternal Feather"],"potions_floor_usage":[23,23],"damage_taken":[{"damage":0.0,"enemies":"Small Slimes","floor":1.0,"turns":1.0},{"damage":0.0,"enemies":"Jaw Worm","floor":5.0,"turns":1.0},{"damage":0.0,"enemies":"Lagavulin","floor":6.0,"turns":1.0},{"damage":0.0,"enemies":"Cultist","floor":7.0,"turns":2.0},{"damage":20.0,"enemies":"Gremlin Gang","floor":10.0,"turns":4.0},{"damage":1.0,"enemies":"Looter","floor":12.0,"turns":2.0},{"damage":48.0,"enemies":"The Guardian","floor":16.0,"turns":6.0},{"damage":5.0,"enemies":"3 Byrds","floor":18.0,"turns":5.0},{"damage":20,"enemies":"Shell Parasite","floor":19,"turns":4},{"damage":21,"enemies":"Centurion and Healer","floor":22,"turns":5},{"damage":41,"enemies":"Slavers","floor":23,"turns":2}],"seed_played":"8130834222442338679","potions_obtained":[{"floor":7.0,"key":"Ancient Potion"},{"floor":10.0,"key":"SteroidPotion"}],"is_trial":false,"path_per_floor":["M","?","?","T","M","E","M","R","T","M","R","M","?","$","R","B",null,"M","M","?","$","M","E"],"character_chosen":"IRONCLAD","items_purchased":["Pommel Strike"],"campfire_rested":0,"item_purchase_floors":[14],"current_hp_per_floor":[74,74,51,51,57,63,69,69,69,55,55,60,65,65,65,23,66,67,53,53,53,38,0],"gold":153,"neow_bonus":"THREE_ENEMY_KILL","is_prod":false,"is_daily":false,"chose_seed":false,"campfire_upgraded":3,"win_rate":0,"timestamp":1544968817,"path_taken":["M","?","?","?","M","E","?","R","T","M","R","?","?","$","R","BOSS","M","M","?","$","M","E"],"build_version":"2018-12-13","purchased_purges":2,"victory":false,"max_hp_per_floor":[75,75,75,75,75,75,75,75,75,75,75,75,80,80,80,80,80,80,80,80,80,80,80],"card_choices":[{"not_picked":["Shrug It Off","Sword Boomerang"],"picked":"Clash","floor":1.0},{"not_picked":["Headbutt","True Grit"],"picked":"Twin Strike","floor":5.0},{"not_picked":["Rupture","Sword Boomerang"],"picked":"Perfected Strike","floor":5.0},{"not_picked":["Ghostly Armor","Headbutt"],"picked":"Wild Strike","floor":6.0},{"not_picked":["Iron Wave","True Grit+1"],"picked":"Clash","floor":7.0},{"not_picked":["Clothesline","Ghostly Armor+1"],"picked":"Battle Trance+1","floor":7.0},{"not_picked":["Barricade","True Grit+1"],"picked":"Flex+1","floor":10.0},{"not_picked":["Rage+1","Headbutt","Whirlwind"],"picked":"SKIP","floor":10.0},{"not_picked":["Warcry+1","Body Slam"],"picked":"Shrug It Off+1","floor":12.0},{"not_picked":["Warcry+1","Bloodletting+1"],"picked":"Clash","floor":12.0},{"not_picked":["Brutality","Impervious+1"],"picked":"Limit Break+1","floor":16.0},{"not_picked":["Warcry+1","Anger"],"picked":"Bloodletting+1","floor":18.0},{"not_picked":["Clothesline+1","Iron Wave"],"picked":"Bloodletting+1","floor":18.0},{"not_picked":["Heavy Blade","Thunderclap+1"],"picked":"Exhume+1","floor":19},{"not_picked":["Combust","Hemokinesis"],"picked":"Wild Strike","floor":19},{"not_picked":["Fire Breathing","Searing Blow"],"picked":"Clash","floor":22},{"not_picked":["Ghostly Armor+1","Sentinel+1"],"picked":"Pommel Strike","floor":22}],"player_experience":1295649,"relics_obtained":[{"floor":4.0,"key":"Prayer Wheel"},{"floor":6.0,"key":"Toxic Egg 2"}],"event_choices":[{"damage_healed":0.0,"max_hp_gain":0.0,"max_hp_loss":0.0,"gold_gain":0.0,"event_name":"Liars Game","player_choice":"Ignored","floor":2.0,"gold_loss":0.0,"damage_taken":0.0},{"damage_healed":0.0,"max_hp_gain":0.0,"max_hp_loss":0.0,"gold_gain":0.0,"event_name":"Shining Light","player_choice":"Entered Light","floor":3.0,"gold_loss":0.0,"damage_taken":23.0,"cards_upgraded":["Strike_R","Strike_R"]},{"damage_healed":0.0,"max_hp_gain":5.0,"max_hp_loss":0.0,"gold_gain":0.0,"event_name":"Big Fish","player_choice":"Donut","floor":13.0,"gold_loss":0.0,"damage_taken":0.0},{"cards_removed":["Defend_R"],"damage_healed":0,"gold_gain":0,"player_choice":"Elegance","damage_taken":0,"max_hp_gain":0,"max_hp_loss":0,"event_name":"Back to Basics","floor":20,"gold_loss":0}],"is_beta":false,"boss_relics":[{"not_picked":["Black Star","Pandora\u0027s Box"],"picked":"Eternal Feather"}],"items_purged_floors":[14,21],"is_endless":false,"potions_floor_spawned":[7,10,16,19,22],"killed_by":"Slavers","ascension_level":15}