{"gold_per_floor":[109,34,51,51,51,76,76,95,118,133,52,52,52,52,52,52],"floor_reached":16,"playtime":234,"items_purged":["Strike_G"],"score":246,"play_id":"d2694154-dff0-4488-ac08-1110f0eddcb8","local_time":"20190120172831","is_ascension_mode":true,"campfire_choices":[{"data":"Concentrate","floor":7,"key":"SMITH"},{"data":"Malaise","floor":12,"key":"SMITH"},{"data":"Concentrate","floor":15,"key":"SMITH"}],"neow_cost":"NONE","seed_source_timestamp":29513546287337,"circlet_count":0,"master_deck":["AscendersBane","Defend_G","Defend_G","Defend_G","Defend_G","Defend_G","Strike_G","Strike_G","Strike_G","Survivor","Neutralize+1","Concentrate","Concentrate+1","Backflip","Malaise+1","Concentrate+1"],"relics":["Ring of the Snake","NeowsBlessing","Centennial Puzzle","Bronze Scales"],"potions_floor_usage":[10],"damage_taken":[{"damage":0,"enemies":"Cultist","floor":1,"turns":1},{"damage":0,"enemies":"2 Louse","floor":3,"turns":1},{"damage":0,"enemies":"3 Sentries","floor":6,"turns":2},{"damage":1,"enemies":"Jaw Worm","floor":8,"turns":6},{"damage":0,"enemies":"Gremlin Gang","floor":10,"turns":4},{"damage":0,"enemies":"The Guardian","floor":16,"turns":1}],"seed_played":"1327663740779894549","potions_obtained":[{"floor":1,"key":"FearPotion"},{"floor":8,"key":"Fire Potion"}],"is_trial":false,"path_per_floor":["M","$","M","$","?","E","R","M","T","M","$","R","?","$","R","B"],"character_chosen":"THE_SILENT","items_purchased":["Concentrate"],"campfire_rested":0,"item_purchase_floors":[11],"current_hp_per_floor":[59,59,59,59,59,59,59,58,58,58,58,58,51,51,51,51],"gold":52,"neow_bonus":"THREE_ENEMY_KILL","is_prod":false,"is_daily":false,"chose_seed":false,"campfire_upgraded":3,"win_rate":0,"timestamp":1547976511,"path_taken":["M","?","M","?","?","E","R","M","T","?","$","R","?","?","R","BOSS"],"build_version":"2019-01-17v2","purchased_purges":1,"victory":false,"max_hp_per_floor":[66,66,66,66,66,66,66,66,66,66,66,66,66,66,66,66],"card_choices":[{"not_picked":["Footwork","Prepared"],"picked":"Concentrate","floor":1},{"not_picked":["Dagger Spray","PiercingWail"],"picked":"Concentrate","floor":3},{"not_picked":["Slice","Deadly Poison"],"picked":"Backflip","floor":6},{"not_picked":["Poisoned Stab","Dodge and Roll","Blade Dance"],"picked":"SKIP","floor":8},{"not_picked":["Cloak And Dagger","Deflect"],"picked":"Malaise","floor":10}],"player_experience":2076603,"relics_obtained":[{"floor":6,"key":"Centennial Puzzle"},{"floor":9,"key":"Bronze Scales"}],"event_choices":[{"damage_healed":0,"gold_gain":0,"player_choice":"Upgraded","damage_taken":0,"max_hp_gain":0,"max_hp_loss":0,"event_name":"Upgrade Shrine","floor":5,"gold_loss":0,"cards_upgraded":["Neutralize"]},{"cards_removed":["Strike_G"],"damage_healed":0,"gold_gain":0,"player_choice":"Card Removal","damage_taken":7,"max_hp_gain":0,"max_hp_loss":0,"event_name":"Golden Wing","floor":13,"gold_loss":0}],"is_beta":false,"boss_relics":[],"items_purged_floors":[2],"is_endless":false,"potions_floor_spawned":[1,8],"killed_by":"The Guardian","ascension_level":20}