{"gold_per_floor":[361,373,373,387,36,36,69,89,89,89],"floor_reached":10,"playtime":448,"items_purged":[],"score":122,"play_id":"7fa558fb-1087-47dc-b68e-f977d4c9e896","local_time":"20181217191837","is_ascension_mode":true,"campfire_choices":[{"data":"Defragment","floor":6,"key":"SMITH"}],"neow_cost":"PERCENT_DAMAGE","seed_source_timestamp":26124162731828,"circlet_count":0,"master_deck":["AscendersBane","Strike_B","Strike_B","Strike_B","Strike_B","Defend_B","Defend_B","Defend_B","Defend_B","Zap+1","Dualcast+1","Recycle","Conserve Battery","Recycle","Defragment+1","Ball Lightning"],"relics":["Cracked Core","Lee\u0027s Waffle","Bottled Tornado"],"potions_floor_usage":[7,10],"damage_taken":[{"damage":2,"enemies":"2 Louse","floor":1,"turns":3},{"damage":4,"enemies":"Jaw Worm","floor":2,"turns":4},{"damage":0,"enemies":"Cultist","floor":4,"turns":3},{"damage":31,"enemies":"Gremlin Nob","floor":7,"turns":4},{"damage":14,"enemies":"2 Fungi Beasts","floor":8,"turns":3},{"damage":34,"enemies":"3 Sentries","floor":10,"turns":6}],"seed_played":"4496076877092749424","potions_obtained":[{"floor":4,"key":"Strength Potion"},{"floor":8,"key":"EssenceOfSteel"}],"is_trial":false,"path_per_floor":["M","M","?","M","$","R","E","M","T","E"],"character_chosen":"DEFECT","items_purchased":["Lee\u0027s Waffle","Defragment","Ball Lightning"],"campfire_rested":0,"item_purchase_floors":[5,5,5],"current_hp_per_floor":[44,40,19,19,78,78,47,33,33,0],"gold":89,"neow_bonus":"TWO_FIFTY_GOLD","is_prod":false,"is_daily":false,"chose_seed":false,"campfire_upgraded":1,"win_rate":0,"timestamp":1545045517,"path_taken":["M","M","?","M","$","R","E","M","T","E"],"build_version":"2018-12-13","purchased_purges":0,"victory":false,"max_hp_per_floor":[71,71,71,71,78,78,78,78,78,78],"card_choices":[{"not_picked":["Rebound","Darkness"],"picked":"Recycle","floor":1},{"not_picked":["Turbo","Stack"],"picked":"Conserve Battery","floor":2},{"not_picked":["Go for the Eyes","Hologram"],"picked":"Recycle","floor":4},{"not_picked":["Sweeping Beam","Heatsinks","Rebound"],"picked":"SKIP","floor":7},{"not_picked":["Rebound","Storm","Steam Power"],"picked":"SKIP","floor":8}],"player_experience":1322156,"relics_obtained":[{"floor":7,"key":"Bottled Tornado"}],"event_choices":[{"damage_healed":0,"gold_gain":0,"player_choice":"Entered Light","damage_taken":21,"max_hp_gain":0,"max_hp_loss":0,"event_name":"Shining Light","floor":3,"gold_loss":0,"cards_upgraded":["Zap","Dualcast"]}],"is_beta":false,"boss_relics":[],"items_purged_floors":[],"is_endless":false,"potions_floor_spawned":[4,8],"killed_by":"3 Sentries","ascension_level":16}