{"gold_per_floor":[112,112,37,37,51,79,92,92,118,118,134,163,205,235,247,259],"floor_reached":16,"playtime":834,"items_purged":[],"score":320,"play_id":"7ebb3e5d-e730-4ef2-93bf-4a6f007d402f","local_time":"20190218181603","is_ascension_mode":true,"campfire_choices":[{"data":"Deadly Poison","floor":8.0,"key":"SMITH"},{"data":"Corpse Explosion","floor":10.0,"key":"SMITH"},{"data":"Acrobatics","floor":15.0,"key":"SMITH"}],"neow_cost":"NONE","seed_source_timestamp":36077689507514,"circlet_count":0,"master_deck":["AscendersBane","Survivor","Neutralize","Prepared","Well Laid Plans+1","Burst","Finisher+1","Deflect","Corpse Explosion+1","Endless Agony","Caltrops","Acrobatics+1","Deadly Poison+1","Well Laid Plans","Tactician"],"special_seed":0,"relics":["Pandora\u0027s Box","PreservedInsect","Smiling Mask","MawBank","Tiny Chest"],"potions_floor_usage":[16],"damage_taken":[{"damage":0.0,"enemies":"Cultist","floor":1.0,"turns":3.0},{"damage":0.0,"enemies":"2 Louse","floor":5.0,"turns":1.0},{"damage":18.0,"enemies":"3 Sentries","floor":6.0,"turns":3.0},{"damage":0.0,"enemies":"Small Slimes","floor":7.0,"turns":3.0},{"damage":6.0,"enemies":"Blue Slaver","floor":11.0,"turns":3.0},{"damage":0.0,"enemies":"Lagavulin","floor":12.0,"turns":5.0},{"damage":8.0,"enemies":"Exordium Wildlife","floor":14.0,"turns":4.0},{"damage":21,"enemies":"The Guardian","floor":16,"turns":2}],"seed_played":"-8676803745338132212","potions_obtained":[{"floor":6.0,"key":"PowerPotion"},{"floor":7.0,"key":"Fire Potion"}],"is_trial":false,"path_per_floor":["M","?","?","?","M","E","M","R","T","R","M","E","?","M","R","B"],"character_chosen":"THE_SILENT","items_purchased":[],"campfire_rested":0,"item_purchase_floors":[],"current_hp_per_floor":[59,59,59,39,39,21,21,21,21,21,15,15,15,7,7,0],"gold":259,"neow_bonus":"BOSS_RELIC","is_prod":false,"is_daily":false,"chose_seed":false,"campfire_upgraded":3,"win_rate":0,"timestamp":1550484963,"path_taken":["M","?","?","?","?","E","M","R","T","R","M","E","?","M","R","BOSS"],"build_version":"2019-01-23","purchased_purges":0,"victory":false,"max_hp_per_floor":[66,66,66,66,66,66,66,66,66,66,66,66,66,66,66,66],"card_choices":[{"not_picked":["Outmaneuver","Slice"],"picked":"Acrobatics","floor":1.0},{"not_picked":["Infinite Blades","Acrobatics"],"picked":"Deadly Poison","floor":5.0},{"not_picked":["Eviscerate","Deadly Poison"],"picked":"Well Laid Plans","floor":6.0},{"not_picked":["Dagger Throw","Sucker Punch","Distraction"],"picked":"SKIP","floor":7.0},{"not_picked":["Underhanded Strike","Accuracy","A Thousand Cuts"],"picked":"SKIP","floor":11.0},{"not_picked":["Flechettes","Infinite Blades"],"picked":"Tactician","floor":12.0},{"not_picked":["Dagger Spray","Infinite Blades","Caltrops"],"picked":"SKIP","floor":14.0}],"player_experience":2912577,"relics_obtained":[{"floor":6.0,"key":"PreservedInsect"},{"floor":9.0,"key":"Smiling Mask"},{"floor":12.0,"key":"MawBank"}],"event_choices":[{"cards_removed":["Prepared"],"damage_healed":0.0,"max_hp_gain":0.0,"max_hp_loss":0.0,"gold_gain":0.0,"event_name":"Living Wall","player_choice":"Forget","floor":2.0,"gold_loss":0.0,"damage_taken":0.0},{"cards_removed":["Slice"],"damage_healed":0.0,"max_hp_gain":0.0,"max_hp_loss":0.0,"gold_gain":0.0,"event_name":"The Cleric","player_choice":"Card Removal","floor":3.0,"gold_loss":75.0,"damage_taken":0.0},{"damage_healed":0.0,"max_hp_gain":0.0,"max_hp_loss":0.0,"gold_gain":0.0,"event_name":"Shining Light","player_choice":"Entered Light","floor":4.0,"gold_loss":0.0,"damage_taken":20.0,"cards_upgraded":["Finisher","Well Laid Plans"]},{"damage_healed":0.0,"max_hp_gain":0.0,"max_hp_loss":0.0,"gold_gain":0.0,"event_name":"Dead Adventurer","player_choice":"Searched \u00271\u0027 times","floor":13.0,"gold_loss":0.0,"damage_taken":0.0,"relics_obtained":["Tiny Chest"]}],"is_beta":false,"boss_relics":[],"items_purged_floors":[],"is_endless":false,"potions_floor_spawned":[6,7,11],"killed_by":"The Guardian","ascension_level":20}