{"gold_per_floor":[117,117,42,42,57,88,88,238,238,238,8,8,83,104,104,197,197,215,215,25,43,43],"floor_reached":22,"playtime":491,"items_purged":["Strike_G"],"score":410,"play_id":"386ea066-e2b0-493e-80cc-dbbbfc79671e","local_time":"20190314013838","is_ascension_mode":true,"campfire_choices":[{"data":"Neutralize","floor":7,"key":"SMITH"},{"data":"Grand Finale","floor":10,"key":"SMITH"},{"data":"Survivor","floor":12,"key":"SMITH"},{"data":"Blade Dance","floor":15,"key":"SMITH"}],"neow_cost":"NONE","seed_source_timestamp":35609703006254,"circlet_count":0,"master_deck":["AscendersBane","Defend_G","Defend_G","Defend_G","Defend_G","Defend_G","Strike_G","Strike_G","Strike_G","Survivor+1","Neutralize+1","Grand Finale+1","Blade Dance+1","Adrenaline","Well Laid Plans","Tactician"],"relics":["Ring of the Snake","NeowsBlessing","Golden Idol","Blood Vial","Smiling Mask","Shuriken","Medical Kit"],"potions_floor_usage":[16,16,21],"damage_taken":[{"damage":0,"enemies":"Jaw Worm","floor":1,"turns":1},{"damage":0,"enemies":"Small Slimes","floor":5,"turns":1},{"damage":0,"enemies":"Lagavulin","floor":6,"turns":1},{"damage":2,"enemies":"2 Louse","floor":14,"turns":4},{"damage":26,"enemies":"Hexaghost","floor":16,"turns":11},{"damage":44,"enemies":"Spheric Guardian","floor":18,"turns":7},{"damage":7,"enemies":"Shell Parasite","floor":21,"turns":11},{"damage":0,"enemies":"Cultist and Chosen","floor":22,"turns":1}],"seed_played":"5816307136809619014","potions_obtained":[{"floor":5,"key":"SkillPotion"},{"floor":14,"key":"Swift Potion"},{"floor":21,"key":"Explosive Potion"}],"is_trial":false,"path_per_floor":["M","?","?","T","M","E","R","?","T","R","$","R","?","M","R","B",null,"M","?","$","M","M"],"character_chosen":"THE_SILENT","items_purchased":["Medical Kit","SkillPotion","Tactician"],"campfire_rested":0,"item_purchase_floors":[11,20,20],"current_hp_per_floor":[59,36,36,36,38,40,40,40,40,40,40,40,29,29,29,5,51,9,9,9,4,6],"gold":43,"neow_bonus":"THREE_ENEMY_KILL","is_prod":false,"is_daily":false,"chose_seed":false,"campfire_upgraded":4,"win_rate":0,"timestamp":1552498718,"path_taken":["M","?","?","?","?","E","R","?","T","R","$","R","?","M","R","BOSS","M","?","$","M","M"],"build_version":"2019-01-23","purchased_purges":1,"victory":false,"max_hp_per_floor":[66,66,66,66,66,66,66,66,66,66,66,66,66,66,66,66,66,66,66,66,66,66],"card_choices":[{"not_picked":["Flying Knee","Dagger Spray","Blade Dance"],"picked":"SKIP","floor":1},{"not_picked":["Acrobatics","Riddle With Holes","Cloak And Dagger"],"picked":"SKIP","floor":5},{"not_picked":["Crippling Poison","Flying Knee"],"picked":"Grand Finale","floor":6},{"not_picked":["Blur","Poisoned Stab"],"picked":"Blade Dance","floor":14},{"not_picked":["Corpse Explosion","Phantasmal Killer"],"picked":"Adrenaline","floor":16},{"not_picked":["Blade Dance","Masterful Stab+1"],"picked":"Well Laid Plans","floor":18},{"not_picked":["All Out Attack","Predator","Bouncing Flask"],"picked":"SKIP","floor":21}],"player_experience":3564203,"relics_obtained":[{"floor":4,"key":"Blood Vial"},{"floor":6,"key":"Smiling Mask"},{"floor":9,"key":"Shuriken"}],"event_choices":[{"damage_healed":0,"gold_gain":0,"player_choice":"Take Damage","damage_taken":23,"relics_obtained":["Golden Idol"],"max_hp_gain":0,"max_hp_loss":0,"event_name":"Golden Idol","floor":2,"gold_loss":0},{"cards_removed":["Strike_G"],"damage_healed":0,"gold_gain":0,"player_choice":"Card Removal","damage_taken":0,"max_hp_gain":0,"max_hp_loss":0,"event_name":"The Cleric","floor":3,"gold_loss":75},{"damage_healed":0,"gold_gain":150,"player_choice":"AGREE","damage_taken":0,"max_hp_gain":0,"max_hp_loss":0,"event_name":"Liars Game","floor":8,"gold_loss":0,"cards_obtained":["Doubt"]},{"damage_healed":0,"gold_gain":75,"player_choice":"Gather Gold","damage_taken":11,"max_hp_gain":0,"max_hp_loss":0,"event_name":"World of Goop","floor":13,"gold_loss":0},{"cards_removed":["Doubt"],"damage_healed":0,"gold_gain":0,"player_choice":"Removed Curses","damage_taken":0,"max_hp_gain":0,"max_hp_loss":0,"event_name":"Fountain of Cleansing","floor":19,"gold_loss":0}],"is_beta":false,"boss_relics":[{"not_picked":["Cursed Key","Snecko Eye","Fusion Hammer"]}],"items_purged_floors":[20],"is_endless":false,"potions_floor_spawned":[5,14,21],"killed_by":"Cultist and Chosen","ascension_level":20}