{"gold_per_floor":[116,116,130,130,10,10,25,25,25,56,56,74,74,28,28,100,100,110,110,110,25,45,45,64,64,64,78,88,8,20,39,39,111,111,125,138,138,138,438,438,463,475],"floor_reached":42,"playtime":1421,"items_purged":[],"score":724,"play_id":"bef4ace4-0c91-4395-b704-79e03f14727e","local_time":"20181010205020","is_ascension_mode":true,"campfire_choices":[{"data":"Zap","floor":6.0,"key":"SMITH"},{"data":"Redo","floor":11.0,"key":"SMITH"},{"data":"Dualcast","floor":13.0,"key":"SMITH"},{"data":"Electrodynamics","floor":15.0,"key":"SMITH"},{"data":"Barrage","floor":23.0,"key":"SMITH"},{"data":"Chill","floor":25.0,"key":"SMITH"},{"floor":32.0,"key":"REST"},{"data":"Consume","floor":40,"key":"SMITH"}],"neow_cost":"NONE","seed_source_timestamp":715502740690149,"circlet_count":0,"master_deck":["Strike_B","Defend_B","Defend_B","Defend_B","Defend_B","Zap+1","Dualcast+1","AscendersBane","Barrage+1","Chill+1","Blizzard","Redo+1","Electrodynamics+1","Electrodynamics","Coolheaded","Ball Lightning","Biased Cognition","BootSequence","Glacier","Glacier","Consume+1","Turbo","Core Surge","Conserve Battery+1","Master of Strategy"],"special_seed":0,"relics":["Cracked Core","Omamori","Symbiotic Virus","Torii","Inserter","Turnip","Nunchaku","Pantograph","Runic Dome","MawBank"],"potions_floor_usage":[42],"damage_taken":[{"damage":7.0,"enemies":"Jaw Worm","floor":1.0,"turns":3.0},{"damage":0.0,"enemies":"Cultist","floor":3.0,"turns":4.0},{"damage":1.0,"enemies":"Small Slimes","floor":7.0,"turns":4.0},{"damage":20.0,"enemies":"Lagavulin","floor":10.0,"turns":6.0},{"damage":9.0,"enemies":"Red Slaver","floor":12.0,"turns":2.0},{"damage":10.0,"enemies":"Hexaghost","floor":16.0,"turns":9.0},{"damage":19.0,"enemies":"2 Thieves","floor":18.0,"turns":3.0},{"damage":0.0,"enemies":"3 Byrds","floor":22.0,"turns":2.0},{"damage":7.0,"enemies":"Centurion and Healer","floor":24.0,"turns":7.0},{"damage":10.0,"enemies":"Snake Plant","floor":27.0,"turns":4.0},{"damage":16.0,"enemies":"Snecko","floor":28.0,"turns":4.0},{"damage":1.0,"enemies":"Centurion and Healer","floor":30.0,"turns":5.0},{"damage":2.0,"enemies":"Snake Plant","floor":31.0,"turns":4.0},{"damage":21.0,"enemies":"Champ","floor":33.0,"turns":23.0},{"damage":2,"enemies":"3 Darklings","floor":35,"turns":4},{"damage":0,"enemies":"3 Shapes","floor":36,"turns":3},{"damage":56,"enemies":"Giant Head","floor":41,"turns":10},{"damage":10,"enemies":"3 Darklings","floor":42,"turns":2}],"seed_played":"7256638986400747456","potions_obtained":[{"floor":3.0,"key":"AttackPotion"},{"floor":12.0,"key":"Block Potion"},{"floor":16.0,"key":"PowerPotion"},{"floor":24.0,"key":"Poison Potion"},{"floor":31.0,"key":"Fruit Juice"},{"floor":35,"key":"FearPotion"}],"is_trial":false,"path_per_floor":["M","?","M","?","$","R","M","$","T","E","R","M","R","$","R","B",null,"M","?","?","?","M","R","M","R","T","M","M","$","M","M","R","B",null,"M","M","?","?","?","R","E"],"character_chosen":"DEFECT","items_purchased":["Blizzard","Redo","Ball Lightning","Consume"],"campfire_rested":1,"item_purchase_floors":[5,5,14,29],"current_hp_per_floor":[57,50,50,50,50,50,49,49,49,29,29,20,20,20,20,10,56,37,37,37,37,37,37,30,30,30,20,4,4,3,1,22,31,65,63,63,63,63,63,63,7,0],"gold":475,"neow_bonus":"RANDOM_COMMON_RELIC","is_prod":false,"is_daily":false,"chose_seed":false,"campfire_upgraded":7,"win_rate":0,"timestamp":1539175820,"path_taken":["M","?","M","?","$","R","?","?","T","E","R","M","R","$","R","BOSS","M","?","?","?","M","R","M","R","T","?","?","$","?","M","R","BOSS","M","?","?","?","?","R","E","M"],"build_version":"2018-10-04v2","purchased_purges":0,"victory":false,"max_hp_per_floor":[71,71,71,71,71,71,71,71,71,71,71,71,71,71,71,71,71,71,71,71,71,71,71,71,71,71,71,71,71,71,71,71,76,76,76,76,76,76,76,76,76,76],"card_choices":[{"not_picked":["Beam Cell","Force Field"],"picked":"Barrage","floor":1.0},{"not_picked":["Turbo","Coolheaded"],"picked":"Chill","floor":3.0},{"not_picked":["Heatsinks","Skim"],"picked":"Electrodynamics","floor":7.0},{"not_picked":["Compile Driver","Go for the Eyes"],"picked":"Electrodynamics","floor":10.0},{"not_picked":["Leap","FTL"],"picked":"Coolheaded","floor":12.0},{"not_picked":["Hyperbeam","Multi-Cast"],"picked":"Biased Cognition","floor":16.0},{"not_picked":["Melter","Beam Cell"],"picked":"BootSequence","floor":18.0},{"not_picked":["Chill","Sweeping Beam","Ball Lightning"],"picked":"SKIP","floor":22.0},{"not_picked":["Undo","Self Repair"],"picked":"Glacier","floor":24.0},{"not_picked":["Genetic Algorithm","Sweeping Beam","Skim+1"],"picked":"SKIP","floor":27.0},{"not_picked":["Auto Shields","BootSequence","Melter"],"picked":"SKIP","floor":28.0},{"not_picked":["Melter","Storm","Reprogram"],"picked":"SKIP","floor":30.0},{"not_picked":["Conserve Battery","Sunder+1"],"picked":"Turbo","floor":31.0},{"not_picked":["Reboot","Echo Form"],"picked":"Core Surge","floor":33.0},{"not_picked":["Leap","Stack"],"picked":"Conserve Battery+1","floor":35},{"not_picked":["Stack+1","Reinforced Body","Gash"],"picked":"SKIP","floor":36},{"not_picked":["Flash of Steel","Swift Strike"],"picked":"Master of Strategy","floor":37},{"not_picked":["Auto Shields","Amplify","Barrage"],"picked":"SKIP","floor":41}],"player_experience":268025,"relics_obtained":[{"floor":9.0,"key":"Symbiotic Virus"},{"floor":10.0,"key":"Torii"},{"floor":26.0,"key":"Pantograph"},{"floor":41,"key":"MawBank"}],"event_choices":[{"event_name":"Golden Wing","player_choice":"Card Removal","floor":2.0,"damage_taken":0.0},{"event_name":"Bonfire Elementals","player_choice":"BASIC","floor":4.0,"damage_taken":0.0},{"event_name":"The Mausoleum","player_choice":"Yes","floor":19.0,"damage_taken":0.0},{"event_name":"The Library","player_choice":"Read","floor":20.0,"damage_taken":0.0},{"event_name":"Addict","player_choice":"Obtained Relic","floor":21.0,"damage_taken":0.0},{"event_name":"SensoryStone","player_choice":"Memory 1","floor":37,"damage_taken":0},{"event_name":"Falling","player_choice":"Removed Attack","floor":38,"damage_taken":0},{"event_name":"Wheel of Change","player_choice":"Gold","floor":39,"damage_taken":0}],"is_beta":false,"boss_relics":[{"not_picked":["Pandora\u0027s Box","Snecko Eye"],"picked":"Inserter"},{"not_picked":["Astrolabe","Velvet Choker"],"picked":"Runic Dome"}],"items_purged_floors":[],"is_endless":false,"potions_floor_spawned":[3,12,16,24,28,30,31,35],"killed_by":"3 Darklings","ascension_level":14}