{"gold_per_floor":[214,214,16,0,12,42,42,42,42,42,70,70,86,97,97,173,173,190,209,209,209,220,220,239,239,239,239,255,281,281,291,291,291],"floor_reached":33,"playtime":1279,"items_purged":[],"score":650,"play_id":"88dc9133-949b-4487-8b68-3bbe3364bee6","local_time":"20190407084902","is_ascension_mode":true,"campfire_choices":[{"data":"Deadly Poison","floor":7.0,"key":"SMITH"},{"data":"Well Laid Plans","floor":12.0,"key":"SMITH"},{"data":"Neutralize","floor":15,"key":"SMITH"},{"data":"Malaise","floor":23,"key":"SMITH"},{"data":"Ghostly","floor":27,"key":"SMITH"},{"data":"Night Terror","floor":30,"key":"SMITH"},{"data":"Ghostly","floor":32,"key":"SMITH"}],"neow_cost":"NONE","seed_source_timestamp":12232413373960,"circlet_count":0,"master_deck":["AscendersBane","Defend_G+1","Defend_G","Defend_G","Defend_G","Defend_G","Strike_G","Strike_G+1","Strike_G","Strike_G","Strike_G","Survivor","Neutralize+1","Well Laid Plans+1","Deadly Poison+1","Backflip","Parasite","Riddle With Holes","Malaise+1","PiercingWail+1","Writhe","Ghostly+1","Ghostly","Ghostly+1","Night Terror+1"],"special_seed":0,"relics":["Ring of the Snake","Turnip","Singing Bowl","Du-Vu Doll","Velvet Choker","Strawberry","Ornamental Fan","Oddly Smooth Stone"],"potions_floor_usage":[24,29,33],"damage_taken":[{"damage":1.0,"enemies":"Small Slimes","floor":1.0,"turns":4.0},{"damage":0.0,"enemies":"Jaw Worm","floor":5.0,"turns":5.0},{"damage":24.0,"enemies":"Gremlin Nob","floor":6.0,"turns":6.0},{"damage":26.0,"enemies":"3 Sentries","floor":11.0,"turns":14.0},{"damage":1.0,"enemies":"Cultist","floor":13.0,"turns":3.0},{"damage":2,"enemies":"Large Slime","floor":14,"turns":4},{"damage":0,"enemies":"The Guardian","floor":16,"turns":13},{"damage":1,"enemies":"Shell Parasite","floor":18,"turns":5},{"damage":3,"enemies":"3 Byrds","floor":19,"turns":5},{"damage":1,"enemies":"Centurion and Healer","floor":22,"turns":7},{"damage":14,"enemies":"Shelled Parasite and Fungi","floor":24,"turns":6},{"damage":3,"enemies":"Snecko","floor":28,"turns":8},{"damage":11,"enemies":"Slavers","floor":29,"turns":8},{"damage":1,"enemies":"Cultist and Chosen","floor":31,"turns":10},{"damage":0,"enemies":"Champ","floor":33,"turns":3}],"seed_played":"7727624336805855028","potions_obtained":[{"floor":5.0,"key":"PowerPotion"},{"floor":11.0,"key":"EssenceOfSteel"},{"floor":14,"key":"SpeedPotion"},{"floor":19,"key":"Ancient Potion"},{"floor":21,"key":"PowerPotion"},{"floor":24,"key":"SteroidPotion"},{"floor":31,"key":"GhostInAJar"}],"is_trial":false,"path_per_floor":["M","?","$","?","M","E","R","?","T","$","E","R","M","M","R","B",null,"M","M","?","?","M","R","M","?","T","R","M","E","R","M","R","B"],"character_chosen":"THE_SILENT","items_purchased":["Well Laid Plans","Deadly Poison","AttackPotion"],"campfire_rested":0,"item_purchase_floors":[3,3,3],"current_hp_per_floor":[58,38,38,38,38,14,14,30,30,30,6,6,5,5,5,5,54,55,52,59,59,60,60,48,41,41,41,40,29,29,30,30,30],"gold":291,"neow_bonus":"HUNDRED_GOLD","is_prod":false,"is_daily":false,"chose_seed":false,"campfire_upgraded":7,"win_rate":0,"timestamp":1554598142,"path_taken":["M","?","$","?","M","E","R","?","T","$","E","R","M","M","R","BOSS","M","M","?","?","M","R","?","?","T","R","M","E","R","M","R","BOSS"],"build_version":"2019-01-23","purchased_purges":0,"victory":false,"max_hp_per_floor":[66,66,66,66,66,66,66,66,66,66,68,68,68,70,70,70,70,72,72,79,79,81,81,83,41,41,41,43,43,43,45,45,45],"card_choices":[{"not_picked":["Bane","Underhanded Strike","PiercingWail"],"picked":"SKIP","floor":1.0},{"not_picked":["Flechettes","Setup","Dagger Spray"],"picked":"SKIP","floor":5.0},{"not_picked":["Poisoned Stab","Cloak And Dagger"],"picked":"Backflip","floor":6.0},{"not_picked":["Die Die Die","Deflect","Distraction"],"picked":"Singing Bowl","floor":11.0},{"not_picked":["Deflect","Dagger Spray"],"picked":"Riddle With Holes","floor":13},{"not_picked":["Flechettes","Calculated Gamble","Outmaneuver"],"picked":"Singing Bowl","floor":14},{"not_picked":["Doppelganger","A Thousand Cuts"],"picked":"Malaise","floor":16},{"not_picked":["Quick Slash","Dodge and Roll","PiercingWail"],"picked":"Singing Bowl","floor":18},{"not_picked":["Dagger Spray","Distraction"],"picked":"PiercingWail+1","floor":19},{"not_picked":["Dagger Spray","Expertise","Prepared"],"picked":"Singing Bowl","floor":22},{"not_picked":["Caltrops","Finisher","Outmaneuver"],"picked":"Singing Bowl","floor":24},{"not_picked":["Quick Slash","Deadly Poison","Finisher+1"],"picked":"Singing Bowl","floor":28},{"not_picked":["Slice","Blur+1"],"picked":"Night Terror","floor":29},{"not_picked":["Slice","Riddle With Holes","Deflect"],"picked":"Singing Bowl","floor":31}],"player_experience":4112095,"relics_obtained":[{"floor":6.0,"key":"Turnip"},{"floor":9.0,"key":"Singing Bowl"},{"floor":11.0,"key":"Du-Vu Doll"},{"floor":26,"key":"Ornamental Fan"},{"floor":29,"key":"Oddly Smooth Stone"}],"event_choices":[{"damage_healed":0.0,"max_hp_gain":0.0,"max_hp_loss":0.0,"gold_gain":0.0,"event_name":"Shining Light","player_choice":"Entered Light","floor":2.0,"gold_loss":0.0,"damage_taken":20.0,"cards_upgraded":["Defend_G","Strike_G"]},{"damage_healed":0.0,"max_hp_gain":0.0,"max_hp_loss":0.0,"gold_gain":0.0,"event_name":"World of Goop","player_choice":"Left Gold","floor":4.0,"gold_loss":16.0,"damage_taken":0.0},{"damage_healed":16.0,"max_hp_gain":0.0,"max_hp_loss":0.0,"gold_gain":0.0,"event_name":"Mushrooms","player_choice":"Healed and dodged fight","floor":8.0,"gold_loss":0.0,"damage_taken":0.0,"cards_obtained":["Parasite"]},{"damage_healed":0,"gold_gain":0,"player_choice":"Opened","damage_taken":0,"relics_obtained":["Strawberry"],"max_hp_gain":0,"max_hp_loss":0,"event_name":"The Mausoleum","floor":20,"gold_loss":0,"cards_obtained":["Writhe"]},{"damage_healed":0,"gold_gain":0,"player_choice":"Got Potions","damage_taken":0,"max_hp_gain":0,"max_hp_loss":0,"event_name":"Lab","floor":21,"gold_loss":0},{"damage_healed":0,"gold_gain":0,"player_choice":"Became a Ghost","damage_taken":0,"max_hp_gain":0,"max_hp_loss":42,"event_name":"Ghosts","floor":25,"gold_loss":0,"cards_obtained":["Ghostly","Ghostly","Ghostly"]}],"is_beta":false,"boss_relics":[{"not_picked":["WristBlade","Black Star"],"picked":"Velvet Choker"}],"items_purged_floors":[],"is_endless":false,"potions_floor_spawned":[5,11,14,16,18,19,24,31],"killed_by":"Champ","ascension_level":20}