{"gold_per_floor":[117,117,392,412,439,439,364,364,389,451,477,477,495,510,510,510],"floor_reached":16,"playtime":567,"items_purged":["Regret"],"score":196,"play_id":"6991ccc6-0273-4e2a-a35d-56717aaf3c8a","local_time":"20190206000940","is_ascension_mode":true,"campfire_choices":[{"data":"Bouncing Flask","floor":6.0,"key":"SMITH"},{"data":"Deadly Poison","floor":8.0,"key":"SMITH"},{"data":"Neutralize","floor":12.0,"key":"SMITH"},{"data":"Bouncing Flask","floor":15.0,"key":"SMITH"}],"neow_cost":"NONE","seed_source_timestamp":35195520593494,"circlet_count":0,"master_deck":["AscendersBane","Defend_G","Defend_G","Defend_G","Defend_G","Defend_G","Strike_G","Strike_G","Strike_G","Strike_G","Survivor","Neutralize+1","Deadly Poison+1","Bouncing Flask+1","Bouncing Flask+1","Escape Plan","Acrobatics"],"special_seed":0,"relics":["Sozu","Blood Vial","Lantern","Bag of Marbles","Happy Flower"],"potions_floor_usage":[],"damage_taken":[{"damage":2.0,"enemies":"Cultist","floor":1.0,"turns":5.0},{"damage":4.0,"enemies":"Small Slimes","floor":4.0,"turns":3.0},{"damage":38.0,"enemies":"3 Sentries","floor":10.0,"turns":12.0},{"damage":17.0,"enemies":"Lagavulin","floor":11.0,"turns":6.0},{"damage":2.0,"enemies":"Jaw Worm","floor":13.0,"turns":3.0},{"damage":1.0,"enemies":"Exordium Wildlife","floor":14.0,"turns":3.0},{"damage":0,"enemies":"Hexaghost","floor":16,"turns":4}],"seed_played":"-3329068178563261609","potions_obtained":[],"is_trial":false,"path_per_floor":["M","?","?","M","T","R","$","R","T","?","E","R","M","M","R","B"],"character_chosen":"THE_SILENT","items_purchased":[],"campfire_rested":0,"item_purchase_floors":[],"current_hp_per_floor":[57,57,57,53,53,53,53,53,53,17,2,2,2,3,3,5],"gold":510,"neow_bonus":"BOSS_RELIC","is_prod":false,"is_daily":false,"chose_seed":false,"campfire_upgraded":4,"win_rate":0,"timestamp":1549382980,"path_taken":["M","?","?","?","?","R","$","R","T","?","E","R","M","M","R","BOSS"],"build_version":"2019-01-23","purchased_purges":1,"victory":false,"max_hp_per_floor":[66,66,66,66,66,66,66,66,66,66,66,66,66,66,66,66],"card_choices":[{"not_picked":["Slice","Sucker Punch"],"picked":"Deadly Poison","floor":1.0},{"not_picked":["Dodge and Roll","Flying Knee","Concentrate"],"picked":"SKIP","floor":4.0},{"not_picked":["Poisoned Stab","PiercingWail"],"picked":"Bouncing Flask","floor":10.0},{"not_picked":["Quick Slash","Poisoned Stab"],"picked":"Escape Plan","floor":11.0},{"not_picked":["Underhanded Strike","Quick Slash"],"picked":"Acrobatics","floor":13.0},{"not_picked":["Deadly Poison","Dash","Flying Knee"],"picked":"SKIP","floor":14.0}],"player_experience":2558083,"relics_obtained":[{"floor":5.0,"key":"Blood Vial"},{"floor":9.0,"key":"Lantern"},{"floor":10.0,"key":"Bag of Marbles"},{"floor":11.0,"key":"Happy Flower"}],"event_choices":[{"damage_healed":0.0,"max_hp_gain":0.0,"max_hp_loss":0.0,"gold_gain":0.0,"cards_transformed":["Strike_G"],"event_name":"Living Wall","player_choice":"Change","floor":2.0,"gold_loss":0.0,"damage_taken":0.0,"cards_obtained":["Bouncing Flask"]},{"damage_healed":0.0,"max_hp_gain":0.0,"max_hp_loss":0.0,"gold_gain":275.0,"event_name":"Golden Shrine","player_choice":"Desecrate","floor":3.0,"gold_loss":0.0,"damage_taken":0.0,"cards_obtained":["Regret"]},{"damage_healed":0.0,"max_hp_gain":0.0,"max_hp_loss":0.0,"gold_gain":0.0,"event_name":"Dead Adventurer","player_choice":"Searched \u00271\u0027 times","floor":10.0,"gold_loss":0.0,"damage_taken":0.0}],"is_beta":false,"boss_relics":[],"items_purged_floors":[7],"is_endless":false,"potions_floor_spawned":[4,10,13,14],"killed_by":"Hexaghost","ascension_level":20}