{"gold_per_floor":[112,112,112,132,182,182,211,228,306,320,332,348,368,63,63,139,139,153,153],"floor_reached":19,"playtime":524,"items_purged":["Strike_G"],"score":392,"play_id":"2986d4ef-6b99-440e-8d8f-1a3171db1dd6","local_time":"20190122144413","is_ascension_mode":true,"campfire_choices":[{"data":"Noxious Fumes","floor":6,"key":"SMITH"},{"data":"Bouncing Flask","floor":15,"key":"SMITH"}],"neow_cost":"NONE","seed_source_timestamp":15763091382544,"circlet_count":0,"master_deck":["AscendersBane","Defend_G","Defend_G","Defend_G","Defend_G","Defend_G","Strike_G","Strike_G","Survivor","Neutralize","Noxious Fumes+1","Burst","Night Terror","Bouncing Flask+1","Night Terror"],"relics":["Ring of the Snake","NeowsBlessing","Happy Flower","Gremlin Horn","TwistedFunnel","Coffee Dripper"],"potions_floor_usage":[12,16,18],"damage_taken":[{"damage":0,"enemies":"Jaw Worm","floor":1,"turns":1},{"damage":0,"enemies":"2 Louse","floor":4,"turns":1},{"damage":0,"enemies":"3 Sentries","floor":7,"turns":1},{"damage":12,"enemies":"Cultist","floor":8,"turns":5},{"damage":6,"enemies":"Red Slaver","floor":10,"turns":5},{"damage":0,"enemies":"2 Fungi Beasts","floor":11,"turns":7},{"damage":13,"enemies":"Large Slime","floor":12,"turns":9},{"damage":0,"enemies":"Red Slaver","floor":13,"turns":5},{"damage":19,"enemies":"The Guardian","floor":16,"turns":8},{"damage":9,"enemies":"Spheric Guardian","floor":18,"turns":4},{"damage":0,"enemies":"2 Thieves","floor":19,"turns":1}],"seed_played":"9004244268862077753","potions_obtained":[{"floor":7,"key":"Energy Potion"},{"floor":8,"key":"FearPotion"},{"floor":12,"key":"Explosive Potion"},{"floor":16,"key":"SpeedPotion"}],"is_trial":false,"path_per_floor":["M","?","?","M","?","R","E","M","T","M","M","M","M","$","R","B",null,"M","M"],"character_chosen":"THE_SILENT","items_purchased":["TwistedFunnel"],"campfire_rested":0,"item_purchase_floors":[14],"current_hp_per_floor":[59,59,52,52,52,52,52,40,40,34,34,21,21,21,21,2,50,41,41],"gold":153,"neow_bonus":"THREE_ENEMY_KILL","is_prod":false,"is_daily":false,"chose_seed":false,"campfire_upgraded":2,"win_rate":0,"timestamp":1548139453,"path_taken":["M","?","?","M","?","R","E","M","T","M","M","M","?","?","R","BOSS","M","M"],"build_version":"2019-01-17v2","purchased_purges":1,"victory":false,"max_hp_per_floor":[66,66,66,66,66,66,66,66,66,66,66,66,66,66,66,66,66,66,66],"card_choices":[{"not_picked":["Prepared","Quick Slash"],"picked":"Noxious Fumes","floor":1},{"not_picked":["Sucker Punch","Underhanded Strike","Cloak And Dagger"],"picked":"SKIP","floor":4},{"not_picked":["Choke","Crippling Poison"],"picked":"Night Terror","floor":7},{"not_picked":["Expertise","Prepared","Deflect"],"picked":"SKIP","floor":8},{"not_picked":["PiercingWail","Sucker Punch","Dagger Throw"],"picked":"SKIP","floor":10},{"not_picked":["Flying Knee","Slice","Poisoned Stab"],"picked":"SKIP","floor":11},{"not_picked":["Expertise","All Out Attack","Deflect"],"picked":"SKIP","floor":12},{"not_picked":["Bane","Infinite Blades"],"picked":"Bouncing Flask","floor":13},{"not_picked":["Corpse Explosion","Storm of Steel"],"picked":"Night Terror","floor":16},{"not_picked":["Deadly Poison","Tactician","Blade Dance"],"picked":"SKIP","floor":18}],"player_experience":2134322,"relics_obtained":[{"floor":7,"key":"Happy Flower"},{"floor":9,"key":"Gremlin Horn"}],"event_choices":[{"damage_healed":0,"gold_gain":0,"cards_transformed":["Strike_G"],"player_choice":"Change","damage_taken":0,"max_hp_gain":0,"max_hp_loss":0,"event_name":"Living Wall","floor":2,"gold_loss":0,"cards_obtained":["Burst"]},{"cards_removed":["Strike_G"],"damage_healed":0,"gold_gain":0,"player_choice":"Card Removal","damage_taken":7,"max_hp_gain":0,"max_hp_loss":0,"event_name":"Golden Wing","floor":3,"gold_loss":0},{"damage_healed":0,"gold_gain":50,"player_choice":"Pray","damage_taken":0,"max_hp_gain":0,"max_hp_loss":0,"event_name":"Golden Shrine","floor":5,"gold_loss":0}],"is_beta":false,"boss_relics":[{"not_picked":["Tiny House","HoveringKite"],"picked":"Coffee Dripper"}],"items_purged_floors":[14],"is_endless":false,"potions_floor_spawned":[7,8,12,16],"killed_by":"2 Thieves","ascension_level":20}