{"gold_per_floor":[359,284,299,314,325,325,341,355,355,355,369,369,387,400,400,400],"floor_reached":16,"playtime":438,"items_purged":["Strike_B"],"score":196,"play_id":"b146f13a-d1f7-4f7f-bead-cb3da17528a1","local_time":"20190106182618","is_ascension_mode":true,"campfire_choices":[{"data":"Coolheaded","floor":6,"key":"SMITH"},{"floor":10,"key":"REST"},{"data":"Beam Cell","floor":15,"key":"SMITH"}],"neow_cost":"PERCENT_DAMAGE","seed_source_timestamp":25263588670062,"circlet_count":0,"master_deck":["AscendersBane","Strike_B","Strike_B","Defend_B","Defend_B","Defend_B","Defend_B","Zap","Dualcast","Go for the Eyes","Coolheaded+1","FTL","FTL","Ball Lightning","Melter","Beam Cell+1","Hologram"],"relics":["Cracked Core","Thread and Needle"],"potions_floor_usage":[14],"damage_taken":[{"damage":0,"enemies":"2 Louse","floor":1,"turns":2},{"damage":0,"enemies":"Cultist","floor":3,"turns":3},{"damage":4,"enemies":"Jaw Worm","floor":4,"turns":3},{"damage":12,"enemies":"2 Fungi Beasts","floor":5,"turns":4},{"damage":12,"enemies":"Exordium Thugs","floor":7,"turns":4},{"damage":11,"enemies":"Exordium Wildlife","floor":8,"turns":3},{"damage":2,"enemies":"Looter","floor":11,"turns":3},{"damage":0,"enemies":"Exordium Thugs","floor":13,"turns":4},{"damage":0,"enemies":"Lots of Slimes","floor":14,"turns":3},{"damage":0,"enemies":"The Guardian","floor":16,"turns":1}],"seed_played":"-3888970440845807936","potions_obtained":[{"floor":4,"key":"SkillPotion"},{"floor":8,"key":"FocusPotion"}],"is_trial":false,"path_per_floor":["M","$","M","M","M","R","M","M","T","R","M","?","M","M","R","B"],"character_chosen":"DEFECT","items_purchased":[],"campfire_rested":1,"item_purchase_floors":[],"current_hp_per_floor":[46,46,46,42,30,30,18,7,7,28,26,26,26,26,26,26],"gold":400,"neow_bonus":"TWO_FIFTY_GOLD","is_prod":false,"is_daily":false,"chose_seed":false,"campfire_upgraded":2,"win_rate":0,"timestamp":1546770378,"path_taken":["M","$","M","M","M","R","M","M","T","R","M","?","?","?","R","BOSS"],"build_version":"2019-01-03v4","purchased_purges":1,"victory":false,"max_hp_per_floor":[71,71,71,71,71,71,71,71,71,71,71,71,71,71,71,71],"card_choices":[{"not_picked":["Beam Cell","Reprogram"],"picked":"Go for the Eyes","floor":1},{"not_picked":["Rebound","Sweeping Beam"],"picked":"Coolheaded","floor":3},{"not_picked":["Barrage","Redo"],"picked":"FTL","floor":4},{"not_picked":["Sunder","Hello World"],"picked":"FTL","floor":5},{"not_picked":["Reprogram","Leap","Redo"],"picked":"SKIP","floor":7},{"not_picked":["Steam","Scrape"],"picked":"Ball Lightning","floor":8},{"not_picked":["Turbo","Redo"],"picked":"Melter","floor":11},{"not_picked":["Conserve Battery","Go for the Eyes"],"picked":"Beam Cell","floor":13},{"not_picked":["Redo","Consume"],"picked":"Hologram","floor":14}],"player_experience":1787115,"relics_obtained":[{"floor":9,"key":"Thread and Needle"}],"event_choices":[{"cards_removed":["Strike_B"],"damage_healed":0,"gold_gain":0,"player_choice":"Purged","damage_taken":0,"max_hp_gain":0,"max_hp_loss":0,"event_name":"Purifier","floor":12,"gold_loss":0}],"is_beta":false,"boss_relics":[],"items_purged_floors":[2],"is_endless":false,"potions_floor_spawned":[4,8,11,13],"killed_by":"The Guardian","ascension_level":20}