{"gold_per_floor":[118,134,134,44,9,9,9,9,9,9,24,64,83,83,83,83],"floor_reached":16,"playtime":358,"items_purged":[],"score":191,"play_id":"08024964-828c-4fd9-80f8-6cbe9a710a49","local_time":"20181219174528","is_ascension_mode":true,"campfire_choices":[{"data":"Defragment","floor":6.0,"key":"SMITH"},{"data":"Capacitor","floor":8.0,"key":"SMITH"},{"data":"Zap","floor":10.0,"key":"SMITH"},{"data":"Reboot","floor":15,"key":"SMITH"}],"neow_cost":"NONE","seed_source_timestamp":30420719034135,"circlet_count":0,"master_deck":["AscendersBane","Strike_B","Strike_B","Strike_B","Defend_B","Defend_B","Defend_B","Defend_B","Zap+1","Dualcast","Decay","Regret","Writhe","Capacitor+1","Gash+1","Defragment+1","Hologram","Ball Lightning+1","Reboot+1"],"special_seed":0,"relics":["Calling Bell","Bag of Marbles","Molten Egg 2","Bird Faced Urn","Golden Idol","Symbiotic Virus","Boot"],"potions_floor_usage":[],"damage_taken":[{"damage":13.0,"enemies":"2 Louse","floor":1.0,"turns":4.0},{"damage":7.0,"enemies":"Jaw Worm","floor":2.0,"turns":5.0},{"damage":5.0,"enemies":"Small Slimes","floor":11.0,"turns":3.0},{"damage":24.0,"enemies":"Lagavulin","floor":12.0,"turns":5.0},{"damage":49.0,"enemies":"Exordium Thugs","floor":13.0,"turns":6.0},{"damage":6,"enemies":"Slime Boss","floor":16,"turns":1}],"seed_played":"-1686655997737529978","potions_obtained":[{"floor":1.0,"key":"Dexterity Potion"},{"floor":11.0,"key":"Ancient Potion"},{"floor":13.0,"key":"PowerPotion"}],"is_trial":false,"path_per_floor":["M","M","?","$","?","R","?","R","T","R","M","E","M","?","R","B"],"character_chosen":"DEFECT","items_purchased":["Defragment"],"campfire_rested":0,"item_purchase_floors":[4],"current_hp_per_floor":[51,46,51,51,70,70,69,69,69,69,66,46,1,1,1,0],"gold":83,"neow_bonus":"BOSS_RELIC","is_prod":false,"is_daily":false,"chose_seed":false,"campfire_upgraded":4,"win_rate":0,"timestamp":1545212728,"path_taken":["M","M","?","$","?","R","?","R","T","R","M","E","?","?","R","BOSS"],"build_version":"2018-12-13","purchased_purges":0,"victory":false,"max_hp_per_floor":[71,71,76,76,76,76,69,69,69,69,69,69,69,69,69,69],"card_choices":[{"not_picked":["Coolheaded","Sweeping Beam+1"],"picked":"Capacitor","floor":1.0},{"not_picked":["Turbo","Redo"],"picked":"Gash+1","floor":2.0},{"not_picked":["Rebound+1","Auto Shields"],"picked":"Hologram","floor":11.0},{"not_picked":["Turbo","Chaos","Compile Driver+1"],"picked":"SKIP","floor":12.0},{"not_picked":["Rip and Tear+1","Aggregate"],"picked":"Ball Lightning+1","floor":13.0}],"player_experience":1385476,"relics_obtained":[{"floor":0.0,"key":"Bag of Marbles"},{"floor":0.0,"key":"Molten Egg 2"},{"floor":0.0,"key":"Bird Faced Urn"},{"floor":9.0,"key":"Symbiotic Virus"},{"floor":12.0,"key":"Boot"}],"event_choices":[{"damage_healed":0.0,"max_hp_gain":5.0,"max_hp_loss":0.0,"gold_gain":0.0,"event_name":"Big Fish","player_choice":"Donut","floor":3.0,"gold_loss":0.0,"damage_taken":0.0},{"damage_healed":19.0,"max_hp_gain":0.0,"max_hp_loss":0.0,"gold_gain":0.0,"event_name":"The Cleric","player_choice":"Healed","floor":5.0,"gold_loss":35.0,"damage_taken":0.0},{"damage_healed":0.0,"max_hp_gain":0.0,"max_hp_loss":7.0,"gold_gain":0.0,"event_name":"Golden Idol","player_choice":"Lose Max HP","floor":7.0,"gold_loss":0.0,"damage_taken":0.0,"relics_obtained":["Golden Idol"]},{"damage_healed":0,"gold_gain":0,"cards_transformed":["Strike_B"],"player_choice":"Transformed","damage_taken":0,"max_hp_gain":0,"max_hp_loss":0,"event_name":"Transmorgrifier","floor":14,"gold_loss":0,"cards_obtained":["Reboot"]}],"is_beta":false,"boss_relics":[],"items_purged_floors":[],"is_endless":false,"potions_floor_spawned":[1,11,13],"killed_by":"Slime Boss","ascension_level":19}