{"gold_per_floor":[118,128,128,28,45,45,77,87,87,67],"floor_reached":10,"playtime":247,"items_purged":[],"score":136,"play_id":"f9f69c6d-303d-43e9-85f1-c5073ef397e9","local_time":"20190107121827","is_ascension_mode":true,"campfire_choices":[{"data":"Streamline","floor":6,"key":"SMITH"}],"neow_cost":"NONE","seed_source_timestamp":1164294808402,"circlet_count":0,"master_deck":["AscendersBane","Strike_B","Strike_B","Strike_B","Strike_B","Defend_B","Defend_B","Defend_B","Defend_B","Zap","Dualcast","Meteor Strike","Streamline+1","Double Energy","Panacea","Hologram","Turbo","Turbo"],"relics":["Cracked Core","Mercury Hourglass","Gambling Chip"],"potions_floor_usage":[5],"damage_taken":[{"damage":2,"enemies":"Cultist","floor":1,"turns":4},{"damage":0,"enemies":"2 Louse","floor":2,"turns":2},{"damage":2,"enemies":"Jaw Worm","floor":5,"turns":4},{"damage":50,"enemies":"Lagavulin","floor":7,"turns":9},{"damage":13,"enemies":"Large Slime","floor":8,"turns":5},{"damage":11,"enemies":"Looter","floor":10,"turns":1}],"seed_played":"8175167974960948654","potions_obtained":[{"floor":2,"key":"Block Potion"},{"floor":7,"key":"Weak Potion"}],"is_trial":false,"path_per_floor":["M","M","?","$","M","R","E","M","T","M"],"character_chosen":"DEFECT","items_purchased":["Panacea"],"campfire_rested":0,"item_purchase_floors":[4],"current_hp_per_floor":[62,62,67,67,65,65,15,2,2,0],"gold":67,"neow_bonus":"ONE_RANDOM_RARE_CARD","is_prod":false,"is_daily":false,"chose_seed":false,"campfire_upgraded":1,"win_rate":0,"timestamp":1546834707,"path_taken":["M","?","?","$","M","R","E","M","T","M"],"build_version":"2019-01-03v4","purchased_purges":0,"victory":false,"max_hp_per_floor":[71,71,76,76,76,76,76,76,76,76],"card_choices":[{"not_picked":["Reprogram","Compile Driver"],"picked":"Streamline","floor":1},{"not_picked":["Coolheaded","Streamline"],"picked":"Double Energy","floor":2},{"not_picked":["Gash","Sweeping Beam"],"picked":"Hologram","floor":5},{"not_picked":["Doom and Gloom","Multi-Cast"],"picked":"Turbo","floor":7},{"not_picked":["Gash","Melter"],"picked":"Turbo","floor":8}],"player_experience":1805616,"relics_obtained":[{"floor":7,"key":"Mercury Hourglass"},{"floor":9,"key":"Gambling Chip"}],"event_choices":[{"damage_healed":0,"gold_gain":0,"player_choice":"Donut","damage_taken":0,"max_hp_gain":5,"max_hp_loss":0,"event_name":"Big Fish","floor":3,"gold_loss":0}],"is_beta":false,"boss_relics":[],"items_purged_floors":[],"is_endless":false,"potions_floor_spawned":[2,7],"killed_by":"Looter","ascension_level":20}