{"gold_per_floor":[110,110,123,48,48,48,82,82,82,97,128,128,128,146,146,223,223,241,221,235,235],"floor_reached":21,"playtime":462,"items_purged":["Strike_B"],"score":424,"play_id":"456ee7e9-2ff3-4ce2-bfa0-297b778361f3","local_time":"20190710052734","is_ascension_mode":true,"campfire_choices":[{"data":"Dualcast","floor":6.0,"key":"SMITH"},{"data":"Heatsinks","floor":8.0,"key":"SMITH"},{"data":"Capacitor","floor":12.0,"key":"SMITH"},{"data":"Doom and Gloom","floor":15.0,"key":"SMITH"}],"neow_cost":"NONE","seed_source_timestamp":106026674504505,"circlet_count":0,"master_deck":["AscendersBane","Strike_B","Defend_B","Defend_B","Defend_B","Defend_B","Zap","Dualcast+1","Cold Snap","Doom and Gloom+1","Heatsinks+1","Storm","Auto Shields","Capacitor+1","Biased Cognition"],"special_seed":0,"relics":["Cracked Core","NeowsBlessing","Pocketwatch","Omamori","Darkstone Periapt","Dodecahedron","Empty Cage"],"potions_floor_usage":[20],"damage_taken":[{"damage":0.0,"enemies":"Cultist","floor":1.0,"turns":1.0},{"damage":0.0,"enemies":"Jaw Worm","floor":3.0,"turns":1.0},{"damage":0.0,"enemies":"Lagavulin","floor":7.0,"turns":1.0},{"damage":0.0,"enemies":"2 Louse","floor":10.0,"turns":1.0},{"damage":24.0,"enemies":"3 Sentries","floor":11.0,"turns":7.0},{"damage":7.0,"enemies":"Red Slaver","floor":14.0,"turns":4.0},{"damage":43.0,"enemies":"Slime Boss","floor":16.0,"turns":9.0},{"damage":30.0,"enemies":"Shell Parasite","floor":18.0,"turns":4.0},{"damage":14,"enemies":"Spheric Guardian","floor":20,"turns":4},{"damage":0,"enemies":"Chosen and Byrds","floor":21,"turns":1}],"seed_played":"5682710496452230060","potions_obtained":[{"floor":1.0,"key":"Ancient Potion"},{"floor":7.0,"key":"Regen Potion"},{"floor":18.0,"key":"PowerPotion"}],"is_trial":false,"path_per_floor":["M","?","M","$","?","R","E","R","T","M","E","R","T","M","R","B",null,"M","?","M","M"],"character_chosen":"DEFECT","items_purchased":[],"campfire_rested":0,"item_purchase_floors":[],"current_hp_per_floor":[64,64,64,64,64,64,64,64,64,64,40,40,40,33,33,5,55,25,25,11,11],"gold":235,"neow_bonus":"THREE_ENEMY_KILL","is_prod":false,"is_daily":false,"chose_seed":false,"campfire_upgraded":4,"win_rate":0,"timestamp":1562704054,"path_taken":["M","?","?","$","?","R","E","R","T","M","E","R","?","M","R","BOSS","M","?","M","?"],"build_version":"2019-07-05","purchased_purges":1,"victory":false,"max_hp_per_floor":[71,71,71,71,71,71,71,71,71,71,71,71,71,71,71,71,71,71,71,71,71],"card_choices":[{"not_picked":["Hologram","Sweeping Beam"],"picked":"Cold Snap","floor":1.0},{"not_picked":["Auto Shields","Conserve Battery"],"picked":"Heatsinks","floor":3.0},{"not_picked":["Beam Cell","Tempest"],"picked":"Storm","floor":7.0},{"not_picked":["Scrape","Rip and Tear"],"picked":"Auto Shields","floor":10.0},{"not_picked":["Rebound","Conserve Battery"],"picked":"Capacitor","floor":11.0},{"not_picked":["Rebound","Compile Driver","Go for the Eyes"],"picked":"SKIP","floor":14.0},{"not_picked":["Machine Learning","All For One"],"picked":"Biased Cognition","floor":16.0},{"not_picked":["Hologram","Rip and Tear+1","Beam Cell"],"picked":"SKIP","floor":18.0},{"not_picked":["Beam Cell+1","Redo","Leap"],"picked":"SKIP","floor":20}],"player_experience":625928,"relics_obtained":[{"floor":7.0,"key":"Pocketwatch"},{"floor":9.0,"key":"Omamori"},{"floor":11.0,"key":"Darkstone Periapt"},{"floor":13.0,"key":"Dodecahedron"}],"event_choices":[{"damage_healed":0.0,"max_hp_gain":0.0,"max_hp_loss":0.0,"gold_gain":0.0,"event_name":"Match and Keep!","player_choice":"1 cards matched","floor":2.0,"gold_loss":0.0,"damage_taken":0.0,"cards_obtained":["Doom and Gloom"]},{"damage_healed":0.0,"max_hp_gain":0.0,"max_hp_loss":0.0,"gold_gain":0.0,"event_name":"Liars Game","player_choice":"Ignored","floor":5.0,"gold_loss":0.0,"damage_taken":0.0},{"damage_healed":0.0,"max_hp_gain":0.0,"max_hp_loss":0.0,"gold_gain":0.0,"event_name":"The Woman in Blue","player_choice":"Bought 1 Potion","floor":19.0,"gold_loss":0.0,"damage_taken":0.0}],"is_beta":false,"boss_relics":[{"not_picked":["Runic Pyramid","Nuclear Battery"],"picked":"Empty Cage"}],"items_purged_floors":[4],"is_endless":false,"potions_floor_spawned":[1,7,11,14,18],"killed_by":"Chosen and Byrds","ascension_level":20}