{"gold_per_floor":[113,288,301,226,239,239,249,249,304,336,348,348,348,348,348,452,452,471,471,25,43,43,78,97,110,110,110,121,121,121,74,74,170,170,186,237,237,237,250,250,283,299,299,299,314,29,43,56,56,56],"floor_reached":51,"playtime":4020,"items_purged":["Doubt"],"score":997,"play_id":"952b637f-f3da-4334-be83-9d4f192778a2","local_time":"20180718021002","daily_mods":["Draft"],"is_ascension_mode":false,"campfire_choices":[{"data":"Genetic Algorithm","floor":6.0,"key":"SMITH"},{"data":"Darkness","floor":8.0,"key":"SMITH"},{"data":"Loop","floor":12,"key":"SMITH"},{"data":"Loop","floor":15,"key":"SMITH"},{"floor":27,"key":"REST"},{"data":"Coolheaded","floor":30,"key":"SMITH"},{"data":"Turbo","floor":32,"key":"SMITH"},{"data":"Echo Form","floor":40,"key":"SMITH"},{"data":"Multi-Cast","floor":44,"key":"SMITH"},{"data":"Hologram","floor":49,"key":"SMITH"}],"neow_cost":"","seed_source_timestamp":0,"circlet_count":0,"master_deck":["Self Repair","Barrage","Defragment+1","Conserve Battery","Darkness+1","Conserve Battery","Coolheaded","Loop+1","Capacitor","Hologram+1","Genetic Algorithm+1","Coolheaded+1","Leap","Streamline+1","Sweeping Beam","Doom and Gloom","Skim","Loop+1","Meteor Strike+1","Echo Form+1","Defragment+1","Turbo+1","Multi-Cast+1","Redo","Reinforced Body","Force Field","Chill+1","Storm+1"],"special_seed":0,"relics":["Cracked Core","Tiny Chest","Vajra","Calipers","Runic Pyramid","Runic Capacitor","Bottled Lightning","Bag of Marbles","Blue Candle","Anchor","Nuclear Battery","Ice Cream","Mango","Whetstone","Shuriken","Frozen Egg 2"],"potions_floor_usage":[11,24],"damage_taken":[{"damage":0.0,"enemies":"Small Slimes","floor":1.0,"turns":3.0},{"damage":6.0,"enemies":"2 Louse","floor":3.0,"turns":4.0},{"damage":6.0,"enemies":"Cultist","floor":5.0,"turns":4.0},{"damage":2.0,"enemies":"Exordium Wildlife","floor":7.0,"turns":4.0},{"damage":5.0,"enemies":"Lagavulin","floor":10.0,"turns":5.0},{"damage":0,"enemies":"2 Fungi Beasts","floor":11,"turns":1},{"damage":33,"enemies":"The Guardian","floor":16,"turns":8},{"damage":12,"enemies":"Spheric Guardian","floor":18,"turns":5},{"damage":3,"enemies":"Chosen","floor":21,"turns":5},{"damage":48,"enemies":"Slavers","floor":23,"turns":17},{"damage":16,"enemies":"Centurion and Healer","floor":24,"turns":6},{"damage":0,"enemies":"Snecko","floor":25,"turns":4},{"damage":9,"enemies":"Snake Plant","floor":28,"turns":6},{"damage":0,"enemies":"Champ","floor":33,"turns":7},{"damage":0,"enemies":"Flame Bruiser 1 Orb","floor":35,"turns":5},{"damage":22,"floor":36,"turns":4},{"damage":0,"floor":38,"turns":4},{"damage":42,"enemies":"3 Darklings","floor":39,"turns":5},{"damage":0,"enemies":"Nemesis","floor":41,"turns":7},{"damage":0,"enemies":"Maw","floor":42,"turns":6},{"damage":0,"enemies":"Sphere and 2 Shapes","floor":45,"turns":7},{"damage":10,"enemies":"Transient","floor":47,"turns":5},{"damage":0,"enemies":"Maw","floor":48,"turns":5},{"damage":40,"enemies":"Awakened One","floor":50,"turns":10}],"seed_played":"-513280187811941356","potions_obtained":[{"floor":3.0,"key":"Strength Potion"},{"floor":5.0,"key":"SteroidPotion"},{"floor":10.0,"key":"AttackPotion"},{"floor":18,"key":"SteroidPotion"},{"floor":24,"key":"Poison Potion"},{"floor":28,"key":"SteroidPotion"},{"floor":36,"key":"SteroidPotion"}],"is_trial":true,"path_per_floor":["M","?","M","$","M","R","M","R","T","E","M","R","T","$","R","B",null,"M","?","$","M","?","E","M","M","T","R","M","?","R","$","R","B",null,"M","?","?","?","M","R","E","M","T","R","M","$","M","M","R","B"],"character_chosen":"DEFECT","items_purchased":["Runic Capacitor","Bottled Lightning","Turbo","Frozen Egg 2","Storm+1"],"campfire_rested":1,"item_purchase_floors":[20,20,31,46,46],"current_hp_per_floor":[75,75,75,75,75,75,75,75,75,75,75,75,75,75,75,42,75,70,70,70,74,74,33,17,31,31,53,58,58,58,58,58,65,75,75,60,60,88,60,60,74,88,88,88,89,89,79,79,79,46],"gold":56,"neow_bonus":"","is_prod":false,"is_daily":false,"chose_seed":false,"campfire_upgraded":9,"win_rate":0,"timestamp":1531872602,"path_taken":["M","?","M","$","M","R","M","R","T","E","?","R","?","$","R","BOSS","M","?","$","M","?","E","M","M","T","R","?","?","R","$","R","BOSS","M","?","?","?","M","R","E","M","T","R","M","?","?","M","R","BOSS"],"build_version":"2018-07-12","purchased_purges":1,"victory":true,"max_hp_per_floor":[75,75,75,75,75,75,75,75,75,75,75,75,75,75,75,75,75,75,75,75,75,75,75,75,75,75,75,75,75,75,75,75,75,75,75,75,75,89,89,89,89,89,89,89,89,89,89,89,89,89],"card_choices":[{"not_picked":["Leap","FTL"],"picked":"Self Repair","floor":0.0},{"not_picked":["Sweeping Beam","Recycle"],"picked":"Barrage","floor":0.0},{"not_picked":["Reinforced Body","BootSequence"],"picked":"Defragment","floor":0.0},{"not_picked":["Turbo","Compile Driver"],"picked":"Conserve Battery","floor":0.0},{"not_picked":["Recycle","Beam Cell"],"picked":"Darkness","floor":0.0},{"not_picked":["Sweeping Beam","Stack"],"picked":"Conserve Battery","floor":0.0},{"not_picked":["Reprogram","Rebound"],"picked":"Coolheaded","floor":0.0},{"not_picked":["Turbo","Hologram"],"picked":"Ball Lightning","floor":0.0},{"not_picked":["Cold Snap","Ball Lightning"],"picked":"Loop","floor":0.0},{"not_picked":["Force Field","Barrage"],"picked":"Capacitor","floor":0.0},{"not_picked":["Redo","Ball Lightning"],"picked":"Hologram","floor":0.0},{"not_picked":["Rebound","Scrape"],"picked":"Genetic Algorithm","floor":0.0},{"not_picked":["Cold Snap","Gash"],"picked":"Coolheaded","floor":0.0},{"not_picked":["Reprogram","Ball Lightning"],"picked":"Leap","floor":0.0},{"not_picked":["Leap","Coolheaded"],"picked":"Streamline","floor":0.0},{"not_picked":["Reprogram","Gash"],"picked":"Sweeping Beam","floor":1.0},{"not_picked":["Hologram","Streamline","Sweeping Beam"],"picked":"SKIP","floor":3.0},{"not_picked":["Streamline","BootSequence"],"picked":"Doom and Gloom","floor":5.0},{"not_picked":["BootSequence","Gash"],"picked":"Skim","floor":7.0},{"not_picked":["Stack","Barrage"],"picked":"Loop","floor":10.0},{"not_picked":["Go for the Eyes","Loop"],"picked":"Meteor Strike","floor":11},{"not_picked":["Barrage","Skim","Beam Cell"],"picked":"SKIP","floor":18},{"not_picked":["Reprogram","Sweeping Beam","Compile Driver"],"picked":"SKIP","floor":21},{"not_picked":["Stack","Genetic Algorithm","Hello World"],"picked":"SKIP","floor":23},{"not_picked":["Streamline","Beam Cell"],"picked":"Echo Form","floor":24},{"not_picked":["Compile Driver","Turbo"],"picked":"Defragment+1","floor":25},{"not_picked":["Reinforced Body","Barrage","Coolheaded"],"picked":"SKIP","floor":28},{"not_picked":["Meteor Strike","Creative AI"],"picked":"Multi-Cast","floor":33},{"not_picked":["Leap+1","Compile Driver+1"],"picked":"Redo","floor":35},{"not_picked":["Compile Driver+1","Rebound+1"],"picked":"Reinforced Body","floor":36},{"not_picked":["Barrage","Hologram","Steam"],"picked":"SKIP","floor":39},{"not_picked":["Sweeping Beam","Beam Cell+1","Fusion"],"picked":"SKIP","floor":41},{"not_picked":["Undo+1","Streamline"],"picked":"Force Field","floor":42},{"not_picked":["Beam Cell","Leap+1"],"picked":"Chill+1","floor":45},{"not_picked":["Sweeping Beam+1","Undo+1","Coolheaded"],"picked":"SKIP","floor":47},{"not_picked":["Steam+1","Sweeping Beam","Biased Cognition+1"],"picked":"SKIP","floor":48}],"player_experience":326952,"relics_obtained":[{"floor":9.0,"key":"Tiny Chest"},{"floor":10.0,"key":"Vajra"},{"floor":13,"key":"Calipers"},{"floor":23,"key":"Bag of Marbles"},{"floor":26,"key":"Blue Candle"},{"floor":36,"key":"Ice Cream"},{"floor":38,"key":"Mango"},{"floor":41,"key":"Whetstone"},{"floor":43,"key":"Shuriken"}],"event_choices":[{"event_name":"Liars Game","player_choice":"agreed","floor":2.0,"damage_taken":0.0},{"event_name":"Back to Basics","player_choice":"Elegance","floor":19,"damage_taken":0},{"event_name":"Upgrade Shrine","player_choice":"Upgraded","floor":22,"damage_taken":0},{"event_name":"The Mausoleum","player_choice":"Yes","floor":29,"damage_taken":0},{"event_name":"Mysterious Sphere","player_choice":"Fight","floor":36,"damage_taken":0},{"event_name":"SensoryStone","player_choice":"Memory 1","floor":37,"damage_taken":0},{"event_name":"MindBloom","player_choice":"Fight","floor":38,"damage_taken":0}],"boss_relics":[{"not_picked":["Astrolabe","Fusion Hammer"],"picked":"Runic Pyramid"},{"not_picked":["Lizard Tail","Black Star"],"picked":"Nuclear Battery"}],"items_purged_floors":[4],"is_endless":false,"potions_floor_spawned":[3,5,10,18,24,28,36,38,39,45,47],"ascension_level":0}