{"gold_per_floor":[217,232,39,39,54,54,74,84,129,129,146,146,181,181,181,181],"floor_reached":16,"playtime":547,"items_purged":["Strike_R"],"score":204,"play_id":"11ee5c47-c89c-40ea-966e-95706d47fc5c","local_time":"20190603145626","is_ascension_mode":true,"campfire_choices":[{"data":"True Grit","floor":6.0,"key":"SMITH"},{"data":"Body Slam","floor":10.0,"key":"SMITH"},{"data":"Rampage","floor":12.0,"key":"SMITH"},{"data":"Entrench","floor":15.0,"key":"SMITH"}],"neow_cost":"NONE","seed_source_timestamp":166179800082295,"circlet_count":0,"master_deck":["AscendersBane","Strike_R","Strike_R","Strike_R","Strike_R","Defend_R+1","Defend_R+1","Defend_R","Defend_R","Bash","True Grit+1","Body Slam+1","Power Through","Rampage+1","Entrench+1","Bloodletting"],"special_seed":0,"relics":["Burning Blood","Oddly Smooth Stone","Pear"],"potions_floor_usage":[16,16],"damage_taken":[{"damage":8.0,"enemies":"Jaw Worm","floor":1.0,"turns":5.0},{"damage":10.0,"enemies":"Small Slimes","floor":2.0,"turns":4.0},{"damage":3.0,"enemies":"Cultist","floor":5.0,"turns":4.0},{"damage":0.0,"enemies":"Exordium Wildlife","floor":7.0,"turns":5.0},{"damage":1.0,"enemies":"2 Fungi Beasts","floor":8.0,"turns":5.0},{"damage":3.0,"enemies":"Red Slaver","floor":11.0,"turns":4.0},{"damage":34.0,"enemies":"Gremlin Nob","floor":13.0,"turns":5.0},{"damage":19,"enemies":"Slime Boss","floor":16,"turns":11}],"seed_played":"-4887424390812368925","potions_obtained":[{"floor":2.0,"key":"Strength Potion"},{"floor":5.0,"key":"Fire Potion"},{"floor":13.0,"key":"SkillPotion"}],"is_trial":false,"path_per_floor":["M","M","$","?","M","R","M","M","T","R","M","R","E","?","R","B"],"character_chosen":"IRONCLAD","items_purchased":["Power Through","Rampage"],"campfire_rested":0,"item_purchase_floors":[3,3],"current_hp_per_floor":[66,62,62,39,42,42,48,53,53,53,56,56,38,38,38,19],"gold":181,"neow_bonus":"HUNDRED_GOLD","is_prod":false,"is_daily":false,"chose_seed":false,"campfire_upgraded":4,"win_rate":0,"timestamp":1559544986,"path_taken":["M","M","$","?","M","R","M","M","T","R","M","R","E","?","R","BOSS"],"build_version":"2019-01-23","purchased_purges":1,"victory":false,"max_hp_per_floor":[75,75,75,75,75,75,75,75,75,75,75,75,85,85,85,85],"card_choices":[{"not_picked":["Thunderclap","Heavy Blade"],"picked":"True Grit","floor":1.0},{"not_picked":["Rupture","Shockwave"],"picked":"Body Slam","floor":2.0},{"not_picked":["Corruption","Cleave","Metallicize"],"picked":"SKIP","floor":5.0},{"not_picked":["Body Slam","Flex"],"picked":"Entrench","floor":7.0},{"not_picked":["Cleave","Perfected Strike"],"picked":"Bloodletting","floor":8.0},{"not_picked":["Anger","Wild Strike","Blood for Blood"],"picked":"SKIP","floor":11.0},{"not_picked":["Thunderclap","Brutality","Pommel Strike"],"picked":"SKIP","floor":13.0}],"player_experience":5020782,"relics_obtained":[{"floor":9.0,"key":"Oddly Smooth Stone"},{"floor":13.0,"key":"Pear"}],"event_choices":[{"damage_healed":0.0,"max_hp_gain":0.0,"max_hp_loss":0.0,"gold_gain":0.0,"event_name":"Shining Light","player_choice":"Entered Light","floor":4.0,"gold_loss":0.0,"damage_taken":23.0,"cards_upgraded":["Defend_R","Defend_R"]},{"damage_healed":0.0,"max_hp_gain":0.0,"max_hp_loss":0.0,"gold_gain":0.0,"event_name":"Liars Game","player_choice":"Ignored","floor":14.0,"gold_loss":0.0,"damage_taken":0.0}],"is_beta":false,"boss_relics":[],"items_purged_floors":[3],"is_endless":false,"potions_floor_spawned":[2,5,11,13],"killed_by":"Slime Boss","ascension_level":20}