{"gold_per_floor":[117,117,117,117,117,151,168,195,266,266,284,297,297,21,21,92,92,103,113,113],"floor_reached":20,"playtime":649,"items_purged":["Strike_G"],"score":414,"play_id":"a157858e-1731-4e37-bf7f-08e4f7950148","local_time":"20181202212413","is_ascension_mode":true,"campfire_choices":[{"data":"Neutralize","floor":13,"key":"SMITH"},{"data":"Endless Agony","floor":15,"key":"SMITH"}],"neow_cost":"NONE","seed_source_timestamp":7709007351026,"circlet_count":0,"master_deck":["AscendersBane","Defend_G","Defend_G","Defend_G","Defend_G","Defend_G","Strike_G","Strike_G","Strike_G","Survivor","Neutralize+1","All Out Attack+1","Slice","Backflip","Deflect","Concentrate","Slice","Endless Agony+1","Outmaneuver"],"special_seed":0,"relics":["Ring of the Snake","NeowsBlessing","Orichalcum","Unceasing Top","Ornamental Fan","Frozen Egg 2","Happy Flower","HoveringKite"],"potions_floor_usage":[],"damage_taken":[{"damage":0.0,"enemies":"Jaw Worm","floor":1.0,"turns":1.0},{"damage":0,"enemies":"Gremlin Nob","floor":6,"turns":1},{"damage":0,"enemies":"Small Slimes","floor":7,"turns":1},{"damage":34,"enemies":"3 Sentries","floor":8,"turns":6},{"damage":0,"enemies":"2 Louse","floor":11,"turns":2},{"damage":0,"enemies":"2 Fungi Beasts","floor":12,"turns":2},{"damage":9,"enemies":"Slime Boss","floor":16,"turns":10},{"damage":0,"enemies":"Shell Parasite","floor":18,"turns":5},{"damage":6,"enemies":"Spheric Guardian","floor":19,"turns":4},{"damage":16,"enemies":"Cultist and Chosen","floor":20,"turns":4}],"seed_played":"-4274788309066978809","potions_obtained":[{"floor":1.0,"key":"Energy Potion"},{"floor":6,"key":"SpeedPotion"}],"is_trial":false,"path_per_floor":["M","?","?","?","?","E","M","E","T","?","M","M","R","$","R","B",null,"M","M","M"],"character_chosen":"THE_SILENT","items_purchased":["Endless Agony","Happy Flower"],"campfire_rested":0,"item_purchase_floors":[14,14],"current_hp_per_floor":[59,59,52,52,41,41,41,7,7,29,29,29,29,29,29,20,55,55,49,33],"gold":113,"neow_bonus":"THREE_ENEMY_KILL","is_prod":false,"is_daily":false,"chose_seed":false,"campfire_upgraded":2,"win_rate":0,"timestamp":1543757053,"path_taken":["M","?","?","?","?","E","M","E","T","?","?","M","R","$","R","BOSS","M","M","M"],"build_version":"2018-11-15","purchased_purges":1,"victory":false,"max_hp_per_floor":[66,66,66,66,66,66,66,66,66,66,66,66,66,66,66,66,66,66,66,66],"card_choices":[{"not_picked":["Catalyst","Dagger Throw"],"picked":"All Out Attack","floor":1.0},{"not_picked":["Infinite Blades","Bane"],"picked":"Slice","floor":6},{"not_picked":["Sucker Punch","All Out Attack"],"picked":"Backflip","floor":7},{"not_picked":["Poisoned Stab","Storm of Steel"],"picked":"Deflect","floor":8},{"not_picked":["Dodge and Roll","Deadly Poison"],"picked":"Concentrate","floor":11},{"not_picked":["Dodge and Roll","Backstab"],"picked":"Slice","floor":12},{"not_picked":["Outmaneuver","Deadly Poison","Riddle With Holes"],"picked":"SKIP","floor":18},{"not_picked":["Deadly Poison","Riddle With Holes"],"picked":"Outmaneuver","floor":18},{"not_picked":["PiercingWail","Bane+1","Dagger Throw"],"picked":"SKIP","floor":19}],"player_experience":1188585,"relics_obtained":[{"floor":6,"key":"Unceasing Top"},{"floor":8,"key":"Ornamental Fan"},{"floor":9,"key":"Frozen Egg 2"}],"event_choices":[{"damage_healed":0,"gold_gain":0,"player_choice":"Grow","damage_taken":0,"max_hp_gain":0,"max_hp_loss":0,"event_name":"Living Wall","floor":2,"gold_loss":0,"cards_upgraded":["All Out Attack"]},{"cards_removed":["Strike_G"],"damage_healed":0,"gold_gain":0,"player_choice":"Card Removal","damage_taken":7,"max_hp_gain":0,"max_hp_loss":0,"event_name":"Golden Wing","floor":3,"gold_loss":0},{"damage_healed":0,"gold_gain":0,"player_choice":"Ignored","damage_taken":0,"max_hp_gain":0,"max_hp_loss":0,"event_name":"Liars Game","floor":4,"gold_loss":0},{"damage_healed":0,"gold_gain":0,"player_choice":"Success","damage_taken":11,"relics_obtained":["Orichalcum"],"max_hp_gain":0,"max_hp_loss":0,"event_name":"Scrap Ooze","floor":5,"gold_loss":0},{"damage_healed":22,"gold_gain":0,"player_choice":"Banana","damage_taken":0,"max_hp_gain":0,"max_hp_loss":0,"event_name":"Big Fish","floor":10,"gold_loss":0}],"is_beta":true,"boss_relics":[{"not_picked":["Empty Cage","Calling Bell"],"picked":"HoveringKite"}],"items_purged_floors":[14],"is_endless":false,"potions_floor_spawned":[1,6,12],"killed_by":"Cultist and Chosen","ascension_level":20}