{"gold_per_floor":[110,124,49,62,62,96,96,125,125,125,125,143,143,161,161,266,266,280,299,313,8,8],"floor_reached":22,"playtime":1746,"items_purged":["Strike_R","Strike_R"],"score":255,"play_id":"0d078f32-cc0d-4de9-90ef-af6708f431a8","local_time":"20190726043106","is_ascension_mode":true,"campfire_choices":[{"data":"Hemokinesis","floor":7,"key":"SMITH"},{"data":"Limit Break","floor":10,"key":"SMITH"},{"data":"Spot Weakness","floor":13,"key":"SMITH"},{"data":"Ghostly Armor","floor":15,"key":"SMITH"}],"neow_cost":"NONE","seed_source_timestamp":487710999693525,"circlet_count":0,"master_deck":["Strike_R+1","Strike_R","Strike_R","Defend_R","Defend_R","Defend_R","Defend_R","Bash+1","Hemokinesis+1","Sever Soul","Limit Break+1","Rage+1","Spot Weakness+1","Ghostly Armor+1","Double Tap","Heavy Blade","Clothesline+1"],"relics":["Burning Blood","Oddly Smooth Stone","Mercury Hourglass","Pantograph","Philosopher\u0027s Stone","Whetstone"],"potions_floor_usage":[6,8,16,16,18,19],"damage_taken":[{"damage":1,"enemies":"Cultist","floor":1,"turns":3},{"damage":12,"enemies":"Jaw Worm","floor":2,"turns":3},{"damage":0,"enemies":"2 Louse","floor":4,"turns":3},{"damage":36,"enemies":"3 Sentries","floor":6,"turns":7},{"damage":20,"enemies":"Gremlin Nob","floor":8,"turns":4},{"damage":8,"enemies":"2 Fungi Beasts","floor":12,"turns":2},{"damage":2,"enemies":"Looter","floor":14,"turns":2},{"damage":24,"enemies":"Slime Boss","floor":16,"turns":8},{"damage":14,"enemies":"2 Thieves","floor":18,"turns":4},{"damage":44,"enemies":"3 Byrds","floor":19,"turns":5},{"damage":36,"enemies":"Cultist and Chosen","floor":20,"turns":5},{"damage":16,"enemies":"Sentry and Sphere","floor":22,"turns":3}],"seed_played":"6070202292692311760","potions_obtained":[{"floor":1,"key":"Fire Potion"},{"floor":4,"key":"Weak Potion"},{"floor":8,"key":"Explosive Potion"},{"floor":12,"key":"SteroidPotion"},{"floor":16,"key":"Energy Potion"},{"floor":18,"key":"EssenceOfSteel"}],"is_trial":false,"path_per_floor":["M","M","$","M","?","E","R","E","T","R","?","M","R","M","R","B",null,"M","M","M","$","M"],"character_chosen":"IRONCLAD","items_purchased":["Whetstone","Energy Potion"],"campfire_rested":0,"item_purchase_floors":[21,21],"current_hp_per_floor":[85,79,79,85,90,60,60,46,46,46,46,44,44,48,48,55,84,76,38,8,8,0],"gold":8,"neow_bonus":"TEN_PERCENT_HP_BONUS","is_prod":false,"is_daily":false,"chose_seed":false,"campfire_upgraded":4,"win_rate":0,"timestamp":1564133466,"path_taken":["M","M","$","M","?","E","R","E","T","R","?","M","R","M","R","BOSS","M","M","M","$","M"],"build_version":"2019-07-17","purchased_purges":2,"victory":false,"max_hp_per_floor":[88,88,88,88,93,93,93,93,93,93,93,93,93,93,93,93,93,93,93,93,93,93],"card_choices":[{"not_picked":["Dropkick","Sword Boomerang"],"picked":"Hemokinesis","floor":1},{"not_picked":["Flex","Clash"],"picked":"Sever Soul","floor":2},{"not_picked":["Second Wind","Headbutt"],"picked":"Limit Break","floor":4},{"not_picked":["Body Slam","Fire Breathing"],"picked":"Rage","floor":6},{"not_picked":["Corruption","Rupture"],"picked":"Spot Weakness","floor":8},{"not_picked":["Burning Pact","Anger","True Grit"],"picked":"SKIP","floor":12},{"not_picked":["Pommel Strike","Iron Wave"],"picked":"Ghostly Armor","floor":14},{"not_picked":["Berserk","Exhume"],"picked":"Double Tap","floor":16},{"not_picked":["Carnage","Dropkick+1","Perfected Strike"],"picked":"SKIP","floor":18},{"not_picked":["Hemokinesis","Headbutt"],"picked":"Heavy Blade","floor":19},{"not_picked":["Armaments","Clash+1"],"picked":"Clothesline+1","floor":20}],"player_experience":313428,"relics_obtained":[{"floor":6,"key":"Oddly Smooth Stone"},{"floor":8,"key":"Mercury Hourglass"},{"floor":9,"key":"Pantograph"}],"event_choices":[{"damage_healed":0,"gold_gain":0,"player_choice":"Donut","damage_taken":0,"max_hp_gain":5,"max_hp_loss":0,"event_name":"Big Fish","floor":5,"gold_loss":0},{"damage_healed":0,"gold_gain":0,"player_choice":"Forge","damage_taken":0,"max_hp_gain":0,"max_hp_loss":0,"event_name":"Accursed Blacksmith","floor":11,"gold_loss":0,"cards_upgraded":["Rage"]}],"is_beta":false,"boss_relics":[{"not_picked":["Black Star","Snecko Eye"],"picked":"Philosopher\u0027s Stone"}],"items_purged_floors":[3,21],"is_endless":false,"potions_floor_spawned":[1,4,8,12,16,18],"killed_by":"Sentry and Sphere","ascension_level":6}