{"gold_per_floor":[118,132,55,70,88,88,116,116,142,187,274,286,311,352,364,448,460,482,494,525,537,559,571,638,664,676,715,727,749,761,805,817,900,912,937,962,974,986,1009,1021],"floor_reached":40,"playtime":2022,"items_purged":[],"score":1207,"play_id":"18672f46-9f1c-4ec0-9cb1-2d5c76bf5e6e","local_time":"20190316155003","is_ascension_mode":true,"campfire_choices":[{"data":"Deadly Poison","floor":6.0,"key":"SMITH"},{"data":"All Out Attack","floor":8.0,"key":"SMITH"},{"data":"Well Laid Plans","floor":15.0,"key":"SMITH"},{"data":"Malaise","floor":23.0,"key":"SMITH"},{"data":"Acrobatics","floor":28.0,"key":"SMITH"},{"data":"Backflip","floor":30.0,"key":"SMITH"},{"data":"Grand Finale","floor":32.0,"key":"SMITH"}],"neow_cost":"TEN_PERCENT_HP_LOSS","seed_source_timestamp":15767995938410,"circlet_count":0,"master_deck":["AscendersBane","Survivor+1","Neutralize","All Out Attack+1","Deadly Poison+1","Well Laid Plans+1","Bane+1","PiercingWail","Escape Plan+1","Grand Finale+1","After Image","Malaise+1","Well Laid Plans","Leg Sweep","Slice","Noxious Fumes","Night Terror","Blur","Catalyst+1","Acrobatics+1","Backflip+1"],"special_seed":0,"relics":["Ring of the Snake","Snake Skull","MawBank","War Paint","Oddly Smooth Stone","Pandora\u0027s Box","Tiny Chest","Calipers","Mummified Hand","HoveringKite"],"potions_floor_usage":[40],"damage_taken":[{"damage":4.0,"enemies":"Small Slimes","floor":1.0,"turns":4.0},{"damage":3.0,"enemies":"Cultist","floor":2.0,"turns":4.0},{"damage":0.0,"enemies":"2 Louse","floor":4.0,"turns":2.0},{"damage":3.0,"enemies":"Exordium Thugs","floor":5.0,"turns":4.0},{"damage":19.0,"enemies":"Gremlin Nob","floor":7.0,"turns":4.0},{"damage":16.0,"enemies":"Lagavulin","floor":10.0,"turns":5.0},{"damage":0.0,"enemies":"Exordium Wildlife","floor":13.0,"turns":5.0},{"damage":0.0,"enemies":"Gremlin Nob","floor":14.0,"turns":3.0},{"damage":0.0,"enemies":"Hexaghost","floor":16.0,"turns":9.0},{"damage":0.0,"enemies":"3 Byrds","floor":18.0,"turns":5.0},{"damage":3.0,"enemies":"Spheric Guardian","floor":20.0,"turns":6.0},{"damage":0.0,"enemies":"Centurion and Healer","floor":22.0,"turns":5.0},{"damage":12.0,"enemies":"Book of Stabbing","floor":24.0,"turns":8.0},{"damage":15.0,"enemies":"Snecko","floor":25.0,"turns":7.0},{"damage":0.0,"enemies":"Gremlin Leader","floor":27.0,"turns":5.0},{"damage":6.0,"enemies":"Cultist and Chosen","floor":29.0,"turns":3.0},{"damage":0.0,"enemies":"Book of Stabbing","floor":31.0,"turns":4.0},{"damage":6.0,"enemies":"Collector","floor":33.0,"turns":7.0},{"damage":0.0,"enemies":"3 Darklings","floor":35.0,"turns":4.0},{"damage":0.0,"enemies":"3 Shapes","floor":36.0,"turns":6.0},{"damage":14.0,"enemies":"Jaw Worm Horde","floor":39.0,"turns":5.0},{"damage":36,"enemies":"Reptomancer","floor":40,"turns":2}],"seed_played":"-7349216026155933691","potions_obtained":[{"floor":5.0,"key":"Swift Potion"},{"floor":7.0,"key":"Explosive Potion"},{"floor":10.0,"key":"EssenceOfSteel"},{"floor":13.0,"key":"PowerPotion"},{"floor":20.0,"key":"Regen Potion"},{"floor":25.0,"key":"AttackPotion"},{"floor":29.0,"key":"Fire Potion"},{"floor":39.0,"key":"Strength Potion"}],"is_trial":false,"path_per_floor":["M","M","$","M","M","R","E","R","T","E","?","?","M","E","R","B",null,"M","?","M","?","M","R","E","M","T","E","R","M","R","E","R","B",null,"M","M","?","?","M","E"],"character_chosen":"THE_SILENT","items_purchased":["Well Laid Plans"],"campfire_rested":0,"item_purchase_floors":[3],"current_hp_per_floor":[55,52,52,52,49,49,30,30,30,14,3,3,3,3,3,3,46,46,46,43,43,43,43,46,31,31,31,31,25,25,25,25,19,50,50,50,50,50,36,0],"gold":1021,"neow_bonus":"REMOVE_TWO","is_prod":false,"is_daily":false,"chose_seed":false,"campfire_upgraded":7,"win_rate":0,"timestamp":1552722603,"path_taken":["M","M","$","M","M","R","E","R","T","E","?","?","M","E","R","BOSS","M","?","M","?","?","R","E","M","T","E","R","M","R","E","R","BOSS","M","M","?","?","M","E"],"build_version":"2019-01-23","purchased_purges":0,"victory":false,"max_hp_per_floor":[60,60,60,60,60,60,60,60,60,60,60,60,60,60,60,60,60,60,60,60,60,60,60,60,60,60,60,60,60,60,60,60,60,60,60,60,57,57,57,57],"card_choices":[{"not_picked":["Underhanded Strike","Quick Slash"],"picked":"All Out Attack","floor":1.0},{"not_picked":["Prepared","Slice"],"picked":"Deadly Poison","floor":2.0},{"not_picked":["Quick Slash","Acrobatics","Dodge and Roll"],"picked":"SKIP","floor":4.0},{"not_picked":["PiercingWail","Outmaneuver"],"picked":"Bane","floor":5.0},{"not_picked":["Finisher","Poisoned Stab"],"picked":"PiercingWail","floor":7.0},{"not_picked":["Flying Knee","Dagger Throw"],"picked":"Escape Plan","floor":10.0},{"not_picked":["Predator","Dagger Spray"],"picked":"Grand Finale","floor":13.0},{"not_picked":["Heel Hook","Noxious Fumes"],"picked":"After Image","floor":14.0},{"not_picked":["Die Die Die","Venomology"],"picked":"Malaise","floor":16.0},{"not_picked":["Underhanded Strike","Dash","All Out Attack"],"picked":"SKIP","floor":18.0},{"not_picked":["Poisoned Stab","Flechettes"],"picked":"Catalyst+1","floor":20.0},{"not_picked":["Blade Dance","Poisoned Stab","PiercingWail"],"picked":"SKIP","floor":22.0},{"not_picked":["Backstab+1","Sucker Punch+1"],"picked":"Acrobatics","floor":24.0},{"not_picked":["Underhanded Strike","Riddle With Holes","Dagger Throw"],"picked":"SKIP","floor":25.0},{"not_picked":["Glass Knife","Doppelganger","Quick Slash"],"picked":"SKIP","floor":27.0},{"not_picked":["Dagger Spray+1","Sucker Punch+1"],"picked":"Backflip","floor":29.0},{"not_picked":["Cloak And Dagger","Accuracy","Escape Plan"],"picked":"SKIP","floor":31.0},{"not_picked":["Prepared","Setup","Dagger Throw"],"picked":"SKIP","floor":35.0},{"not_picked":["PiercingWail","Dagger Spray","Footwork"],"picked":"SKIP","floor":36.0},{"not_picked":["Flechettes+1","Dagger Spray","Crippling Poison+1"],"picked":"SKIP","floor":39.0}],"player_experience":3628830,"relics_obtained":[{"floor":7.0,"key":"Snake Skull"},{"floor":9.0,"key":"MawBank"},{"floor":10.0,"key":"War Paint"},{"floor":14.0,"key":"Oddly Smooth Stone"},{"floor":24.0,"key":"Tiny Chest"},{"floor":27.0,"key":"Calipers"},{"floor":31.0,"key":"Mummified Hand"}],"event_choices":[{"damage_healed":0.0,"max_hp_gain":0.0,"max_hp_loss":0.0,"gold_gain":75.0,"event_name":"World of Goop","player_choice":"Gather Gold","floor":11.0,"gold_loss":0.0,"damage_taken":11.0},{"damage_healed":0.0,"max_hp_gain":0.0,"max_hp_loss":0.0,"gold_gain":0.0,"event_name":"Accursed Blacksmith","player_choice":"Forge","floor":12.0,"gold_loss":0.0,"damage_taken":0.0,"cards_upgraded":["Bane"]},{"damage_healed":0.0,"max_hp_gain":0.0,"max_hp_loss":0.0,"gold_gain":0.0,"event_name":"The Mausoleum","player_choice":"Ignored","floor":19.0,"gold_loss":0.0,"damage_taken":0.0},{"cards_removed":["All Out Attack"],"damage_healed":0.0,"max_hp_gain":0.0,"max_hp_loss":0.0,"gold_gain":0.0,"event_name":"Purifier","player_choice":"Purged","floor":21.0,"gold_loss":0.0,"damage_taken":0.0},{"damage_healed":0.0,"max_hp_gain":0.0,"max_hp_loss":3.0,"gold_gain":0.0,"event_name":"Winding Halls","player_choice":"Max HP","floor":37.0,"gold_loss":0.0,"damage_taken":0.0},{"cards_removed":["Dagger Throw"],"damage_healed":0.0,"max_hp_gain":0.0,"max_hp_loss":0.0,"gold_gain":0.0,"event_name":"Falling","player_choice":"Removed Attack","floor":38.0,"gold_loss":0.0,"damage_taken":0.0}],"is_beta":false,"boss_relics":[{"not_picked":["Cursed Key","Snecko Eye"],"picked":"Pandora\u0027s Box"},{"not_picked":["Calling Bell","Lizard Tail"],"picked":"HoveringKite"}],"items_purged_floors":[],"is_endless":false,"potions_floor_spawned":[5,7,10,13,20,25,29,39],"killed_by":"Reptomancer","ascension_level":20}