{"gold_per_floor":[362,381,92,242,29,29,54,69,96,96,111,111],"floor_reached":12,"playtime":401,"items_purged":["Doubt","Doubt"],"score":156,"play_id":"5dc7f4f7-01e2-4dda-ab9a-4d02e2f6d292","local_time":"20190420144448","is_ascension_mode":true,"campfire_choices":[{"data":"Deadly Poison","floor":6,"key":"SMITH"},{"data":"Glass Knife","floor":10,"key":"SMITH"}],"neow_cost":"CURSE","seed_source_timestamp":9503504602761,"circlet_count":0,"master_deck":["AscendersBane","Defend_G","Defend_G","Defend_G","Defend_G","Defend_G","Strike_G","Strike_G","Strike_G","Strike_G","Strike_G","Survivor","Neutralize","Tactician","All Out Attack","Deadly Poison+1","Well Laid Plans","Malaise","Glass Knife+1"],"relics":["Ring of the Snake","Membership Card","Dream Catcher","Omamori"],"potions_floor_usage":[7],"damage_taken":[{"damage":1,"enemies":"2 Louse","floor":1,"turns":3},{"damage":25,"enemies":"Jaw Worm","floor":2,"turns":11},{"damage":27,"enemies":"3 Sentries","floor":7,"turns":9},{"damage":0,"enemies":"Small Slimes","floor":8,"turns":3},{"damage":6,"enemies":"3 Louse","floor":11,"turns":2},{"damage":6,"enemies":"Gremlin Nob","floor":12,"turns":3}],"seed_played":"-9083383428697268501","potions_obtained":[{"floor":2,"key":"LiquidBronze"},{"floor":7,"key":"Dexterity Potion"}],"is_trial":false,"path_per_floor":["M","M","$","?","$","R","E","M","T","R","M","E"],"character_chosen":"THE_SILENT","items_purchased":["Membership Card","Deadly Poison","Well Laid Plans","Malaise","Regen Potion"],"campfire_rested":0,"item_purchase_floors":[3,3,5,5,5],"current_hp_per_floor":[58,33,33,33,33,33,21,21,21,21,15,9],"gold":111,"neow_bonus":"TWO_FIFTY_GOLD","is_prod":false,"is_daily":false,"chose_seed":false,"campfire_upgraded":2,"win_rate":0,"timestamp":1555742688,"path_taken":["M","M","$","?","$","R","E","M","T","R","M","E"],"build_version":"2019-01-23","purchased_purges":2,"victory":false,"max_hp_per_floor":[66,66,66,66,66,66,66,66,66,66,66,66],"card_choices":[{"not_picked":["Skewer","PiercingWail"],"picked":"Tactician","floor":1},{"not_picked":["Underhanded Strike","Backflip"],"picked":"All Out Attack","floor":2},{"not_picked":["Dodge and Roll","Dagger Throw"],"picked":"Glass Knife","floor":7},{"not_picked":["Dagger Throw","Dagger Spray","PiercingWail"],"picked":"SKIP","floor":8},{"not_picked":["PiercingWail","Blade Dance","Slice"],"picked":"SKIP","floor":11}],"player_experience":4420060,"relics_obtained":[{"floor":7,"key":"Dream Catcher"},{"floor":9,"key":"Omamori"}],"event_choices":[{"damage_healed":0,"gold_gain":150,"player_choice":"AGREE","damage_taken":0,"max_hp_gain":0,"max_hp_loss":0,"event_name":"Liars Game","floor":4,"gold_loss":0,"cards_obtained":["Doubt"]}],"is_beta":false,"boss_relics":[],"items_purged_floors":[3,5],"is_endless":false,"potions_floor_spawned":[2,7],"killed_by":"Gremlin Nob","ascension_level":20}