{"gold_per_floor":[111,111,36,36,51,51,62,62,62,62,62,62,80,96,96,170,170,190,190,190,21,41,41,56,56,82,7,21,21,21,38,38,109,109,123,133,149,149,149,149,166,166,192,25,39,39,55,55,55,55],"floor_reached":50,"playtime":1678,"items_purged":["Strike_B"],"score":893,"play_id":"a385ec3a-8c85-48bf-886d-e3c311f070fa","local_time":"20190130000837","is_ascension_mode":true,"campfire_choices":[{"data":"Dualcast","floor":6,"key":"SMITH"},{"data":"Defragment","floor":10,"key":"SMITH"},{"data":"Zap","floor":12,"key":"SMITH"},{"data":"Coolheaded","floor":15,"key":"SMITH"},{"floor":23,"key":"REST"},{"data":"Gash","floor":25,"key":"SMITH"},{"data":"White Noise","floor":30,"key":"SMITH"},{"data":"Hologram","floor":32,"key":"SMITH"},{"floor":40,"key":"REST"},{"data":"Fission","floor":42,"key":"SMITH"},{"data":"Defragment","floor":49,"key":"SMITH"}],"neow_cost":"NONE","seed_source_timestamp":0,"circlet_count":0,"master_deck":["AscendersBane","Strike_B","Strike_B","Defend_B","Defend_B","Defend_B","Defend_B","Zap+1","Dualcast+1","Meteor Strike","Coolheaded+1","Glacier","Defragment+1","Regret","White Noise+1","Core Surge","Glacier","Gash+1","Go for the Eyes+1","Hologram+1","Fission+1","Force Field","Writhe","Undo+1","Doom and Gloom","Defragment+1","Recycle","Doubt","Chaos"],"relics":["Cracked Core","Blue Candle","Gremlin Horn","Shuriken","Letter Opener","Runic Pyramid","Regal Pillow","DataDisk","Pear","Snecko Eye","Vajra"],"potions_floor_usage":[16,18,24,28,45,50,50],"damage_taken":[{"damage":4,"enemies":"Small Slimes","floor":1,"turns":4},{"damage":2,"enemies":"Jaw Worm","floor":5,"turns":5},{"damage":0,"enemies":"Cultist","floor":7,"turns":3},{"damage":3,"enemies":"2 Fungi Beasts","floor":13,"turns":3},{"damage":1,"enemies":"3 Louse","floor":14,"turns":3},{"damage":37,"enemies":"Slime Boss","floor":16,"turns":17},{"damage":16,"enemies":"2 Thieves","floor":18,"turns":4},{"damage":24,"enemies":"Colosseum Slavers","floor":19,"turns":5},{"damage":0,"enemies":"Shell Parasite","floor":22,"turns":10},{"damage":9,"enemies":"Centurion and Healer","floor":24,"turns":11},{"damage":1,"enemies":"3 Cultists","floor":28,"turns":5},{"damage":8,"enemies":"Snake Plant","floor":31,"turns":6},{"damage":1,"enemies":"Collector","floor":33,"turns":16},{"damage":1,"enemies":"Orb Walker","floor":35,"turns":3},{"damage":15,"enemies":"3 Darklings","floor":36,"turns":5},{"damage":42,"enemies":"Jaw Worm Horde","floor":37,"turns":6},{"damage":2,"enemies":"Transient","floor":41,"turns":5},{"damage":22,"enemies":"Maw","floor":45,"turns":9},{"damage":7,"enemies":"Writhing Mass","floor":47,"turns":5},{"damage":79,"enemies":"Donu and Deca","floor":50,"turns":11}],"seed_played":"6071574866052609","potions_obtained":[{"floor":7,"key":"Poison Potion"},{"floor":14,"key":"Swift Potion"},{"floor":16,"key":"Strength Potion"},{"floor":18,"key":"Ancient Potion"},{"floor":24,"key":"Poison Potion"},{"floor":31,"key":"SpeedPotion"},{"floor":45,"key":"SpeedPotion"}],"is_trial":false,"path_per_floor":["M","?","?","T","M","R","M","$","T","R","?","R","M","M","R","B",null,"M","?","?","$","M","R","M","R","T","$","M","T","R","M","R","B",null,"M","M","M","?","?","R","M","R","T","$","M","?","M","$","R","B"],"character_chosen":"DEFECT","items_purchased":["Regal Pillow","Doom and Gloom","Defragment"],"campfire_rested":2,"item_purchase_floors":[21,44,44],"current_hp_per_floor":[60,55,55,55,53,53,53,53,53,53,53,53,50,49,49,12,56,40,16,16,16,16,52,43,43,43,43,42,52,52,44,44,43,72,71,56,14,30,30,69,67,67,67,67,45,81,74,74,74,0],"gold":55,"neow_bonus":"ONE_RANDOM_RARE_CARD","is_prod":false,"is_daily":false,"chose_seed":true,"campfire_upgraded":9,"win_rate":0,"timestamp":1548778117,"path_taken":["M","?","?","?","?","R","M","$","T","R","?","R","M","M","R","BOSS","M","?","?","?","?","R","M","R","T","?","M","?","R","M","R","BOSS","M","M","?","?","?","R","M","R","T","$","M","?","M","$","R","BOSS"],"build_version":"2019-01-23","purchased_purges":1,"victory":false,"max_hp_per_floor":[71,71,71,71,71,71,71,71,71,71,71,71,71,71,71,71,71,71,71,71,71,71,71,71,71,71,71,71,81,81,81,81,81,81,81,81,81,81,81,81,81,81,81,81,81,81,81,81,81,81],"card_choices":[{"not_picked":["Go for the Eyes","Redo"],"picked":"Coolheaded","floor":1},{"not_picked":["Cold Snap","Redo"],"picked":"Glacier","floor":5},{"not_picked":["Redo","Rainbow"],"picked":"Defragment","floor":7},{"not_picked":["Melter","Coolheaded","Beam Cell"],"picked":"SKIP","floor":13},{"not_picked":["Genetic Algorithm","BootSequence"],"picked":"White Noise","floor":14},{"not_picked":["All For One","Fission"],"picked":"Core Surge","floor":16},{"not_picked":["Double Energy","Beam Cell","Rip and Tear+1"],"picked":"SKIP","floor":18},{"not_picked":["Sweeping Beam+1","Conserve Battery","Rebound"],"picked":"SKIP","floor":22},{"not_picked":["Aggregate","Steam Power"],"picked":"Gash","floor":24},{"not_picked":["Reprogram","Rebound"],"picked":"Go for the Eyes+1","floor":28},{"not_picked":["Barrage","Leap"],"picked":"Hologram","floor":31},{"not_picked":["Buffer","Hyperbeam"],"picked":"Fission","floor":33},{"not_picked":["Rebound","Scrape","Stack"],"picked":"SKIP","floor":35},{"not_picked":["Chill","Redo"],"picked":"Force Field","floor":36},{"not_picked":["Reprogram","Compile Driver","Rebound"],"picked":"SKIP","floor":37},{"not_picked":["Redo","Coolheaded"],"picked":"Undo+1","floor":41},{"not_picked":["BootSequence","Reprogram"],"picked":"Recycle","floor":45},{"not_picked":["Ball Lightning","Steam+1"],"picked":"Chaos","floor":47}],"player_experience":2393941,"relics_obtained":[{"floor":4,"key":"Gremlin Horn"},{"floor":9,"key":"Shuriken"},{"floor":26,"key":"DataDisk"},{"floor":29,"key":"Pear"},{"floor":43,"key":"Vajra"}],"event_choices":[{"damage_healed":0,"gold_gain":0,"player_choice":"Success","damage_taken":5,"relics_obtained":["Blue Candle"],"max_hp_gain":0,"max_hp_loss":0,"event_name":"Scrap Ooze","floor":2,"gold_loss":0},{"cards_removed":["Strike_B"],"damage_healed":0,"gold_gain":0,"player_choice":"Card Removal","damage_taken":0,"max_hp_gain":0,"max_hp_loss":0,"event_name":"The Cleric","floor":3,"gold_loss":75},{"damage_healed":0,"gold_gain":0,"player_choice":"Box","damage_taken":0,"relics_obtained":["Letter Opener"],"max_hp_gain":0,"max_hp_loss":0,"event_name":"Big Fish","floor":11,"gold_loss":0,"cards_obtained":["Regret"]},{"damage_healed":0,"gold_gain":0,"player_choice":"Fight","damage_taken":0,"max_hp_gain":0,"max_hp_loss":0,"event_name":"Colosseum","floor":19,"gold_loss":0},{"damage_healed":0,"gold_gain":0,"player_choice":"Fled From Nobs","damage_taken":0,"max_hp_gain":0,"max_hp_loss":0,"event_name":"Colosseum","floor":19,"gold_loss":0},{"damage_healed":0,"gold_gain":0,"player_choice":"Read","damage_taken":0,"max_hp_gain":0,"max_hp_loss":0,"event_name":"The Library","floor":20,"gold_loss":0,"cards_obtained":["Glacier"]},{"damage_healed":16,"gold_gain":0,"player_choice":"Writhe","damage_taken":0,"max_hp_gain":0,"max_hp_loss":0,"event_name":"Winding Halls","floor":38,"gold_loss":0,"cards_obtained":["Writhe"]},{"damage_healed":0,"gold_gain":0,"player_choice":"Ignored","damage_taken":0,"max_hp_gain":0,"max_hp_loss":0,"event_name":"Mysterious Sphere","floor":39,"gold_loss":0},{"damage_healed":36,"gold_gain":0,"player_choice":"Heal","damage_taken":0,"max_hp_gain":0,"max_hp_loss":0,"event_name":"MindBloom","floor":46,"gold_loss":0,"cards_obtained":["Doubt"]}],"is_beta":false,"boss_relics":[{"not_picked":["Tiny House","Philosopher\u0027s Stone"],"picked":"Runic Pyramid"},{"not_picked":["Cursed Key","Lizard Tail"],"picked":"Snecko Eye"}],"items_purged_floors":[27],"is_endless":false,"potions_floor_spawned":[7,14,16,18,22,24,31,36,45,47],"killed_by":"Donu and Deca","ascension_level":16}