{"path_per_floor":["M","M","T","?","$","R","M","E","T","E","M","R","E","?","R"],"character_chosen":"DEFECT","items_purchased":[],"gold_per_floor":[114,129,129,129,129,129,144,174,224,254,269,269,299,374,374,374],"floor_reached":16,"campfire_rested":0,"playtime":521,"item_purchase_floors":[],"current_hp_per_floor":[75,71,71,64,64,64,61,68,68,40,44,44,34,23,23,0],"items_purged":[],"gold":374,"score":243,"play_id":"595c8f20-5676-4d81-8888-2a6c2b31733d","local_time":"20180611085700","daily_mods":["Allstar","Lethality","Hoarder"],"is_prod":false,"is_daily":true,"chose_seed":false,"is_ascension_mode":false,"campfire_upgraded":3,"win_rate":0,"timestamp":1528678620,"campfire_choices":[{"data":"Zap","floor":6,"key":"SMITH"},{"data":"Dualcast","floor":12,"key":"SMITH"},{"data":"Enlightenment","floor":15,"key":"SMITH"}],"path_taken":["M","M","?","?","$","R","M","E","T","E","M","R","E","?","R","BOSS"],"build_version":"2018-06-08","seed_source_timestamp":1426149462581,"purchased_purges":0,"victory":false,"master_deck":["Strike_B","Strike_B","Strike_B","Defend_B","Defend_B","Defend_B","Defend_B","Zap+1","Dualcast+1","Thinking Ahead","Thinking Ahead","Thinking Ahead","Panache","Panache","Panache","Jack Of All Trades","Jack Of All Trades","Jack Of All Trades","Deep Breath","Deep Breath","Deep Breath","Enlightenment+1","Enlightenment","Enlightenment","Go for the Eyes","Go for the Eyes","Go for the Eyes","Chaos","Chaos","Chaos","Chaos","Chaos","Chaos","White Noise","White Noise","White Noise","Gash","Gash","Gash","All For One","All For One","All For One","Sweeping Beam","Sweeping Beam","Sweeping Beam"],"max_hp_per_floor":[75,75,75,75,75,75,75,82,82,82,82,82,82,82,82,82],"relics":["Cracked Core","Juzu Bracelet","Strawberry","Bag of Preparation","Unceasing Top","Shuriken"],"card_choices":[{"not_picked":["Rebound","Steam"],"picked":"Go for the Eyes","floor":1},{"not_picked":["Turbo","Redo"],"picked":"Chaos","floor":2},{"not_picked":["Hologram","Rebound"],"picked":"Chaos","floor":7},{"not_picked":["Loop","Reinforced Body"],"picked":"White Noise","floor":8},{"not_picked":["Conserve Battery","Auto Shields"],"picked":"Gash","floor":10},{"not_picked":["Leap","Conserve Battery"],"picked":"All For One","floor":11},{"not_picked":["Hologram","Doom and Gloom"],"picked":"Sweeping Beam","floor":13}],"player_experience":564338,"potions_floor_usage":[],"damage_taken":[{"damage":0,"enemies":"Cultist","floor":1,"turns":2},{"damage":8,"enemies":"Small Slimes","floor":2,"turns":2},{"damage":3,"enemies":"Jaw Worm","floor":7,"turns":2},{"damage":0,"enemies":"Gremlin Nob","floor":8,"turns":2},{"damage":28,"enemies":"3 Sentries","floor":10,"turns":3},{"damage":0,"enemies":"Large Slime","floor":11,"turns":3},{"damage":17,"enemies":"Lagavulin","floor":13,"turns":3}],"relics_obtained":[{"floor":3,"key":"Juzu Bracelet"},{"floor":8,"key":"Strawberry"},{"floor":9,"key":"Bag of Preparation"},{"floor":10,"key":"Unceasing Top"},{"floor":13,"key":"Shuriken"}],"event_choices":[{"event_name":"Golden Wing","player_choice":"Card Removal","floor":4,"damage_taken":0},{"event_name":"World of Goop","player_choice":"Gather Gold","floor":14,"damage_taken":0}],"boss_relics":[],"items_purged_floors":[],"potions_floor_spawned":[8,11],"seed_played":"1946149350603225187","killed_by":"The Guardian","ascension_level":0,"potions_obtained":[{"floor":8,"key":"EssenceOfSteel"},{"floor":11,"key":"Energy Potion"}],"is_trial":false}