{"gold_per_floor":[112,187,187,71,71,103,103,133,133,163,63,73,83,99,99,173,173,188,98,98,111,111,111,111,141,210,210],"floor_reached":27,"playtime":685,"items_purged":["Strike_G","Strike_G"],"score":694,"play_id":"5d404d6a-c44b-4805-a56c-f28a09b2607f","local_time":"20190122162025","is_ascension_mode":true,"campfire_choices":[{"data":"Calculated Gamble","floor":7.0,"key":"SMITH"},{"data":"Acrobatics","floor":15.0,"key":"SMITH"},{"data":"Deep Breath","floor":23,"key":"SMITH"}],"neow_cost":"NONE","seed_source_timestamp":3339059339158,"circlet_count":0,"master_deck":["AscendersBane","Defend_G","Defend_G","Defend_G","Defend_G","Defend_G","Strike_G","Survivor","Neutralize","Bouncing Flask+1","Calculated Gamble+1","Outmaneuver","Tactician","Acrobatics+1","Deep Breath+1","Writhe","Parasite"],"special_seed":0,"relics":["Ring of the Snake","NeowsBlessing","Art of War","Letter Opener","Bronze Scales","Cursed Key","Matryoshka","WingedGreaves","Juzu Bracelet","Meat on the Bone"],"potions_floor_usage":[25],"damage_taken":[{"damage":0.0,"enemies":"Cultist","floor":1.0,"turns":1.0},{"damage":0.0,"enemies":"Gremlin Nob","floor":6.0,"turns":1.0},{"damage":0.0,"enemies":"3 Sentries","floor":8.0,"turns":1.0},{"damage":20.0,"enemies":"Gremlin Nob","floor":10.0,"turns":4.0},{"damage":1.0,"enemies":"Jaw Worm","floor":12.0,"turns":2.0},{"damage":0.0,"enemies":"2 Louse","floor":13.0,"turns":2.0},{"damage":15.0,"enemies":"Red Slaver","floor":14.0,"turns":4.0},{"damage":0.0,"enemies":"The Guardian","floor":16.0,"turns":6.0},{"damage":4.0,"enemies":"3 Byrds","floor":18.0,"turns":2.0},{"damage":7.0,"enemies":"Chosen","floor":21.0,"turns":4.0},{"damage":38,"enemies":"Slavers","floor":25,"turns":6},{"damage":4,"enemies":"3 Cultists","floor":27,"turns":3}],"seed_played":"2452332101131707302","potions_obtained":[{"floor":12.0,"key":"GhostInAJar"},{"floor":14.0,"key":"Swift Potion"},{"floor":21.0,"key":"FearPotion"},{"floor":25,"key":"PowerPotion"}],"is_trial":false,"path_per_floor":["?","?","?","M","?","?","?"],"character_chosen":"THE_SILENT","items_purchased":["Calculated Gamble","Deep Breath"],"campfire_rested":0,"item_purchase_floors":[4,19],"current_hp_per_floor":[59,48,41,41,41,41,41,41,41,21,21,20,20,5,5,5,51,47,47,47,40,40,40,40,2,2,0],"gold":210,"neow_bonus":"THREE_ENEMY_KILL","is_prod":false,"is_daily":false,"chose_seed":false,"campfire_upgraded":3,"win_rate":0,"timestamp":1548145225,"path_taken":["M","?","?","$","?","E","R","E","T","E","$","M","?","M","R","BOSS","M","$","?","M","?","R","?","E","T","M"],"build_version":"2019-01-20","purchased_purges":2,"victory":false,"max_hp_per_floor":[66,66,66,66,66,66,66,66,66,66,66,66,66,66,66,66,66,66,66,66,66,66,66,66,66,66,66],"card_choices":[{"not_picked":["Dagger Spray","Prepared"],"picked":"Bouncing Flask","floor":1.0},{"not_picked":["Flying Knee","Terror","Bane"],"picked":"SKIP","floor":6.0},{"not_picked":["Quick Slash","After Image","Sucker Punch"],"picked":"SKIP","floor":8.0},{"not_picked":["Cloak And Dagger","Dodge and Roll","Distraction"],"picked":"SKIP","floor":10.0},{"not_picked":["Quick Slash","All Out Attack"],"picked":"Outmaneuver","floor":12.0},{"not_picked":["Distraction","Concentrate"],"picked":"Tactician","floor":13.0},{"not_picked":["Reflex","Heel Hook"],"picked":"Acrobatics","floor":14.0},{"not_picked":["Blade Dance","Dodge and Roll+1","Bane"],"picked":"SKIP","floor":18.0},{"not_picked":["Setup","Flying Knee","Dagger Spray"],"picked":"SKIP","floor":21.0},{"not_picked":["Backstab","Quick Slash","Underhanded Strike"],"picked":"SKIP","floor":25}],"player_experience":1311428,"relics_obtained":[{"floor":6.0,"key":"Art of War"},{"floor":8.0,"key":"Letter Opener"},{"floor":10.0,"key":"Bronze Scales"},{"floor":25,"key":"WingedGreaves"},{"floor":26,"key":"Juzu Bracelet"},{"floor":26,"key":"Meat on the Bone"}],"event_choices":[{"damage_healed":0.0,"max_hp_gain":0.0,"max_hp_loss":0.0,"gold_gain":75.0,"event_name":"World of Goop","player_choice":"Gather Gold","floor":2.0,"gold_loss":0.0,"damage_taken":11.0},{"cards_removed":["Strike_G"],"damage_healed":0.0,"max_hp_gain":0.0,"max_hp_loss":0.0,"gold_gain":0.0,"event_name":"Golden Wing","player_choice":"Card Removal","floor":3.0,"gold_loss":0.0,"damage_taken":7.0},{"damage_healed":0.0,"max_hp_gain":0.0,"max_hp_loss":0.0,"gold_gain":0.0,"event_name":"Upgrade Shrine","player_choice":"Upgraded","floor":5.0,"gold_loss":0.0,"damage_taken":0.0,"cards_upgraded":["Bouncing Flask"]},{"cards_removed":["Strike_G"],"damage_healed":0.0,"max_hp_gain":0.0,"max_hp_loss":0.0,"gold_gain":0.0,"event_name":"Back to Basics","player_choice":"Elegance","floor":20.0,"gold_loss":0.0,"damage_taken":0.0},{"damage_healed":0,"gold_gain":0,"player_choice":"Opened","damage_taken":0,"relics_obtained":["Matryoshka"],"max_hp_gain":0,"max_hp_loss":0,"event_name":"The Mausoleum","floor":22,"gold_loss":0,"cards_obtained":["Writhe"]},{"damage_healed":0,"gold_gain":0,"player_choice":"Ignored","damage_taken":0,"max_hp_gain":0,"max_hp_loss":0,"event_name":"Ghosts","floor":24,"gold_loss":0}],"is_beta":true,"boss_relics":[{"not_picked":["Fusion Hammer","Velvet Choker"],"picked":"Cursed Key"}],"items_purged_floors":[4,11],"is_endless":false,"potions_floor_spawned":[12,14,16,21,25],"killed_by":"3 Cultists","ascension_level":20}