{"gold_per_floor":[363,376,301,187,205,205,221,247,247,247,266,266,292,292,292,366,366,377,377,390,6,6,6,38,38,38,57,385,397,397,430,430,501,501,516,533,547,547,562,562,593,604,604,639,655,682,694,706,706,706,706],"floor_reached":52,"playtime":2654,"items_purged":["Strike_G","Strike_G"],"score":2728,"play_id":"3b30fe29-e51e-49fd-9742-7feaab2f1902","local_time":"20190703131740","is_ascension_mode":true,"campfire_choices":[{"data":"Acrobatics","floor":6.0,"key":"SMITH"},{"data":"Tactician","floor":10.0,"key":"SMITH"},{"data":"Well Laid Plans","floor":12.0,"key":"SMITH"},{"data":"Neutralize","floor":15.0,"key":"SMITH"},{"floor":23.0,"key":"RECALL"},{"data":"1","floor":30.0,"key":"LIFT"},{"data":"2","floor":32.0,"key":"LIFT"},{"data":"3","floor":40,"key":"LIFT"},{"floor":49,"key":"REST"}],"neow_cost":"PERCENT_DAMAGE","seed_source_timestamp":51066167366507,"circlet_count":0,"master_deck":["AscendersBane","Defend_G","Defend_G","Defend_G","Defend_G","Survivor","Neutralize+1","Acrobatics+1","Tactician+1","Well Laid Plans+1","Terror","Eviscerate+1","Adrenaline","Masterful Stab","Adrenaline","Endless Agony","Footwork+1","Backflip","Footwork","Adrenaline","Madness","Madness","Reflex+1"],"special_seed":0,"relics":["Ring of the Snake","Ice Cream","Shuriken","Ninja Scroll","Fusion Hammer","Letter Opener","Centennial Puzzle","Girya","Old Coin","Turnip","Empty Cage","Pear","Singing Bowl","Oddly Smooth Stone","Meat on the Bone"],"potions_floor_usage":[45,50,51],"damage_taken":[{"damage":5.0,"enemies":"Cultist","floor":1.0,"turns":5.0},{"damage":10.0,"enemies":"Jaw Worm","floor":2.0,"turns":8.0},{"damage":0.0,"enemies":"Small Slimes","floor":5.0,"turns":4.0},{"damage":4.0,"enemies":"Exordium Wildlife","floor":7.0,"turns":7.0},{"damage":20.0,"enemies":"Lagavulin","floor":8.0,"turns":5.0},{"damage":0.0,"enemies":"Exordium Thugs","floor":11.0,"turns":4.0},{"damage":0.0,"enemies":"Gremlin Nob","floor":13.0,"turns":2.0},{"damage":0.0,"enemies":"Hexaghost","floor":16.0,"turns":8.0},{"damage":0.0,"enemies":"Chosen","floor":18.0,"turns":2.0},{"damage":4.0,"enemies":"3 Byrds","floor":20.0,"turns":5.0},{"damage":5.0,"enemies":"Slavers","floor":24.0,"turns":3.0},{"damage":0.0,"enemies":"Snecko","floor":27.0,"turns":3.0},{"damage":0.0,"enemies":"Book of Stabbing","floor":28.0,"turns":3.0},{"damage":11.0,"enemies":"Shelled Parasite and Fungi","floor":29.0,"turns":3.0},{"damage":5.0,"enemies":"Gremlin Leader","floor":31.0,"turns":3.0},{"damage":0.0,"enemies":"Automaton","floor":33.0,"turns":6.0},{"damage":0.0,"enemies":"3 Shapes","floor":35.0,"turns":2.0},{"damage":0.0,"enemies":"3 Darklings","floor":36.0,"turns":3.0},{"damage":21.0,"enemies":"Writhing Mass","floor":37.0,"turns":3.0},{"damage":0,"enemies":"4 Shapes","floor":39,"turns":3},{"damage":17,"enemies":"Nemesis","floor":41,"turns":5},{"damage":0,"enemies":"Maw","floor":42,"turns":4},{"damage":0,"enemies":"Giant Head","floor":44,"turns":3},{"damage":0,"enemies":"Writhing Mass","floor":45,"turns":3},{"damage":0,"enemies":"Reptomancer","floor":46,"turns":3},{"damage":0,"enemies":"Jaw Worm Horde","floor":47,"turns":3},{"damage":9,"enemies":"Spire Growth","floor":48,"turns":3},{"damage":0,"enemies":"Donu and Deca","floor":50,"turns":8},{"damage":9,"enemies":"Time Eater","floor":51,"turns":4}],"seed_played":"7396054555613758155","potions_obtained":[{"floor":1.0,"key":"Strength Potion"},{"floor":7.0,"key":"AttackPotion"},{"floor":11.0,"key":"SteroidPotion"},{"floor":18.0,"key":"EssenceOfSteel"},{"floor":20.0,"key":"GamblersBrew"},{"floor":39,"key":"Poison Potion"},{"floor":42,"key":"Dexterity Potion"},{"floor":46,"key":"AttackPotion"}],"is_trial":false,"path_per_floor":["M","M","?","$","M","R","M","E","T","R","M","R","E","?","R","B",null,"M","?","M","$","$","R","E","?","T","M","E","M","R","E","R","B",null,"M","M","M","?","M","R","E","M","T","E","M","E","M","M","R","B","B",null],"character_chosen":"THE_SILENT","items_purchased":["Well Laid Plans","Letter Opener"],"campfire_rested":1,"item_purchase_floors":[4,21],"current_hp_per_floor":[39,29,29,29,29,29,25,5,5,5,5,5,5,10,10,10,56,56,56,52,52,52,52,47,47,47,47,47,36,36,31,31,31,61,61,61,40,27,27,27,20,20,20,22,24,26,40,45,72,72,63],"gold":706,"neow_bonus":"TWO_FIFTY_GOLD","is_prod":false,"is_daily":false,"chose_seed":false,"campfire_upgraded":4,"win_rate":0,"timestamp":1562131060,"path_taken":["M","?","?","$","M","R","M","E","T","R","M","R","E","?","R","BOSS","M","?","M","$","?","R","E","?","T","M","E","?","R","E","R","BOSS","M","M","?","?","M","R","E","M","T","E","M","E","M","M","R","BOSS","BOSS"],"build_version":"2019-07-01","purchased_purges":2,"victory":true,"max_hp_per_floor":[66,66,66,66,66,66,66,66,66,66,66,66,66,71,71,71,71,71,71,71,71,71,71,71,71,71,71,71,71,71,71,71,71,71,71,71,71,71,71,71,81,81,81,83,85,87,89,91,91,91,91],"card_choices":[{"not_picked":["Finisher","Bane"],"picked":"Acrobatics","floor":1.0},{"not_picked":["Dagger Throw","Acrobatics"],"picked":"Tactician","floor":2.0},{"not_picked":["Catalyst","Predator","Terror"],"picked":"SKIP","floor":5.0},{"not_picked":["Catalyst","Predator"],"picked":"Terror","floor":5.0},{"not_picked":["Footwork","Sucker Punch"],"picked":"Eviscerate","floor":7.0},{"not_picked":["Blade Dance","Slice"],"picked":"Adrenaline","floor":8.0},{"not_picked":["PiercingWail","Skewer"],"picked":"Masterful Stab","floor":11.0},{"not_picked":["Heel Hook","Distraction","Tactician"],"picked":"SKIP","floor":13.0},{"not_picked":["Bullet Time","Grand Finale"],"picked":"Adrenaline","floor":16.0},{"not_picked":["Deadly Poison+1","Masterful Stab","Blade Dance"],"picked":"SKIP","floor":18.0},{"not_picked":["Bane","Terror"],"picked":"Endless Agony","floor":20.0},{"not_picked":["Blur","Slice","Prepared"],"picked":"SKIP","floor":24.0},{"not_picked":["Flying Knee+1","Deadly Poison"],"picked":"Footwork+1","floor":27.0},{"not_picked":["Well Laid Plans","Choke"],"picked":"Backflip","floor":28.0},{"not_picked":["Cloak And Dagger","Slice","Bullet Time"],"picked":"SKIP","floor":29.0},{"not_picked":["Prepared","Sucker Punch"],"picked":"Footwork","floor":31.0},{"not_picked":["After Image","Unload"],"picked":"Adrenaline","floor":33.0},{"not_picked":["Noxious Fumes","Deflect","Dash"],"picked":"SKIP","floor":35.0},{"not_picked":["Choke","Expertise+1","Catalyst"],"picked":"SKIP","floor":36.0},{"not_picked":["Dodge and Roll","Slice","Poisoned Stab"],"picked":"SKIP","floor":37.0},{"not_picked":["Distraction","Heel Hook+1","Accuracy"],"picked":"SKIP","floor":39},{"not_picked":["Blade Dance","Skewer"],"picked":"Reflex+1","floor":41},{"not_picked":["Dagger Spray","Poisoned Stab","Outmaneuver+1"],"picked":"SKIP","floor":42},{"not_picked":["Grand Finale","Deflect","Leg Sweep+1"],"picked":"Singing Bowl","floor":44},{"not_picked":["Finisher+1","Backstab","Catalyst"],"picked":"Singing Bowl","floor":45},{"not_picked":["Predator+1","Distraction+1","Flying Knee+1"],"picked":"Singing Bowl","floor":46},{"not_picked":["Sucker Punch","Backstab","Bouncing Flask+1"],"picked":"Singing Bowl","floor":47},{"not_picked":["Poisoned Stab+1","Skewer","PiercingWail"],"picked":"Singing Bowl","floor":48}],"player_experience":1514246,"relics_obtained":[{"floor":8.0,"key":"Ice Cream"},{"floor":9.0,"key":"Shuriken"},{"floor":13.0,"key":"Ninja Scroll"},{"floor":24.0,"key":"Centennial Puzzle"},{"floor":26.0,"key":"Girya"},{"floor":28.0,"key":"Old Coin"},{"floor":31.0,"key":"Turnip"},{"floor":41,"key":"Pear"},{"floor":43,"key":"Singing Bowl"},{"floor":44,"key":"Oddly Smooth Stone"},{"floor":46,"key":"Meat on the Bone"}],"event_choices":[{"cards_removed":["Strike_G"],"damage_healed":0.0,"max_hp_gain":0.0,"max_hp_loss":0.0,"gold_gain":0.0,"event_name":"The Cleric","player_choice":"Card Removal","floor":3.0,"gold_loss":75.0,"damage_taken":0.0},{"damage_healed":0.0,"max_hp_gain":5.0,"max_hp_loss":0.0,"gold_gain":0.0,"event_name":"Big Fish","player_choice":"Donut","floor":14.0,"gold_loss":0.0,"damage_taken":0.0},{"damage_healed":0.0,"max_hp_gain":0.0,"max_hp_loss":0.0,"gold_gain":0.0,"event_name":"Accursed Blacksmith","player_choice":"Forge","floor":19.0,"gold_loss":0.0,"damage_taken":0.0,"cards_upgraded":["Eviscerate"]},{"cards_removed":["Strike_G"],"damage_healed":0.0,"max_hp_gain":0.0,"max_hp_loss":0.0,"gold_gain":0.0,"event_name":"Purifier","player_choice":"Purged","floor":25.0,"gold_loss":0.0,"damage_taken":0.0},{"damage_healed":0,"gold_gain":0,"player_choice":"Embrace Madness","damage_taken":13,"max_hp_gain":0,"max_hp_loss":0,"event_name":"Winding Halls","floor":38,"gold_loss":0,"cards_obtained":["Madness","Madness"]}],"is_beta":false,"boss_relics":[{"not_picked":["Snecko Eye","Runic Pyramid"],"picked":"Fusion Hammer"},{"not_picked":["Busted Crown","Lizard Tail"],"picked":"Empty Cage"}],"items_purged_floors":[4,21],"is_endless":false,"potions_floor_spawned":[1,7,11,18,20,27,39,41,42,44,46],"ascension_level":20}