{"gold_per_floor":[116,116,131,151,5,5,5,17,76,88,28,39,39,50,50,122,122,122,122,122,122,22,22,22,22,22,22,22,22,22,22,22,22],"floor_reached":33,"playtime":1955,"items_purged":["Strike_R","Strike_R"],"score":580,"play_id":"007f06b2-49c3-448d-99c2-7c3a0fc9ff9e","local_time":"20190803125726","is_ascension_mode":true,"campfire_choices":[{"data":"Spot Weakness","floor":6,"key":"SMITH"},{"data":"Ghostly Armor","floor":8,"key":"SMITH"},{"data":"Inflame","floor":13,"key":"SMITH"},{"data":"Shrug It Off","floor":15,"key":"SMITH"},{"data":"Heavy Blade","floor":23,"key":"SMITH"},{"floor":25,"key":"REST"},{"data":"Pummel","floor":29,"key":"SMITH"},{"floor":32,"key":"REST"}],"neow_cost":"TEN_PERCENT_HP_LOSS","seed_source_timestamp":0,"circlet_count":0,"master_deck":["AscendersBane","Strike_R","Strike_R","Defend_R","Defend_R","Defend_R","Defend_R","Bash","Inflame+1","Ghostly Armor+1","Spot Weakness+1","Inflame+1","Shrug It Off+1","Offering","Seeing Red+1","Heavy Blade+1","Pummel+1","Sword Boomerang","Offering"],"special_seed":0,"relics":["Burning Blood","Turnip","MawBank","Ancient Tea Set","Ectoplasm","Matryoshka"],"potions_floor_usage":[14,28,30,31,31],"damage_taken":[{"damage":11,"enemies":"Jaw Worm","floor":1,"turns":5},{"damage":1,"enemies":"Cultist","floor":3,"turns":4},{"damage":3,"enemies":"2 Louse","floor":4,"turns":4},{"damage":6,"enemies":"Blue Slaver","floor":12,"turns":5},{"damage":12,"enemies":"Exordium Wildlife","floor":14,"turns":5},{"damage":38,"enemies":"Slime Boss","floor":16,"turns":14},{"damage":13,"enemies":"Spheric Guardian","floor":18,"turns":4},{"damage":22,"enemies":"Shell Parasite","floor":19,"turns":4},{"damage":6,"enemies":"Cultist and Chosen","floor":21,"turns":3},{"damage":16,"enemies":"Sentry and Sphere","floor":24,"turns":5},{"damage":8,"enemies":"3 Cultists","floor":27,"turns":5},{"damage":12,"enemies":"Snake Plant","floor":28,"turns":4},{"damage":24,"enemies":"Snecko","floor":30,"turns":4},{"damage":17,"enemies":"Chosen and Byrds","floor":31,"turns":4},{"damage":39,"enemies":"Champ","floor":33,"turns":5}],"seed_played":"-401021197318821924","potions_obtained":[{"floor":4,"key":"Dexterity Potion"},{"floor":12,"key":"Swift Potion"},{"floor":14,"key":"Poison Potion"},{"floor":28,"key":"Poison Potion"},{"floor":30,"key":"Strength Potion"}],"is_trial":false,"path_per_floor":["M","?","M","M","$","R","T","R","T","?","$","M","R","M","R","B",null,"M","M","?","M","$","R","M","R","T","M","M","R","M","M","R","B"],"character_chosen":"IRONCLAD","items_purchased":["Spot Weakness","Inflame"],"campfire_rested":2,"item_purchase_floors":[5,11],"current_hp_per_floor":[63,63,68,68,68,68,68,68,68,61,61,61,61,55,55,23,57,50,34,34,34,34,34,24,44,44,42,36,36,18,7,27,0],"gold":22,"neow_bonus":"ONE_RARE_RELIC","is_prod":false,"is_daily":false,"chose_seed":false,"campfire_upgraded":6,"win_rate":0,"timestamp":1564855046,"path_taken":["M","?","M","?","?","R","?","R","T","?","?","?","R","M","R","BOSS","M","M","?","M","$","R","M","R","T","?","M","R","M","M","R","BOSS"],"build_version":"2019-07-17","purchased_purges":2,"victory":false,"max_hp_per_floor":[68,68,68,68,68,68,68,68,68,68,68,68,68,68,68,68,68,68,68,68,68,68,68,68,68,68,68,68,68,68,68,68,68],"card_choices":[{"not_picked":["Shrug It Off","Sword Boomerang"],"picked":"Inflame","floor":1},{"not_picked":["Sword Boomerang","Iron Wave"],"picked":"Ghostly Armor","floor":3},{"not_picked":["Clothesline","Havoc","Anger"],"picked":"SKIP","floor":4},{"not_picked":["Clash","Havoc"],"picked":"Shrug It Off","floor":12},{"not_picked":["Wild Strike","Clash","Thunderclap"],"picked":"SKIP","floor":14},{"not_picked":["Fiend Fire","Feed"],"picked":"Offering","floor":16},{"not_picked":["Disarm","Pommel Strike"],"picked":"Seeing Red+1","floor":18},{"not_picked":["Clothesline","Flex"],"picked":"Heavy Blade","floor":19},{"not_picked":["Clash","Rupture+1","Anger+1"],"picked":"SKIP","floor":21},{"not_picked":["Thunderclap","Entrench+1"],"picked":"Pummel","floor":24},{"not_picked":["Uppercut","Flex"],"picked":"Sword Boomerang","floor":27},{"not_picked":["Entrench","Disarm","Pommel Strike"],"picked":"SKIP","floor":28},{"not_picked":["Shrug It Off","Cleave+1"],"picked":"Offering","floor":30},{"not_picked":["Perfected Strike","Dropkick","Entrench"],"picked":"SKIP","floor":31}],"player_experience":428148,"relics_obtained":[{"floor":7,"key":"MawBank"},{"floor":9,"key":"Ancient Tea Set"},{"floor":26,"key":"Matryoshka"}],"event_choices":[{"damage_healed":0,"gold_gain":0,"player_choice":"Upgraded","damage_taken":0,"max_hp_gain":0,"max_hp_loss":0,"event_name":"Upgrade Shrine","floor":2,"gold_loss":0,"cards_upgraded":["Inflame"]},{"cards_removed":["Strike_R"],"damage_healed":0,"gold_gain":0,"player_choice":"Card Removal","damage_taken":7,"max_hp_gain":0,"max_hp_loss":0,"event_name":"Golden Wing","floor":10,"gold_loss":0},{"damage_healed":0,"gold_gain":0,"player_choice":"Bought 0 Potions","damage_taken":0,"max_hp_gain":0,"max_hp_loss":0,"event_name":"The Woman in Blue","floor":20,"gold_loss":0}],"is_beta":false,"boss_relics":[{"not_picked":["Lizard Tail","Black Star"],"picked":"Ectoplasm"}],"items_purged_floors":[5,22],"is_endless":false,"potions_floor_spawned":[4,12,14,18,24,28,30],"killed_by":"Champ","ascension_level":14}