{"gold_per_floor":[116,116,13,32,48,48,48,79,133,58,58],"floor_reached":11,"playtime":286,"items_purged":["Strike_R"],"score":142,"play_id":"028cf05c-118c-4fd9-a4ed-c87d4ea0c0a9","local_time":"20190427192333","is_ascension_mode":true,"campfire_choices":[{"data":"Armaments","floor":6,"key":"SMITH"}],"neow_cost":"NONE","seed_source_timestamp":30203141893430,"circlet_count":0,"master_deck":["AscendersBane","Strike_R","Strike_R","Defend_R","Defend_R","Defend_R","Defend_R","Bash","Barricade","Battle Trance","Armaments+1","Spot Weakness","Dark Embrace"],"relics":["Burning Blood","Centennial Puzzle","Juzu Bracelet"],"potions_floor_usage":[11],"damage_taken":[{"damage":6,"enemies":"Jaw Worm","floor":1,"turns":5},{"damage":1,"enemies":"2 Louse","floor":4,"turns":4},{"damage":7,"enemies":"Small Slimes","floor":5,"turns":6},{"damage":47,"enemies":"3 Sentries","floor":8,"turns":10},{"damage":6,"enemies":"Gremlin Nob","floor":11,"turns":3}],"seed_played":"4357592891168391384","potions_obtained":[{"floor":1,"key":"Weak Potion"},{"floor":5,"key":"Weak Potion"}],"is_trial":false,"path_per_floor":["M","?","$","M","M","R","$","E","T","?","E"],"character_chosen":"IRONCLAD","items_purchased":["Armaments"],"campfire_rested":0,"item_purchase_floors":[3],"current_hp_per_floor":[68,61,61,66,65,65,65,24,24,24,18],"gold":58,"neow_bonus":"ONE_RANDOM_RARE_CARD","is_prod":false,"is_daily":false,"chose_seed":false,"campfire_upgraded":1,"win_rate":0,"timestamp":1556364213,"path_taken":["M","?","$","M","M","R","$","E","T","?","E"],"build_version":"2019-01-23","purchased_purges":1,"victory":false,"max_hp_per_floor":[75,75,75,75,75,75,75,75,75,75,75],"card_choices":[{"not_picked":["Rage","Warcry"],"picked":"Battle Trance","floor":1},{"not_picked":["Headbutt","Pommel Strike","Armaments"],"picked":"SKIP","floor":4},{"not_picked":["Wild Strike","Blood for Blood"],"picked":"Spot Weakness","floor":5},{"not_picked":["Blood for Blood","Perfected Strike"],"picked":"Dark Embrace","floor":8}],"player_experience":4548327,"relics_obtained":[{"floor":8,"key":"Centennial Puzzle"},{"floor":9,"key":"Juzu Bracelet"}],"event_choices":[{"cards_removed":["Strike_R"],"damage_healed":0,"gold_gain":0,"player_choice":"Card Removal","damage_taken":7,"max_hp_gain":0,"max_hp_loss":0,"event_name":"Golden Wing","floor":2,"gold_loss":0},{"cards_removed":["Strike_R"],"damage_healed":0,"gold_gain":0,"player_choice":"Card Removal","damage_taken":0,"max_hp_gain":0,"max_hp_loss":0,"event_name":"The Cleric","floor":10,"gold_loss":75}],"is_beta":false,"boss_relics":[],"items_purged_floors":[3],"is_endless":false,"potions_floor_spawned":[1,5],"killed_by":"Gremlin Nob","ascension_level":20}