{"gold_per_floor":[114,132,152,152,152,183,183,34,107,3,3,3,19,38,38,140,140,156,81,81,93,93,93,13,13,68,80,80,80,97,114,114,218,218,236,27,27,27,45,45,71,71,98,114,132,132,132,142,142,142],"floor_reached":51,"playtime":2054,"items_purged":["Strike_B"],"score":750,"play_id":"05e3e36c-4f06-4471-89e6-217c55b0f08e","local_time":"20190617130424","is_ascension_mode":false,"campfire_choices":[{"floor":7,"key":"REST"},{"data":"Loop","floor":12,"key":"SMITH"},{"data":"Loop","floor":15,"key":"SMITH"},{"data":"Redo","floor":23,"key":"SMITH"},{"data":"Zap","floor":25,"key":"SMITH"},{"data":"Hologram","floor":28,"key":"SMITH"},{"data":"Capacitor","floor":32,"key":"SMITH"},{"data":"Turbo","floor":40,"key":"SMITH"},{"data":"Rainbow","floor":42,"key":"SMITH"},{"data":"Seek","floor":46,"key":"SMITH"},{"data":"Electrodynamics","floor":49,"key":"SMITH"}],"neow_cost":"NONE","seed_source_timestamp":2261576710210,"circlet_count":0,"master_deck":["Strike_B","Strike_B","Defend_B","Defend_B","Defend_B","Defend_B","Zap+1","Dualcast+1","Rainbow+1","Compile Driver","White Noise","Ball Lightning","Hologram+1","Redo+1","Loop+1","White Noise","Self Repair","Loop+1","Electrodynamics+1","Turbo+1","Capacitor+1","Coolheaded+1","Ghostly","Ghostly","Ghostly","Ghostly","Ghostly","Seek+1","Creative AI","Turbo+1","Creative AI","Rainbow+1"],"special_seed":0,"relics":["Cracked Core","Art of War","Lantern","Sundial","Coffee Dripper","Kunai","Enchiridion","PreservedInsect","Runic Pyramid","OrangePellets","Centennial Puzzle","Vajra","GremlinMask"],"potions_floor_usage":[50],"damage_taken":[{"damage":0.0,"enemies":"2 Louse","floor":1.0,"turns":2.0},{"damage":4.0,"enemies":"Jaw Worm","floor":2.0,"turns":3.0},{"damage":8.0,"enemies":"Small Slimes","floor":3.0,"turns":4.0},{"damage":37,"enemies":"3 Sentries","floor":6,"turns":7},{"damage":1,"enemies":"Red Slaver","floor":13,"turns":3},{"damage":12,"enemies":"Blue Slaver","floor":14,"turns":4},{"damage":13,"enemies":"Slime Boss","floor":16,"turns":7},{"damage":5,"enemies":"Spheric Guardian","floor":18,"turns":3},{"damage":0,"enemies":"Chosen","floor":21,"turns":4},{"damage":34,"enemies":"Centurion and Healer","floor":27,"turns":4},{"damage":0,"enemies":"3 Cultists","floor":30,"turns":3},{"damage":0,"enemies":"Snecko","floor":31,"turns":5},{"damage":15,"enemies":"Automaton","floor":33,"turns":5},{"damage":0,"enemies":"Orb Walker","floor":35,"turns":5},{"damage":18,"enemies":"3 Darklings","floor":39,"turns":6},{"damage":0,"enemies":"Reptomancer","floor":41,"turns":5},{"damage":7,"enemies":"4 Shapes","floor":44,"turns":4},{"damage":1,"enemies":"Maw","floor":45,"turns":7},{"damage":0,"enemies":"3 Darklings","floor":48,"turns":5},{"damage":1,"enemies":"Time Eater","floor":50,"turns":7}],"seed_played":"7285876121702986543","potions_obtained":[{"floor":3.0,"key":"Strength Potion"},{"floor":6,"key":"Weak Potion"},{"floor":13,"key":"Ancient Potion"},{"floor":16,"key":"GamblersBrew"}],"is_trial":false,"path_per_floor":["M","M","M","?","?","E","R","$","T","$","?","R","M","M","R","B",null,"M","$","?","M","?","R","$","R","T","M","R","?","M","M","R","B",null,"M","$","?","$","M","R","E","R","T","M","M","R","?","M","R","B",null],"character_chosen":"DEFECT","items_purchased":["Lantern","Redo","Loop","Capacitor","OrangePellets"],"campfire_rested":1,"item_purchase_floors":[8,10,10,24,36],"current_hp_per_floor":[75,71,63,48,48,11,33,33,33,33,33,33,32,27,27,21,75,75,75,75,75,59,59,59,59,59,32,32,32,37,37,37,29,37,37,37,37,37,26,26,33,33,33,33,37,37,37,37,37,36],"gold":142,"neow_bonus":"ONE_RANDOM_RARE_CARD","is_prod":false,"is_daily":false,"chose_seed":false,"campfire_upgraded":10,"win_rate":0,"timestamp":1560747864,"path_taken":["M","M","M","?","?","E","R","$","T","$","?","R","M","M","R","BOSS","M","$","?","M","?","R","$","R","T","M","R","?","M","?","R","BOSS","M","$","?","?","M","R","E","R","T","?","M","R","?","M","R","BOSS"],"build_version":"2019-01-23","purchased_purges":1,"victory":true,"max_hp_per_floor":[75,75,75,75,75,75,75,75,75,75,75,75,75,75,75,75,75,75,75,75,75,75,75,75,75,75,75,75,37,37,37,37,37,37,37,37,37,37,37,37,37,37,37,37,37,37,37,37,37,37],"card_choices":[{"not_picked":["Barrage","Stack"],"picked":"Compile Driver","floor":1.0},{"not_picked":["Stack","Compile Driver"],"picked":"White Noise","floor":2.0},{"not_picked":["Steam","Scrape"],"picked":"Ball Lightning","floor":3.0},{"not_picked":["Chaos","Hyperbeam"],"picked":"Hologram","floor":6},{"not_picked":["Sweeping Beam","Gash"],"picked":"Self Repair","floor":13},{"not_picked":["Static Discharge","Beam Cell"],"picked":"Loop","floor":14},{"not_picked":["Meteor Strike","Thunder Strike"],"picked":"Electrodynamics","floor":16},{"not_picked":["Gash","Compile Driver+1"],"picked":"Turbo","floor":18},{"not_picked":["Sweeping Beam","Blizzard","Leap+1"],"picked":"SKIP","floor":21},{"not_picked":["Double Energy","Turbo"],"picked":"Coolheaded+1","floor":27},{"not_picked":["Compile Driver","Ball Lightning"],"picked":"Seek","floor":30},{"not_picked":["Turbo","Ball Lightning+1","Melter+1"],"picked":"SKIP","floor":31},{"not_picked":["Machine Learning","All For One"],"picked":"Creative AI","floor":33},{"not_picked":["Hologram+1","Go for the Eyes"],"picked":"Turbo+1","floor":35},{"not_picked":["Beam Cell+1","Sweeping Beam+1","Leap+1"],"picked":"SKIP","floor":39},{"not_picked":["Ball Lightning+1","Leap"],"picked":"Rainbow","floor":41},{"not_picked":["Leap","Sweeping Beam","Ball Lightning"],"picked":"SKIP","floor":44},{"not_picked":["BootSequence","Cold Snap+1","Rebound+1"],"picked":"SKIP","floor":45},{"not_picked":["Gash","All For One","Leap"],"picked":"SKIP","floor":48}],"player_experience":5339154,"relics_obtained":[{"floor":6,"key":"Art of War"},{"floor":9,"key":"Sundial"},{"floor":22,"key":"Enchiridion"},{"floor":26,"key":"PreservedInsect"},{"floor":41,"key":"Centennial Puzzle"},{"floor":43,"key":"Vajra"}],"event_choices":[{"damage_healed":0,"gold_gain":0,"player_choice":"Entered Light","damage_taken":15,"max_hp_gain":0,"max_hp_loss":0,"event_name":"Shining Light","floor":4,"gold_loss":0,"cards_upgraded":["Rainbow","Dualcast"]},{"damage_healed":0,"gold_gain":0,"player_choice":"Ignored","damage_taken":0,"max_hp_gain":0,"max_hp_loss":0,"event_name":"Liars Game","floor":5,"gold_loss":0},{"damage_healed":0,"gold_gain":0,"cards_transformed":["Strike_B"],"player_choice":"Transformed","damage_taken":0,"max_hp_gain":0,"max_hp_loss":0,"event_name":"Transmorgrifier","floor":11,"gold_loss":0,"cards_obtained":["White Noise"]},{"damage_healed":0,"gold_gain":0,"player_choice":"Opened","damage_taken":0,"relics_obtained":["Kunai"],"max_hp_gain":0,"max_hp_loss":0,"event_name":"The Mausoleum","floor":20,"gold_loss":0},{"damage_healed":0,"gold_gain":0,"player_choice":"Obtained Book","damage_taken":16,"max_hp_gain":0,"max_hp_loss":0,"event_name":"Cursed Tome","floor":22,"gold_loss":0},{"damage_healed":0,"gold_gain":0,"player_choice":"Became a Ghost","damage_taken":0,"max_hp_gain":0,"max_hp_loss":38,"event_name":"Ghosts","floor":29,"gold_loss":0,"cards_obtained":["Ghostly","Ghostly","Ghostly","Ghostly","Ghostly"]},{"damage_healed":0,"gold_gain":0,"player_choice":"Copied","damage_taken":0,"max_hp_gain":0,"max_hp_loss":0,"event_name":"Duplicator","floor":37,"gold_loss":0,"cards_obtained":["Creative AI"]},{"damage_healed":0,"gold_gain":0,"player_choice":"Trade","damage_taken":0,"relics_obtained":["GremlinMask"],"max_hp_gain":0,"max_hp_loss":0,"event_name":"FaceTrader","floor":47,"gold_loss":0}],"is_beta":false,"boss_relics":[{"not_picked":["Eternal Feather","Runic Dome"],"picked":"Coffee Dripper"},{"not_picked":["Tiny House","Velvet Choker"],"picked":"Runic Pyramid"}],"items_purged_floors":[19],"is_endless":false,"potions_floor_spawned":[3,6,13,16,21,31,39,44],"ascension_level":0}