{"gold_per_floor":[109,35,35,49,49,49,76,76,131,131,151,301,37,0,0,76,76,88,13,13,24,37,37,64,64,64,79,42,42,60,73,73,171,171,190,231,283,283,302,302,330,330,330,340,340,354,389,65,65,65,90,90,90,9,40,40],"floor_reached":57,"playtime":6361,"items_purged":["Strike_G"],"score":2766,"play_id":"c44f950c-7459-4e15-a0e9-9f4890296b0e","local_time":"20181221201333","is_ascension_mode":true,"campfire_choices":[{"data":"Noxious Fumes","floor":6.0,"key":"SMITH"},{"data":"Well Laid Plans","floor":8.0,"key":"SMITH"},{"data":"Neutralize","floor":10.0,"key":"SMITH"},{"data":"Footwork","floor":15.0,"key":"SMITH"},{"data":"Footwork","floor":23.0,"key":"SMITH"},{"data":"Transmutation","floor":25.0,"key":"SMITH"},{"floor":32.0,"key":"REST"},{"floor":40.0,"key":"RECALL"},{"data":"Footwork","floor":42.0,"key":"SMITH"},{"data":"Dual Wield","floor":45.0,"key":"SMITH"},{"floor":49.0,"key":"REST"},{"data":"Buffer","floor":53.0,"key":"SMITH"}],"neow_cost":"NONE","seed_source_timestamp":0,"circlet_count":0,"master_deck":["AscendersBane","Defend_G","Defend_G","Defend_G","Defend_G+1","Defend_G","Strike_G","Strike_G","Survivor+1","Neutralize+1","Well Laid Plans","Noxious Fumes+1","Well Laid Plans+1","Backflip","Footwork+1","Steam","Core Surge","PiercingWail","Footwork+1","Burning Pact","Transmutation+1","Footwork+1","Glass Knife","Turbo","Amplify","Steam+1","Evolve","Dual Wield+1","Burning Pact","Buffer+1","Escape Plan","Escape Plan","Catalyst+1"],"special_seed":0,"relics":["Ring of the Snake","NeowsBlessing","Blue Candle","Tiny Chest","PrismaticShard","Runic Pyramid","Pantograph","Question Card","WarpedTongs","Lizard Tail","Pear","Molten Egg 2","Singing Bowl","Ancient Tea Set","Oddly Smooth Stone"],"potions_floor_usage":[56,56],"damage_taken":[{"damage":0.0,"enemies":"2 Louse","floor":1.0,"turns":1.0},{"damage":0.0,"enemies":"Jaw Worm","floor":4.0,"turns":1.0},{"damage":0.0,"enemies":"3 Sentries","floor":7.0,"turns":3.0},{"damage":0.0,"enemies":"Small Slimes","floor":11.0,"turns":4.0},{"damage":0.0,"enemies":"Looter","floor":14.0,"turns":4.0},{"damage":6.0,"enemies":"The Guardian","floor":16.0,"turns":15.0},{"damage":1.0,"enemies":"Spheric Guardian","floor":18.0,"turns":9.0},{"damage":2.0,"enemies":"3 Byrds","floor":21.0,"turns":6.0},{"damage":6.0,"enemies":"Shelled Parasite and Fungi","floor":22.0,"turns":12.0},{"damage":27.0,"enemies":"Gremlin Leader","floor":24.0,"turns":11.0},{"damage":1.0,"enemies":"Centurion and Healer","floor":27.0,"turns":12.0},{"damage":2.0,"enemies":"Chosen and Byrds","floor":30.0,"turns":8.0},{"damage":11.0,"enemies":"Snake Plant","floor":31.0,"turns":6.0},{"damage":3.0,"enemies":"Collector","floor":33.0,"turns":15.0},{"damage":2.0,"enemies":"3 Shapes","floor":35.0,"turns":10.0},{"damage":3.0,"enemies":"3 Darklings","floor":36.0,"turns":10.0},{"damage":0.0,"enemies":"Sphere and 2 Shapes","floor":39.0,"turns":8.0},{"damage":0.0,"enemies":"Giant Head","floor":41.0,"turns":17.0},{"damage":6.0,"enemies":"4 Shapes","floor":44.0,"turns":12.0},{"damage":11.0,"enemies":"Jaw Worm Horde","floor":46.0,"turns":9.0},{"damage":45.0,"enemies":"Reptomancer","floor":47.0,"turns":11.0},{"damage":22.0,"enemies":"Donu and Deca","floor":50.0,"turns":13.0},{"damage":36.0,"enemies":"Time Eater","floor":51.0,"turns":30.0},{"damage":31.0,"enemies":"Shield and Spear","floor":55.0,"turns":14.0},{"damage":47,"enemies":"The Heart","floor":56,"turns":15}],"seed_played":"7571490705602726045","potions_obtained":[{"floor":1.0,"key":"SpeedPotion"},{"floor":4.0,"key":"PowerPotion"},{"floor":22.0,"key":"Strength Potion"},{"floor":27.0,"key":"AttackPotion"},{"floor":41.0,"key":"EntropicBrew"},{"floor":46.0,"key":"AttackPotion"},{"floor":47.0,"key":"Ancient Potion"}],"is_trial":false,"path_per_floor":["M","$","?","M","?","R","E","R","T","R","M","?","$","M","R","B",null,"M","$","?","M","M","R","E","R","T","M","$","?","M","M","R","B",null,"M","M","T","?","M","R","E","R","T","M","R","M","E","$","R","B","B",null,"R","$","E","B",null],"character_chosen":"THE_SILENT","items_purchased":["Noxious Fumes","Footwork","PrismaticShard","Footwork","Footwork","Escape Plan","Ancient Tea Set","Escape Plan"],"campfire_rested":2,"item_purchase_floors":[2,13,13,19,28,48,48,54],"current_hp_per_floor":[59,59,52,52,32,32,32,32,32,32,32,32,32,32,32,26,56,55,55,55,53,47,47,20,20,20,19,19,19,17,6,25,47,61,59,56,56,56,56,56,66,66,66,60,60,49,4,4,26,29,18,62,62,62,31,9],"gold":40,"neow_bonus":"THREE_ENEMY_KILL","is_prod":false,"is_daily":false,"chose_seed":false,"campfire_upgraded":9,"win_rate":0,"timestamp":1545394413,"path_taken":["M","$","?","M","?","R","E","R","T","R","M","?","$","M","R","BOSS","M","$","?","M","M","R","E","R","T","?","$","?","?","?","R","BOSS","M","?","?","?","M","R","E","R","T","M","R","M","E","$","R","BOSS","BOSS","R","$","E","BOSS"],"build_version":"2018-12-20","purchased_purges":1,"victory":true,"max_hp_per_floor":[66,66,66,66,66,66,66,66,66,66,66,66,66,66,66,66,66,66,66,66,66,66,66,66,66,66,66,66,66,66,66,66,66,66,66,66,66,66,66,66,76,76,76,76,76,76,76,76,76,76,76,76,76,76,76,76],"card_choices":[{"not_picked":["Blur","Accuracy"],"picked":"Well Laid Plans","floor":1.0},{"not_picked":["Deadly Poison","Caltrops"],"picked":"Well Laid Plans","floor":4.0},{"not_picked":["Setup","Dodge and Roll"],"picked":"Backflip","floor":7.0},{"not_picked":["Endless Agony","Poisoned Stab","Finisher"],"picked":"SKIP","floor":11.0},{"not_picked":["Dagger Spray","Pommel Strike"],"picked":"Steam","floor":14.0},{"not_picked":["Demon Form","Rainbow"],"picked":"Core Surge","floor":16.0},{"not_picked":["Quick Slash","Fire Breathing"],"picked":"PiercingWail","floor":18.0},{"not_picked":["Dagger Throw","Hologram"],"picked":"Burning Pact","floor":21.0},{"not_picked":["Outmaneuver+1","Dodge and Roll"],"picked":"Transmutation","floor":22.0},{"not_picked":["Blade Dance","Sucker Punch","Underhanded Strike"],"picked":"SKIP","floor":24.0},{"not_picked":["Rebound","Static Discharge","Slice","Sucker Punch"],"picked":"SKIP","floor":27.0},{"not_picked":["Thunderclap","Wild Strike","Stack"],"picked":"Glass Knife","floor":30.0},{"not_picked":["Skewer","Poisoned Stab","Twin Strike"],"picked":"Turbo","floor":31.0},{"not_picked":["Multi-Cast","A Thousand Cuts","Venomology"],"picked":"Amplify","floor":33.0},{"not_picked":["Anger","Cloak And Dagger","Poisoned Stab+1","Setup+1"],"picked":"SKIP","floor":35.0},{"not_picked":["Leap","Flying Knee","Headbutt+1"],"picked":"Steam+1","floor":36.0},{"not_picked":["Steam","Go for the Eyes","Bane"],"picked":"Evolve","floor":39.0},{"not_picked":["Havoc","Envenom","Clothesline+1"],"picked":"Dual Wield","floor":41.0},{"not_picked":["Dodge and Roll","Flechettes+1","Dagger Spray+1","Beam Cell+1"],"picked":"SKIP","floor":44.0},{"not_picked":["Havoc+1","Sword Boomerang+1","Flex"],"picked":"Burning Pact","floor":46.0},{"not_picked":["Headbutt+1","Hello World","Sucker Punch+1"],"picked":"Buffer","floor":47.0},{"not_picked":["Dodge and Roll","Deflect","Clash+1"],"picked":"Catalyst+1","floor":55.0}],"player_experience":1416051,"relics_obtained":[{"floor":7.0,"key":"Blue Candle"},{"floor":9.0,"key":"Tiny Chest"},{"floor":24.0,"key":"Pantograph"},{"floor":26.0,"key":"Question Card"},{"floor":41.0,"key":"Pear"},{"floor":43.0,"key":"Molten Egg 2"},{"floor":47.0,"key":"Singing Bowl"},{"floor":55.0,"key":"Oddly Smooth Stone"}],"event_choices":[{"cards_removed":["Strike_G"],"damage_healed":0.0,"max_hp_gain":0.0,"max_hp_loss":0.0,"gold_gain":0.0,"event_name":"Golden Wing","player_choice":"Card Removal","floor":3.0,"gold_loss":0.0,"damage_taken":7.0},{"damage_healed":0.0,"max_hp_gain":0.0,"max_hp_loss":0.0,"gold_gain":0.0,"event_name":"Shining Light","player_choice":"Entered Light","floor":5.0,"gold_loss":0.0,"damage_taken":20.0,"cards_upgraded":["Survivor","Defend_G"]},{"damage_healed":0.0,"max_hp_gain":0.0,"max_hp_loss":0.0,"gold_gain":150.0,"event_name":"Liars Game","player_choice":"AGREE","floor":12.0,"gold_loss":0.0,"damage_taken":0.0,"cards_obtained":["Doubt"]},{"cards_removed":["Strike_G"],"damage_healed":0.0,"max_hp_gain":0.0,"max_hp_loss":0.0,"gold_gain":0.0,"event_name":"Bonfire Elementals","player_choice":"Offered Basic","floor":20.0,"gold_loss":0.0,"damage_taken":0.0},{"damage_healed":0.0,"max_hp_gain":0.0,"max_hp_loss":0.0,"gold_gain":0.0,"event_name":"Accursed Blacksmith","player_choice":"Rummage","floor":29.0,"gold_loss":0.0,"damage_taken":0.0,"relics_obtained":["WarpedTongs"],"cards_obtained":["Pain"]},{"cards_removed":["Pain","Doubt"],"damage_healed":0.0,"max_hp_gain":0.0,"max_hp_loss":0.0,"gold_gain":0.0,"event_name":"Fountain of Cleansing","player_choice":"Removed Curses","floor":38.0,"gold_loss":0.0,"damage_taken":0.0}],"is_beta":false,"boss_relics":[{"not_picked":["Velvet Choker","White Beast Statue"],"picked":"Runic Pyramid"},{"not_picked":["WristBlade","Empty Cage"],"picked":"Lizard Tail"}],"items_purged_floors":[48],"is_endless":false,"potions_floor_spawned":[1,4,7,21,22,27,41,46,47,55],"ascension_level":20}