{"path_per_floor":["M","M","$","M","M","R","E","$","T","T","M","$","R","M","R","B",null,"M","?","$"],"character_chosen":"IRONCLAD","items_purchased":["Iron Wave","Anger"],"gold_per_floor":[117,132,57,70,85,85,146,46,46,46,66,18,18,29,29,127,127,145,70,45],"floor_reached":21,"campfire_rested":1,"playtime":976,"current_hp_per_floor":[80,72,72,78,53,53,10,10,10,10,11,11,35,38,38,18,80,9,9,9],"items_purged":["Defend_R","Strike_R"],"gold":45,"score":179,"play_id":"be9e1ba4-3473-4203-ba53-2f5034e9528c","local_time":"20180315205302","is_prod":false,"is_daily":false,"is_ascension_mode":false,"campfire_upgraded":2,"timestamp":1521143582,"path_taken":["M","M","$","M","M","R","E","$","T","?","?","?","R","M","R","BOSS","M","?","$","?"],"build_version":"2018-03-09","purchased_purges":2,"victory":false,"master_deck":["Strike_R","Strike_R","Strike_R","Defend_R","Defend_R","Defend_R","Bash","Barricade+1","Cleave","Power Through","Warcry","Flex+1","Ghostly Armor","Entrench","Iron Wave","Dropkick","Demon Form","Flex","Body Slam","Infernal Blade","Warcry","Iron Wave","Clash+1","Anger"],"max_hp_per_floor":[80,80,80,80,80,80,80,80,80,80,80,80,80,80,80,80,80,80,80,80],"relics":["Burning Blood","Tiny Chest","Du-Vu Doll","Bottled Flame","Orrery"],"card_choices":[{"not_picked":["Fire Breathing","Second Wind"],"picked":"Cleave"},{"not_picked":["Feel No Pain","Flex"],"picked":"Power Through"},{"not_picked":["Pommel Strike","Anger"],"picked":"Warcry"},{"not_picked":["Warcry","Armaments"],"picked":"Flex"},{"not_picked":["Combust","Rampage"],"picked":"Ghostly Armor"},{"not_picked":["Shrug It Off","True Grit"],"picked":"Entrench"},{"not_picked":["Corruption","Shockwave"],"picked":"Dropkick"},{"not_picked":["Barricade","Dark Embrace"],"picked":"Demon Form"},{"not_picked":["Clothesline","Combust"],"picked":"Flex"},{"not_picked":["Havoc","Pommel Strike"],"picked":"Body Slam"},{"not_picked":["True Grit","Havoc"],"picked":"Infernal Blade"},{"not_picked":["Rage","Clash"],"picked":"Warcry"},{"not_picked":["Flex","Berserk"],"picked":"Iron Wave"},{"not_picked":["Sword Boomerang","Iron Wave"],"picked":"Clash"}],"player_experience":144169,"potions_floor_usage":[16,16,16],"damage_taken":[{"damage":6.0,"enemies":"Cultist","floor":1.0,"turns":3.0},{"damage":14.0,"enemies":"Jaw Worm","floor":2.0,"turns":4.0},{"damage":0.0,"enemies":"Small Slimes","floor":4.0,"turns":3.0},{"damage":31.0,"enemies":"Exordium Thugs","floor":5.0,"turns":7.0},{"damage":49.0,"enemies":"Lagavulin","floor":7.0,"turns":6.0},{"damage":5.0,"enemies":"Looter","floor":11.0,"turns":3.0},{"damage":3.0,"enemies":"2 Fungi Beasts","floor":14.0,"turns":4.0},{"damage":26,"enemies":"The Guardian","floor":16,"turns":25},{"damage":77,"enemies":"Spheric Guardian","floor":18,"turns":9}],"event_choices":[{"event_name":"Beggar","player_choice":"Gave Gold","floor":19,"damage_taken":0}],"boss_relics":[{"not_picked":["White Beast Statue","Question Card"],"picked":"Orrery"}],"potions_floor_spawned":[1,4,7,14],"seed_played":"-4530300617195069517","ascension_level":0,"is_trial":false}