{"gold_per_floor":[362,372,87,87,104,104,119,194,194,194,211,211,211,229,229,326,326,336,40,45,45,45,58,73,73,126,126,57,57,57,81,81,178,178,195,215,90,106,126,126,126,144,144,144,144,144,158,171,171,171],"floor_reached":51,"playtime":1768,"items_purged":["Strike_G","Strike_G","Strike_G"],"score":744,"play_id":"490aa8cc-3c33-4e08-b9fc-f90cb85d00fe","local_time":"20181211171906","is_ascension_mode":false,"campfire_choices":[{"data":"Deadly Poison","floor":6.0,"key":"SMITH"},{"data":"Capacitor","floor":10.0,"key":"SMITH"},{"data":"Deadly Poison","floor":12.0,"key":"SMITH"},{"data":"Footwork","floor":15.0,"key":"SMITH"},{"data":"Catalyst","floor":27.0,"key":"SMITH"},{"data":"Catalyst","floor":32.0,"key":"SMITH"},{"data":"Noxious Fumes","floor":46,"key":"SMITH"},{"floor":49,"key":"REST"}],"neow_cost":"PERCENT_DAMAGE","seed_source_timestamp":16828928357338,"circlet_count":0,"master_deck":["Defend_G","Defend_G","Defend_G","Defend_G","Defend_G","Survivor","Neutralize+1","Deadly Poison+1","Deadly Poison+1","Capacitor+1","Glacier","Footwork+1","Skim","Meteor Strike","Tempest+1","Catalyst+1","Riddle With Holes","Dual Wield","Ghostly Armor+1","Noxious Fumes+1","Catalyst+1","Rainbow","Leap+1","Seeing Red","Headbutt+1","Stack","Flame Barrier+1","Magnetism","Force Field"],"special_seed":0,"relics":["Ring of the Snake","PrismaticShard","Incense Burner","Runic Dome","Medical Kit","Tingsha","Regal Pillow","Sozu","The Courier"],"potions_floor_usage":[40,50],"damage_taken":[{"damage":0.0,"enemies":"Small Slimes","floor":1.0,"turns":3.0},{"damage":0.0,"enemies":"2 Louse","floor":2.0,"turns":2.0},{"damage":2.0,"enemies":"Jaw Worm","floor":5.0,"turns":4.0},{"damage":4.0,"enemies":"3 Louse","floor":7.0,"turns":4.0},{"damage":4.0,"enemies":"Looter","floor":11.0,"turns":3.0},{"damage":2.0,"enemies":"Large Slime","floor":14.0,"turns":9.0},{"damage":36.0,"enemies":"Slime Boss","floor":16.0,"turns":13.0},{"damage":8.0,"enemies":"Spheric Guardian","floor":18.0,"turns":6.0},{"damage":14.0,"enemies":"2 Thieves","floor":20.0,"turns":4.0},{"damage":0.0,"enemies":"Snecko","floor":23.0,"turns":3.0},{"damage":7.0,"enemies":"Centurion and Healer","floor":24.0,"turns":7.0},{"damage":0.0,"enemies":"Champ","floor":33.0,"turns":11.0},{"damage":19.0,"enemies":"3 Shapes","floor":35.0,"turns":4.0},{"damage":2,"enemies":"Orb Walker","floor":36,"turns":4},{"damage":9,"enemies":"Maw","floor":38,"turns":6},{"damage":17,"enemies":"4 Shapes","floor":39,"turns":8},{"damage":0,"enemies":"Reptomancer","floor":40,"turns":2},{"damage":1,"enemies":"Transient","floor":42,"turns":5},{"damage":3,"enemies":"Sphere and 2 Shapes","floor":47,"turns":6},{"damage":17,"enemies":"3 Darklings","floor":48,"turns":6},{"damage":44,"enemies":"Time Eater","floor":50,"turns":8}],"seed_played":"553497633314577718","potions_obtained":[{"floor":2.0,"key":"Explosive Potion"},{"floor":7.0,"key":"AttackPotion"},{"floor":16.0,"key":"AttackPotion"},{"floor":18.0,"key":"LiquidBronze"},{"floor":20.0,"key":"SmokeBomb"}],"is_trial":false,"path_per_floor":["M","M","$","?","M","R","M","?","T","R","M","R","?","M","R","B",null,"M","$","M","?","$","M","M","?","T","R","$","?","T","T","R","B",null,"M","M","$","M","M","E","?","M","T","?","?","R","M","M","R","B",null],"character_chosen":"THE_SILENT","items_purchased":["PrismaticShard","Medical Kit","Noxious Fumes"],"campfire_rested":1,"item_purchase_floors":[3,19,28],"current_hp_per_floor":[49,49,49,70,68,68,64,53,53,53,49,49,49,47,47,11,70,62,62,48,48,48,48,41,41,41,41,41,41,41,41,41,41,70,51,49,49,40,23,23,23,22,22,22,61,61,58,41,61,17],"gold":171,"neow_bonus":"TWO_FIFTY_GOLD","is_prod":false,"is_daily":false,"chose_seed":false,"campfire_upgraded":7,"win_rate":0,"timestamp":1544519946,"path_taken":["M","M","$","?","M","R","M","?","T","R","M","R","?","M","R","BOSS","M","$","M","?","$","M","M","?","T","R","$","?","?","?","R","BOSS","M","M","$","?","M","E","?","M","T","?","?","R","M","M","R","BOSS"],"build_version":"2018-12-06","purchased_purges":3,"victory":true,"max_hp_per_floor":[70,70,70,70,70,70,70,70,70,70,70,70,70,70,70,70,70,70,70,70,70,70,70,70,70,70,70,70,70,70,70,70,70,70,70,70,70,70,70,70,70,70,70,70,61,61,61,61,61,61],"card_choices":[{"not_picked":["Acrobatics","Dagger Throw"],"picked":"Deadly Poison","floor":1.0},{"not_picked":["Blade Dance","Underhanded Strike"],"picked":"Deadly Poison","floor":2.0},{"not_picked":["Metallicize","Clash"],"picked":"Capacitor","floor":5.0},{"not_picked":["Compile Driver","Disarm"],"picked":"Glacier","floor":7.0},{"not_picked":["Backstab","Bandage Up"],"picked":"Footwork","floor":11.0},{"not_picked":["Seeing Red","Clothesline"],"picked":"Skim","floor":14.0},{"not_picked":["Storm of Steel","Doppelganger"],"picked":"Meteor Strike","floor":16.0},{"not_picked":["Sword Boomerang+1","Steam"],"picked":"Tempest+1","floor":18.0},{"not_picked":["Conserve Battery","Backflip+1"],"picked":"Rupture","floor":20.0},{"not_picked":["Thunderclap+1","PiercingWail+1"],"picked":"Dual Wield","floor":23.0},{"not_picked":["Iron Wave","Twin Strike"],"picked":"Ghostly Armor+1","floor":24.0},{"not_picked":["Amplify","Secret Weapon"],"picked":"Rainbow","floor":33.0},{"not_picked":["Cold Snap","Wild Strike+1"],"picked":"Leap+1","floor":35.0},{"not_picked":["Backstab+1","Thunderclap"],"picked":"Seeing Red","floor":36},{"not_picked":["Heel Hook","Blizzard+1"],"picked":"Headbutt+1","floor":38},{"not_picked":["Warcry","Searing Blow"],"picked":"Stack","floor":39},{"not_picked":["Gash+1","Dodge and Roll+1"],"picked":"Flame Barrier+1","floor":42},{"not_picked":["Force Field","Footwork"],"picked":"Magnetism","floor":47},{"not_picked":["Cloak And Dagger+1","Cleave+1"],"picked":"Force Field","floor":48}],"player_experience":1217891,"relics_obtained":[{"floor":9.0,"key":"Incense Burner"},{"floor":30.0,"key":"Tingsha"},{"floor":31.0,"key":"Regal Pillow"},{"floor":43,"key":"The Courier"}],"event_choices":[{"damage_healed":23.0,"max_hp_gain":0.0,"max_hp_loss":0.0,"gold_gain":0.0,"event_name":"Big Fish","player_choice":"Banana","floor":4.0,"gold_loss":0.0,"damage_taken":0.0},{"damage_healed":0.0,"max_hp_gain":0.0,"max_hp_loss":0.0,"gold_gain":75.0,"event_name":"World of Goop","player_choice":"Gather Gold","floor":8.0,"gold_loss":0.0,"damage_taken":11.0},{"damage_healed":0.0,"max_hp_gain":0.0,"max_hp_loss":0.0,"gold_gain":0.0,"event_name":"Living Wall","player_choice":"Grow","floor":13.0,"gold_loss":0.0,"damage_taken":0.0,"cards_upgraded":["Neutralize"]},{"damage_healed":0.0,"max_hp_gain":0.0,"max_hp_loss":0.0,"gold_gain":0.0,"cards_transformed":["Strike_G","Strike_G"],"event_name":"Drug Dealer","player_choice":"Became Test Subject","floor":21.0,"gold_loss":0.0,"damage_taken":0.0,"cards_obtained":["Catalyst","Riddle With Holes"]},{"damage_healed":0.0,"max_hp_gain":0.0,"max_hp_loss":0.0,"gold_gain":0.0,"event_name":"The Library","player_choice":"Read","floor":29.0,"gold_loss":0.0,"damage_taken":0.0,"cards_obtained":["Catalyst"]},{"damage_healed":0,"gold_gain":0,"player_choice":"Ignored","damage_taken":0,"max_hp_gain":0,"max_hp_loss":0,"event_name":"Mysterious Sphere","floor":41,"gold_loss":0},{"cards_removed":["Rupture"],"damage_healed":0,"gold_gain":0,"player_choice":"Removed Power","damage_taken":0,"max_hp_gain":0,"max_hp_loss":0,"event_name":"Falling","floor":44,"gold_loss":0},{"damage_healed":61,"gold_gain":0,"player_choice":"Heal","damage_taken":0,"max_hp_gain":0,"max_hp_loss":9,"event_name":"The Moai Head","floor":45,"gold_loss":0}],"is_beta":false,"boss_relics":[{"not_picked":["Fusion Hammer","Eternal Feather"],"picked":"Runic Dome"},{"not_picked":["White Beast Statue","Busted Crown"],"picked":"Sozu"}],"items_purged_floors":[3,19,37],"is_endless":false,"potions_floor_spawned":[2,7,16,18,20,38,42,47,48],"ascension_level":0}