{"gold_per_floor":[116,135,155,155,171,171,185,198,276,276,276,311,417,203,203,299,299,318,342,78,91,91,91,111,131,131,131,131,177,177,197,197,273,273,273],"floor_reached":35,"playtime":1339,"items_purged":["Strike_G"],"score":718,"play_id":"2869158f-46b1-4b1c-a2d7-4dbc231535b0","local_time":"20190808013017","is_ascension_mode":true,"campfire_choices":[{"data":"Bouncing Flask","floor":6.0,"key":"SMITH"},{"data":"Storm of Steel","floor":11.0,"key":"SMITH"},{"data":"Well Laid Plans","floor":15.0,"key":"SMITH"},{"floor":23.0,"key":"RECALL"},{"floor":27.0,"key":"REST"},{"floor":32.0,"key":"REST"}],"neow_cost":"TEN_PERCENT_HP_LOSS","seed_source_timestamp":132913547289973,"circlet_count":0,"master_deck":["AscendersBane","Defend_G","Defend_G","Defend_G","Defend_G","Defend_G","Survivor","Neutralize","Poisoned Stab","Storm of Steel+1","PiercingWail","Bouncing Flask+1","Acrobatics","Well Laid Plans+1","Burst","Concentrate","Distraction","Escape Plan","Blade Dance+1","Calculated Gamble"],"special_seed":0,"relics":["Ring of the Snake","Boot","Ornamental Fan","Bloody Idol","Turnip","Tiny Chest","Fusion Hammer","Kunai","Molten Egg 2","Ancient Tea Set","Black Star"],"potions_floor_usage":[35],"damage_taken":[{"damage":0.0,"enemies":"Cultist","floor":1.0,"turns":4.0},{"damage":2.0,"enemies":"Small Slimes","floor":2.0,"turns":5.0},{"damage":2.0,"enemies":"2 Louse","floor":3.0,"turns":4.0},{"damage":17.0,"enemies":"Large Slime","floor":5.0,"turns":8.0},{"damage":5.0,"enemies":"3 Louse","floor":7.0,"turns":4.0},{"damage":6.0,"enemies":"Blue Slaver","floor":8.0,"turns":4.0},{"damage":3.0,"enemies":"Gremlin Nob","floor":12.0,"turns":3.0},{"damage":4.0,"enemies":"Gremlin Nob","floor":13.0,"turns":3.0},{"damage":7.0,"enemies":"The Guardian","floor":16.0,"turns":9.0},{"damage":1.0,"enemies":"3 Byrds","floor":18.0,"turns":3.0},{"damage":3.0,"enemies":"2 Thieves","floor":19.0,"turns":4.0},{"damage":0.0,"enemies":"Snecko","floor":21.0,"turns":4.0},{"damage":7.0,"enemies":"3 Cultists","floor":24.0,"turns":5.0},{"damage":8.0,"enemies":"Snake Plant","floor":25.0,"turns":4.0},{"damage":10.0,"enemies":"Cultist and Chosen","floor":31.0,"turns":6.0},{"damage":32.0,"enemies":"Collector","floor":33.0,"turns":12.0},{"damage":26,"enemies":"3 Darklings","floor":35,"turns":3}],"seed_played":"1736187557720694866","potions_obtained":[{"floor":2.0,"key":"Strength Potion"},{"floor":5.0,"key":"Poison Potion"},{"floor":12.0,"key":"Energy Potion"}],"is_trial":false,"path_per_floor":["M","M","M","?","M","R","M","M","T","?","R","E","?","$","R","B",null,"M","M","$","M","?","R","M","M","T","R","?","T","?","M","R","B",null,"M"],"character_chosen":"THE_SILENT","items_purchased":["Well Laid Plans","PowerPotion","Kunai"],"campfire_rested":2,"item_purchase_floors":[14,14,20],"current_hp_per_floor":[59,57,55,55,38,38,33,27,27,27,27,24,20,20,20,13,44,43,40,40,40,40,40,33,25,25,41,41,41,41,36,52,25,47,21],"gold":273,"neow_bonus":"TRANSFORM_TWO_CARDS","is_prod":false,"is_daily":false,"chose_seed":false,"campfire_upgraded":3,"win_rate":0,"timestamp":1565195417,"path_taken":["M","M","?","?","M","R","?","M","T","?","R","E","?","$","R","BOSS","M","M","$","M","?","R","M","M","T","R","?","?","?","?","R","BOSS","M"],"build_version":"2019-07-17","purchased_purges":1,"victory":false,"max_hp_per_floor":[60,60,60,60,60,60,60,60,60,54,54,54,54,54,54,54,54,54,54,54,54,54,54,54,54,54,54,54,54,54,54,54,54,54,54],"card_choices":[{"not_picked":["Deadly Poison","Heel Hook","Bane"],"picked":"SKIP","floor":1.0},{"not_picked":["Poisoned Stab","Slice"],"picked":"PiercingWail","floor":2.0},{"not_picked":["Dash","Blade Dance"],"picked":"Bouncing Flask","floor":3.0},{"not_picked":["Riddle With Holes","Prepared","PiercingWail"],"picked":"SKIP","floor":5.0},{"not_picked":["Finisher","Blur","All Out Attack"],"picked":"SKIP","floor":7.0},{"not_picked":["Expertise","Choke","Deflect"],"picked":"SKIP","floor":8.0},{"not_picked":["Deflect","Quick Slash","Choke"],"picked":"SKIP","floor":12.0},{"not_picked":["Dodge and Roll","Sucker Punch"],"picked":"Acrobatics","floor":13.0},{"not_picked":["Die Die Die","Phantasmal Killer"],"picked":"Burst","floor":16.0},{"not_picked":["Sucker Punch","Dagger Spray","Deflect+1"],"picked":"SKIP","floor":18.0},{"not_picked":["Caltrops","Flying Knee","Accuracy"],"picked":"SKIP","floor":19.0},{"not_picked":["Eviscerate","Bouncing Flask","Sucker Punch"],"picked":"SKIP","floor":21.0},{"not_picked":["Riddle With Holes","Footwork"],"picked":"Escape Plan","floor":24.0},{"not_picked":["Choke","Prepared"],"picked":"Blade Dance+1","floor":25.0},{"not_picked":["Bane+1","Infinite Blades","Dodge and Roll"],"picked":"SKIP","floor":31.0}],"player_experience":812242,"relics_obtained":[{"floor":4.0,"key":"Boot"},{"floor":9.0,"key":"Ornamental Fan"},{"floor":12.0,"key":"Turnip"},{"floor":26.0,"key":"Molten Egg 2"},{"floor":29.0,"key":"Ancient Tea Set"}],"event_choices":[{"damage_healed":0.0,"max_hp_gain":0.0,"max_hp_loss":0.0,"gold_gain":0.0,"event_name":"Wheel of Change","player_choice":"Relic","floor":4.0,"gold_loss":0.0,"damage_taken":0.0},{"damage_healed":0.0,"max_hp_gain":0.0,"max_hp_loss":6.0,"gold_gain":0.0,"event_name":"Golden Idol","player_choice":"Lose Max HP","floor":10.0,"gold_loss":0.0,"damage_taken":0.0,"relics_obtained":["Golden Idol"]},{"damage_healed":0.0,"max_hp_gain":0.0,"max_hp_loss":0.0,"gold_gain":0.0,"event_name":"Dead Adventurer","player_choice":"Searched \u00272\u0027 times","floor":13.0,"gold_loss":0.0,"damage_taken":0.0,"relics_obtained":["Tiny Chest"]},{"damage_healed":0.0,"max_hp_gain":0.0,"max_hp_loss":0.0,"gold_gain":0.0,"cards_transformed":["Strike_G","Strike_G"],"event_name":"Drug Dealer","player_choice":"Became Test Subject","floor":22.0,"gold_loss":0.0,"damage_taken":0.0,"cards_obtained":["Concentrate","Distraction"]},{"damage_healed":0.0,"max_hp_gain":0.0,"max_hp_loss":0.0,"gold_gain":0.0,"event_name":"The Library","player_choice":"Read","floor":28.0,"gold_loss":0.0,"damage_taken":0.0,"cards_obtained":["Calculated Gamble"]},{"damage_healed":0.0,"max_hp_gain":0.0,"max_hp_loss":0.0,"gold_gain":0.0,"event_name":"Forgotten Altar","player_choice":"Gave Idol","floor":30.0,"relics_lost":["Golden Idol"],"gold_loss":0.0,"damage_taken":0.0,"relics_obtained":["Bloody Idol"]}],"is_beta":false,"boss_relics":[{"not_picked":["Busted Crown","Lizard Tail"],"picked":"Fusion Hammer"},{"not_picked":["Coffee Dripper","White Beast Statue"],"picked":"Black Star"}],"items_purged_floors":[14],"is_endless":false,"potions_floor_spawned":[2,5,12,18,19,21],"killed_by":"3 Darklings","ascension_level":20}