{"gold_per_floor":[363,376,387,387,6,6,21,36,36,36,36,51,51,51,51,125,125,140,140,36,46,46,81,81,110,135,147,147,39,66,66,66,139,139,152,52,71,116,127,127,2,19,19,29,54,86,98,136,148,160,172,184,196,58,86,86],"floor_reached":57,"playtime":1956,"items_purged":["Strike_G","Defend_G","Defend_G","Defend_G+1"],"score":3170,"play_id":"ac2b6785-5011-42a3-b3c2-6ae32089cf0b","local_time":"20190401183342","is_ascension_mode":true,"campfire_choices":[{"data":"Neutralize","floor":6.0,"key":"SMITH"},{"data":"Terror","floor":11.0,"key":"SMITH"},{"data":"Backflip","floor":13.0,"key":"SMITH"},{"data":"Survivor","floor":15.0,"key":"SMITH"},{"data":"Well Laid Plans","floor":24.0,"key":"SMITH"},{"floor":28.0,"key":"REST"},{"floor":32.0,"key":"RECALL"},{"data":"Defend_G","floor":40.0,"key":"SMITH"},{"data":"Defend_G","floor":49.0,"key":"SMITH"},{"data":"Defend_G","floor":53.0,"key":"SMITH"}],"neow_cost":"PERCENT_DAMAGE","seed_source_timestamp":21167073877856,"circlet_count":0,"master_deck":["AscendersBane","Defend_G+1","Defend_G+1","Survivor+1","Neutralize+1","Backstab","Backflip+1","Dagger Throw","Terror+1","Night Terror+1","Grand Finale+1","Acrobatics+1","Well Laid Plans+1","Purity+1","Calculated Gamble+1","After Image","Tactician+1","Crippling Poison+1","Die Die Die+1"],"special_seed":0,"relics":["Ring of the Snake","Bag of Preparation","ClockworkSouvenir","Potion Belt","Toxic Egg 2","Runic Dome","Molten Egg 2","Mercury Hourglass","Boot","Vajra","Centennial Puzzle","Astrolabe","Thread and Needle","Singing Bowl","MawBank","Lantern","Oddly Smooth Stone"],"potions_floor_usage":[56,56,56],"damage_taken":[{"damage":4.0,"enemies":"Small Slimes","floor":1.0,"turns":4.0},{"damage":0.0,"enemies":"2 Louse","floor":2.0,"turns":4.0},{"damage":1.0,"enemies":"Cultist","floor":3.0,"turns":4.0},{"damage":5.0,"enemies":"Exordium Thugs","floor":7.0,"turns":7.0},{"damage":5.0,"enemies":"Large Slime","floor":8.0,"turns":8.0},{"damage":4.0,"enemies":"Lots of Slimes","floor":12.0,"turns":4.0},{"damage":9.0,"enemies":"The Guardian","floor":16.0,"turns":15.0},{"damage":18.0,"enemies":"Shell Parasite","floor":18.0,"turns":7.0},{"damage":7.0,"enemies":"3 Byrds","floor":21.0,"turns":2.0},{"damage":0.0,"enemies":"Gremlin Leader","floor":23.0,"turns":3.0},{"damage":5.0,"enemies":"Slavers","floor":25.0,"turns":2.0},{"damage":7.0,"enemies":"Snake Plant","floor":27.0,"turns":3.0},{"damage":4.0,"enemies":"Gremlin Leader","floor":30.0,"turns":3.0},{"damage":10.0,"enemies":"Automaton","floor":33.0,"turns":5.0},{"damage":0.0,"enemies":"3 Shapes","floor":35.0,"turns":2.0},{"damage":0.0,"enemies":"3 Darklings","floor":37.0,"turns":2.0},{"damage":3.0,"enemies":"2 Orb Walkers","floor":38.0,"turns":2.0},{"damage":0.0,"enemies":"Maw","floor":39.0,"turns":2.0},{"damage":2.0,"enemies":"Writhing Mass","floor":42.0,"turns":2.0},{"damage":1.0,"enemies":"4 Shapes","floor":44.0,"turns":1.0},{"damage":0.0,"enemies":"Nemesis","floor":45.0,"turns":3.0},{"damage":0.0,"enemies":"Sphere and 2 Shapes","floor":46.0,"turns":1.0},{"damage":0.0,"enemies":"Reptomancer","floor":48.0,"turns":2.0},{"damage":0.0,"enemies":"Time Eater","floor":50.0,"turns":3.0},{"damage":0.0,"enemies":"Awakened One","floor":51.0,"turns":3.0},{"damage":0.0,"enemies":"Shield and Spear","floor":55.0,"turns":4.0},{"damage":31,"enemies":"The Heart","floor":56,"turns":7}],"seed_played":"2028966798435631808","potions_obtained":[{"floor":2.0,"key":"FearPotion"},{"floor":3.0,"key":"Energy Potion"},{"floor":18.0,"key":"Explosive Potion"},{"floor":23.0,"key":"PowerPotion"},{"floor":35.0,"key":"Block Potion"},{"floor":39.0,"key":"SkillPotion"},{"floor":47.0,"key":"Dexterity Potion"}],"is_trial":false,"path_per_floor":["M","M","M","?","$","R","M","M","T","?","R","M","R","$","R","B",null,"M","?","$","M","?","E","R","E","T","M","R","$","E","?","R","B",null,"M","$","M","?","M","R","$","M","T","M","E","M","?","E","R","B","B",null,"R","$","E","B",null],"character_chosen":"THE_SILENT","items_purchased":["ClockworkSouvenir","Potion Belt","Acrobatics+1","Purity+1"],"campfire_rested":1,"item_purchase_floors":[5,5,20,29],"current_hp_per_floor":[40,40,39,34,34,34,29,24,24,24,24,20,20,20,20,11,52,34,34,34,27,27,27,27,22,22,15,34,34,30,30,30,20,55,55,55,55,52,52,52,52,50,50,51,53,55,55,57,57,57,57,70,70,70,72,41],"gold":86,"neow_bonus":"TWO_FIFTY_GOLD","is_prod":false,"is_daily":false,"chose_seed":false,"campfire_upgraded":8,"win_rate":0,"timestamp":1554114822,"path_taken":["M","M","M","?","$","R","M","M","T","?","R","?","R","?","R","BOSS","M","?","$","?","?","E","R","E","T","?","R","$","E","?","R","BOSS","M","$","M","?","M","R","?","M","T","M","E","M","?","E","R","BOSS","BOSS","R","$","E","BOSS"],"build_version":"2019-01-23","purchased_purges":4,"victory":true,"max_hp_per_floor":[66,66,66,66,66,66,66,66,66,66,66,66,66,66,66,66,66,66,66,66,66,66,66,66,66,66,66,66,66,66,66,66,66,66,66,66,66,66,66,66,66,66,66,68,70,72,72,74,74,74,74,74,74,74,76,76],"card_choices":[{"not_picked":["Poisoned Stab","Masterful Stab"],"picked":"Backstab","floor":1.0},{"not_picked":["Dodge and Roll","Distraction","Outmaneuver"],"picked":"SKIP","floor":2.0},{"not_picked":["Prepared","Dodge and Roll"],"picked":"Backflip","floor":3.0},{"not_picked":["Bane","Backflip"],"picked":"Dagger Throw","floor":7.0},{"not_picked":["Slice","PiercingWail"],"picked":"Terror","floor":8.0},{"not_picked":["Slice","Expertise+1"],"picked":"Night Terror+1","floor":12.0},{"not_picked":["Burst+1","Storm of Steel+1"],"picked":"Grand Finale","floor":16.0},{"not_picked":["Dagger Throw","Underhanded Strike","Quick Slash"],"picked":"SKIP","floor":18.0},{"not_picked":["Cloak And Dagger+1","Blade Dance+1"],"picked":"Well Laid Plans","floor":21.0},{"not_picked":["Slice+1","Dodge and Roll+1","Dagger Throw+1"],"picked":"SKIP","floor":23.0},{"not_picked":["Cloak And Dagger+1","Dash+1","Dagger Spray+1"],"picked":"SKIP","floor":25.0},{"not_picked":["Bouncing Flask+1","Deadly Poison+1","PiercingWail+1"],"picked":"SKIP","floor":27.0},{"not_picked":["Prepared+1","Catalyst+1"],"picked":"Calculated Gamble+1","floor":30.0},{"not_picked":["Wraith Form v2","Venomology+1"],"picked":"After Image","floor":33.0},{"not_picked":["Dodge and Roll+1","Outmaneuver+1","Skewer+1"],"picked":"SKIP","floor":35.0},{"not_picked":["Cloak And Dagger+1","Quick Slash+1","Dagger Spray+1"],"picked":"SKIP","floor":37.0},{"not_picked":["Accuracy","Predator+1","Deadly Poison+1"],"picked":"SKIP","floor":39.0},{"not_picked":["Bane+1","Caltrops+1","Tactician+1"],"picked":"SKIP","floor":42.0},{"not_picked":["Flying Knee+1","Quick Slash+1","Deadly Poison+1"],"picked":"Singing Bowl","floor":44.0},{"not_picked":["Flying Knee+1","Expertise+1","Leg Sweep+1"],"picked":"Singing Bowl","floor":45.0},{"not_picked":["Poisoned Stab+1","Quick Slash+1","Sucker Punch+1"],"picked":"Singing Bowl","floor":46.0},{"not_picked":["Distraction+1","Calculated Gamble+1","Cloak And Dagger+1"],"picked":"Singing Bowl","floor":48.0},{"not_picked":["Well Laid Plans","Malaise+1","Crippling Poison+1"],"picked":"Singing Bowl","floor":55.0}],"player_experience":3983275,"relics_obtained":[{"floor":10.0,"key":"Toxic Egg 2"},{"floor":22.0,"key":"Molten Egg 2"},{"floor":23.0,"key":"Mercury Hourglass"},{"floor":25.0,"key":"Boot"},{"floor":26.0,"key":"Vajra"},{"floor":30.0,"key":"Centennial Puzzle"},{"floor":38.0,"key":"Thread and Needle"},{"floor":43.0,"key":"Singing Bowl"},{"floor":45.0,"key":"MawBank"},{"floor":48.0,"key":"Lantern"},{"floor":55.0,"key":"Oddly Smooth Stone"}],"event_choices":[{"damage_healed":0.0,"max_hp_gain":0.0,"max_hp_loss":0.0,"gold_gain":0.0,"event_name":"Scrap Ooze","player_choice":"Success","floor":4.0,"gold_loss":0.0,"damage_taken":5.0,"relics_obtained":["Bag of Preparation"]},{"damage_healed":0.0,"max_hp_gain":0.0,"max_hp_loss":0.0,"gold_gain":0.0,"event_name":"Wheel of Change","player_choice":"Relic","floor":10.0,"gold_loss":0.0,"damage_taken":0.0},{"damage_healed":0.0,"max_hp_gain":0.0,"max_hp_loss":0.0,"gold_gain":0.0,"event_name":"Accursed Blacksmith","player_choice":"Forge","floor":19.0,"gold_loss":0.0,"damage_taken":0.0,"cards_upgraded":["Grand Finale"]},{"damage_healed":0.0,"max_hp_gain":0.0,"max_hp_loss":0.0,"gold_gain":0.0,"event_name":"Wheel of Change","player_choice":"Relic","floor":22.0,"gold_loss":0.0,"damage_taken":0.0},{"cards_removed":["Strike_G"],"damage_healed":0.0,"max_hp_gain":0.0,"max_hp_loss":0.0,"gold_gain":0.0,"event_name":"Back to Basics","player_choice":"Elegance","floor":31.0,"gold_loss":0.0,"damage_taken":0.0},{"damage_healed":0.0,"max_hp_gain":0.0,"max_hp_loss":0.0,"gold_gain":0.0,"event_name":"Mysterious Sphere","player_choice":"Fight","floor":38.0,"gold_loss":0.0,"damage_taken":0.0},{"damage_healed":0.0,"max_hp_gain":0.0,"max_hp_loss":0.0,"gold_gain":0.0,"event_name":"Lab","player_choice":"Got Potions","floor":47.0,"gold_loss":0.0,"damage_taken":0.0}],"is_beta":false,"boss_relics":[{"not_picked":["Philosopher\u0027s Stone","White Beast Statue"],"picked":"Runic Dome"},{"not_picked":["Ring of the Serpent","Runic Pyramid"],"picked":"Astrolabe"}],"items_purged_floors":[20,36,41,54],"is_endless":false,"potions_floor_spawned":[2,3,18,23,35,39,42],"ascension_level":20}