{"gold_per_floor":[110,110,110,137,212,246,266,266,266,266,25,44,71,90,90,90],"floor_reached":16,"playtime":418,"items_purged":["Strike_G"],"score":266,"play_id":"a15dd6e6-5251-4b93-9600-55e12c711cdf","local_time":"20181026012933","is_ascension_mode":true,"campfire_choices":[{"data":"Neutralize","floor":8,"key":"SMITH"},{"floor":10,"key":"DIG"},{"floor":15,"key":"DIG"}],"neow_cost":"NONE","seed_source_timestamp":0,"circlet_count":0,"master_deck":["Defend_G","Defend_G","Defend_G","Defend_G","Defend_G","Strike_G","Strike_G","Strike_G","Strike_G","Survivor","Neutralize+1","AscendersBane","Well Laid Plans","Deadly Poison","Tactician","Backstab","Dagger Throw"],"special_seed":0,"relics":["Ring of the Snake","NeowsBlessing","Shovel","Sundial","Centennial Puzzle","Gremlin Horn","Tingsha","Snake Skull","Ninja Scroll","Peace Pipe"],"potions_floor_usage":[16],"damage_taken":[{"damage":0,"enemies":"Small Slimes","floor":1,"turns":1},{"damage":0,"enemies":"3 Sentries","floor":6,"turns":2},{"damage":0,"enemies":"2 Louse","floor":7,"turns":1},{"damage":9,"enemies":"Jaw Worm","floor":12,"turns":3},{"damage":6,"enemies":"Lagavulin","floor":13,"turns":8},{"damage":0,"enemies":"Blue Slaver","floor":14,"turns":2},{"damage":12,"enemies":"Hexaghost","floor":16,"turns":10}],"seed_played":"6827960366621706181","potions_obtained":[{"floor":6,"key":"GhostInAJar"},{"floor":13,"key":"Ancient Potion"}],"is_trial":false,"path_per_floor":["M","?","T","T","?","E","M","R","T","R","$","M","E","M","R"],"character_chosen":"THE_SILENT","items_purchased":["Tactician","Backstab"],"campfire_rested":0,"item_purchase_floors":[11,11],"current_hp_per_floor":[59,41,41,41,30,30,30,30,30,30,30,21,15,15,15,3],"gold":90,"neow_bonus":"THREE_ENEMY_KILL","is_prod":false,"is_daily":false,"chose_seed":false,"campfire_upgraded":1,"win_rate":0,"timestamp":1540488573,"path_taken":["M","?","?","?","?","E","M","R","T","R","?","M","E","?","R","BOSS"],"build_version":"2018-10-18","purchased_purges":1,"victory":false,"max_hp_per_floor":[66,66,66,66,66,66,66,66,66,66,66,66,66,66,66,66],"card_choices":[{"not_picked":["Outmaneuver","Dagger Spray"],"picked":"Well Laid Plans","floor":1},{"not_picked":["Dagger Spray","Outmaneuver"],"picked":"Deadly Poison","floor":6},{"not_picked":["Eviscerate","Blur","Dodge and Roll"],"picked":"SKIP","floor":7},{"not_picked":["Masterful Stab","Dodge and Roll"],"picked":"Dagger Throw","floor":12},{"not_picked":["Bullet Time","Underhanded Strike","Quick Slash"],"picked":"SKIP","floor":13},{"not_picked":["Sucker Punch","Eviscerate","PiercingWail"],"picked":"SKIP","floor":14}],"player_experience":392493,"relics_obtained":[{"floor":3,"key":"Sundial"},{"floor":4,"key":"Centennial Puzzle"},{"floor":6,"key":"Gremlin Horn"},{"floor":9,"key":"Tingsha"},{"floor":10,"key":"Snake Skull"},{"floor":13,"key":"Ninja Scroll"},{"floor":15,"key":"Peace Pipe"}],"event_choices":[{"damage_healed":0,"gold_gain":0,"player_choice":"Success","damage_taken":18,"relics_obtained":["Shovel"],"max_hp_gain":0,"max_hp_loss":0,"event_name":"Scrap Ooze","floor":2,"gold_loss":0},{"damage_healed":0,"gold_gain":75,"player_choice":"Gather Gold","damage_taken":11,"max_hp_gain":0,"max_hp_loss":0,"event_name":"World of Goop","floor":5,"gold_loss":0}],"is_beta":false,"boss_relics":[],"items_purged_floors":[11],"is_endless":false,"potions_floor_spawned":[6,13],"killed_by":"Hexaghost","ascension_level":20}