{"gold_per_floor":[219,144,162,162,172,172,72,72,72,84,95,95,108,108,108,187,187,197,197,197,197,197,197],"floor_reached":23,"playtime":517,"items_purged":["Strike_B","Strike_B"],"score":358,"play_id":"1ec72fab-357f-4217-a803-b44b37916fc1","local_time":"20190106151607","is_ascension_mode":true,"campfire_choices":[{"data":"Sunder","floor":6,"key":"SMITH"},{"data":"Dualcast","floor":8,"key":"SMITH"},{"data":"Zap","floor":12,"key":"SMITH"},{"data":"Darkness","floor":15,"key":"SMITH"}],"neow_cost":"NONE","seed_source_timestamp":13773222680837,"circlet_count":0,"master_deck":["AscendersBane","Defend_B","Defend_B","Defend_B","Zap+1","Dualcast+1","Chill","Sunder+1","Conserve Battery","White Noise","Darkness+1","Electrodynamics","White Noise","BootSequence","Heatsinks+1"],"relics":["Cracked Core","Juzu Bracelet","Philosopher\u0027s Stone","FaceOfCleric","Nilry\u0027s Codex"],"potions_floor_usage":[10],"damage_taken":[{"damage":3,"enemies":"2 Louse","floor":1,"turns":3},{"damage":2,"enemies":"Small Slimes","floor":3,"turns":3},{"damage":0,"enemies":"Cultist","floor":5,"turns":3},{"damage":5,"enemies":"Large Slime","floor":10,"turns":4},{"damage":0,"enemies":"Red Slaver","floor":11,"turns":4},{"damage":0,"enemies":"2 Fungi Beasts","floor":13,"turns":2},{"damage":16,"enemies":"Slime Boss","floor":16,"turns":7},{"damage":14,"enemies":"Spheric Guardian","floor":18,"turns":4},{"damage":27,"enemies":"Book of Stabbing","floor":23,"turns":2}],"seed_played":"-2863997587460525049","potions_obtained":[{"floor":1,"key":"Ancient Potion"},{"floor":5,"key":"Energy Potion"},{"floor":10,"key":"Fire Potion"}],"is_trial":false,"path_per_floor":["M","$","M","?","M","R","$","R","T","M","M","R","M","$","R","B",null,"M","?","?","?","?","E"],"character_chosen":"DEFECT","items_purchased":[],"campfire_rested":0,"item_purchase_floors":[],"current_hp_per_floor":[61,61,59,52,52,52,52,52,52,47,47,47,47,47,47,31,61,47,47,26,26,26,0],"gold":197,"neow_bonus":"HUNDRED_GOLD","is_prod":false,"is_daily":false,"chose_seed":false,"campfire_upgraded":4,"win_rate":0,"timestamp":1546758967,"path_taken":["M","$","M","?","M","R","$","R","T","M","M","R","M","$","R","BOSS","M","?","?","?","?","E"],"build_version":"2019-01-03v4","purchased_purges":2,"victory":false,"max_hp_per_floor":[71,71,71,71,71,71,71,71,71,71,71,71,71,71,71,71,71,71,71,71,71,71,71],"card_choices":[{"not_picked":["Conserve Battery","Compile Driver"],"picked":"Chill","floor":1},{"not_picked":["Steam Power","FTL"],"picked":"Sunder","floor":3},{"not_picked":["Compile Driver","Reprogram"],"picked":"Conserve Battery","floor":5},{"not_picked":["Blizzard","Tempest","Leap"],"picked":"SKIP","floor":10},{"not_picked":["Steam","Cold Snap"],"picked":"White Noise","floor":11},{"not_picked":["Redo","Gash"],"picked":"Darkness","floor":13},{"not_picked":["Buffer","Meteor Strike"],"picked":"Electrodynamics","floor":16},{"not_picked":["Go for the Eyes","Aggregate"],"picked":"White Noise","floor":18}],"player_experience":1778773,"relics_obtained":[{"floor":9,"key":"Juzu Bracelet"},{"floor":20,"key":"Nilry\u0027s Codex"}],"event_choices":[{"cards_removed":["Strike_B"],"damage_healed":0,"gold_gain":0,"player_choice":"Card Removal","damage_taken":7,"max_hp_gain":0,"max_hp_loss":0,"event_name":"Golden Wing","floor":4,"gold_loss":0},{"damage_healed":0,"gold_gain":0,"player_choice":"Trade","damage_taken":0,"relics_obtained":["FaceOfCleric"],"max_hp_gain":0,"max_hp_loss":0,"event_name":"FaceTrader","floor":19,"gold_loss":0},{"damage_healed":0,"gold_gain":0,"player_choice":"Obtained Book","damage_taken":21,"max_hp_gain":0,"max_hp_loss":0,"event_name":"Cursed Tome","floor":20,"gold_loss":0},{"damage_healed":0,"gold_gain":0,"cards_transformed":["Defend_B","Strike_B"],"player_choice":"Became Test Subject","damage_taken":0,"max_hp_gain":0,"max_hp_loss":0,"event_name":"Drug Dealer","floor":21,"gold_loss":0,"cards_obtained":["BootSequence","Heatsinks"]},{"damage_healed":0,"gold_gain":0,"player_choice":"Upgraded","damage_taken":0,"max_hp_gain":0,"max_hp_loss":0,"event_name":"Upgrade Shrine","floor":22,"gold_loss":0,"cards_upgraded":["Heatsinks"]}],"is_beta":false,"boss_relics":[{"not_picked":["Tiny House","Snecko Eye"],"picked":"Philosopher\u0027s Stone"}],"items_purged_floors":[2,7],"is_endless":false,"potions_floor_spawned":[1,5,10,16,18],"killed_by":"Book of Stabbing","ascension_level":20}