{"gold_per_floor":[163,9,27,27,27,27,55,55,78,106,106,106],"floor_reached":12,"playtime":317,"items_purged":["Strike_B"],"score":168,"play_id":"ba2d9b2f-2c88-4b67-8df6-a1d2d535e5f7","local_time":"20190402113323","is_ascension_mode":true,"campfire_choices":[{"data":"Consume","floor":6,"key":"SMITH"},{"data":"Chaos","floor":8,"key":"SMITH"},{"data":"Zap","floor":11,"key":"SMITH"}],"neow_cost":"NONE","seed_source_timestamp":16765633372148,"circlet_count":0,"master_deck":["AscendersBane","Strike_B","Strike_B","Defend_B","Defend_B","Defend_B","Defend_B+1","Zap+1","Dualcast","Recycle","Undo","Consume+1","Chaos+1","Turbo","Capacitor"],"relics":["Tiny House","Nunchaku","Centennial Puzzle","Bronze Scales"],"potions_floor_usage":[10,12],"damage_taken":[{"damage":16,"enemies":"Jaw Worm","floor":1,"turns":5},{"damage":3,"enemies":"Cultist","floor":3,"turns":6},{"damage":15,"enemies":"Lagavulin","floor":7,"turns":8},{"damage":22,"enemies":"3 Sentries","floor":10,"turns":7},{"damage":0,"enemies":"Gremlin Nob","floor":12,"turns":1}],"seed_played":"8529277287556268162","potions_obtained":[{"floor":0,"key":"Fire Potion"},{"floor":10,"key":"GamblersBrew"}],"is_trial":false,"path_per_floor":["M","$","M","?","$","R","E","R","T","E","R","E"],"character_chosen":"DEFECT","items_purchased":["Consume"],"campfire_rested":0,"item_purchase_floors":[2],"current_hp_per_floor":[53,53,50,50,50,50,35,35,35,13,13,13],"gold":106,"neow_bonus":"BOSS_RELIC","is_prod":false,"is_daily":false,"chose_seed":false,"campfire_upgraded":3,"win_rate":0,"timestamp":1554176003,"path_taken":["M","$","M","?","?","R","E","R","T","E","R","E"],"build_version":"2019-01-23","purchased_purges":1,"victory":false,"max_hp_per_floor":[76,76,76,76,76,76,76,76,76,76,76,76],"card_choices":[{"not_picked":["Beam Cell","Ball Lightning"],"picked":"Recycle","floor":0},{"not_picked":["Compile Driver","Turbo"],"picked":"Undo","floor":1},{"not_picked":["Streamline","Hologram"],"picked":"Chaos","floor":3},{"not_picked":["Barrage","Compile Driver"],"picked":"Turbo","floor":7},{"not_picked":["Compile Driver","Leap"],"picked":"Capacitor","floor":10}],"player_experience":4012633,"relics_obtained":[{"floor":7,"key":"Nunchaku"},{"floor":9,"key":"Centennial Puzzle"},{"floor":10,"key":"Bronze Scales"}],"event_choices":[{"cards_removed":["Strike_B"],"damage_healed":0,"gold_gain":0,"player_choice":"Purged","damage_taken":0,"max_hp_gain":0,"max_hp_loss":0,"event_name":"Purifier","floor":4,"gold_loss":0}],"is_beta":false,"boss_relics":[],"items_purged_floors":[2],"is_endless":false,"potions_floor_spawned":[10],"killed_by":"Gremlin Nob","ascension_level":20}