{"gold_per_floor":[367,292,309,279,30,57,57,57,57,57,71,103,127,153,153,153],"floor_reached":16,"playtime":448,"items_purged":[],"score":220,"play_id":"82751407-5bdc-4f2e-9f6b-e9ac72e422de","local_time":"20181012121130","is_ascension_mode":true,"campfire_choices":[{"data":"Storm","floor":7,"key":"SMITH"},{"data":"Zap","floor":15,"key":"SMITH"}],"neow_cost":"TEN_PERCENT_HP_LOSS","seed_source_timestamp":131050917947136,"circlet_count":0,"master_deck":["Strike_B","Strike_B","Strike_B","Defend_B","Defend_B","Defend_B","Defend_B","Zap+1","Dualcast","AscendersBane","Storm+1","Capacitor","Core Surge","Self Repair","White Noise","Go for the Eyes","Ball Lightning","Turbo+1","Barrage","Undo+1"],"special_seed":0,"relics":["Cracked Core","Kunai","Toxic Egg 2","Matryoshka","Cables","Odd Mushroom","Ancient Tea Set"],"potions_floor_usage":[6,12,12,14],"damage_taken":[{"damage":5,"enemies":"Small Slimes","floor":1,"turns":4},{"damage":0,"enemies":"2 Louse","floor":3,"turns":2},{"damage":20,"enemies":"Lagavulin","floor":6,"turns":7},{"damage":0,"enemies":"Cultist","floor":11,"turns":3},{"damage":15,"enemies":"3 Sentries","floor":12,"turns":3},{"damage":31,"enemies":"The Mushroom Lair","floor":13,"turns":4},{"damage":3,"enemies":"Gremlin Nob","floor":14,"turns":3},{"damage":28,"enemies":"The Guardian","floor":16,"turns":4}],"seed_played":"6570661867777752447","potions_obtained":[{"floor":4,"key":"EssenceOfSteel"},{"floor":4,"key":"Poison Potion"},{"floor":6,"key":"PowerPotion"},{"floor":11,"key":"Explosive Potion"},{"floor":13,"key":"FocusPotion"}],"is_trial":false,"path_per_floor":["M","?","M","?","$","E","R","$","T","T","M","E","?","E","R"],"character_chosen":"DEFECT","items_purchased":["Core Surge","Self Repair","White Noise"],"campfire_rested":0,"item_purchase_floors":[5,5,5],"current_hp_per_floor":[59,59,59,59,59,46,46,46,46,46,53,45,21,25,25,0],"gold":153,"neow_bonus":"TWO_FIFTY_GOLD","is_prod":false,"is_daily":false,"chose_seed":false,"campfire_upgraded":2,"win_rate":0,"timestamp":1539317490,"path_taken":["M","?","?","?","?","E","R","$","T","?","M","E","?","E","R","BOSS"],"build_version":"2018-10-11","purchased_purges":0,"victory":false,"max_hp_per_floor":[64,64,64,64,64,64,64,64,64,64,64,64,64,64,64,64],"card_choices":[{"not_picked":["Barrage","Compile Driver"],"picked":"Storm","floor":1},{"not_picked":["Undo","Steam"],"picked":"Capacitor","floor":3},{"not_picked":["Reprogram","Conserve Battery"],"picked":"Go for the Eyes","floor":6},{"not_picked":["Coolheaded+1","Cold Snap"],"picked":"Ball Lightning","floor":11},{"not_picked":["Machine Learning","Stack+1"],"picked":"Turbo+1","floor":12},{"not_picked":["Scrape","Go for the Eyes"],"picked":"Barrage","floor":13},{"not_picked":["Streamline","Tempest+1"],"picked":"Undo+1","floor":14}],"player_experience":301345,"relics_obtained":[{"floor":6,"key":"Kunai"},{"floor":9,"key":"Toxic Egg 2"},{"floor":10,"key":"Matryoshka"},{"floor":12,"key":"Cables"},{"floor":13,"key":"Odd Mushroom"},{"floor":14,"key":"Ancient Tea Set"}],"event_choices":[{"event_name":"The Cleric","player_choice":"Card Removal","floor":2,"damage_taken":0},{"event_name":"The Woman in Blue","player_choice":"Bought 2 Potions","floor":4,"damage_taken":0},{"event_name":"Mushrooms","player_choice":"Fought Mushrooms","floor":13,"damage_taken":0}],"is_beta":false,"boss_relics":[],"items_purged_floors":[],"is_endless":false,"potions_floor_spawned":[6,11,13],"killed_by":"The Guardian","ascension_level":18}