{"gold_per_floor":[109,109,119,119,119,119,135,167,167,8,83,83,107,125,125,197,247,261,176,176,191,205,205,221,240,240,252,252,252,280,124,124,199,199,219,232,232,16,28,28,28,28,28,58,58,71,71,81,81,81],"floor_reached":51,"playtime":1715,"items_purged":["Strike_B","Strike_B+1","Defend_B+1"],"score":1376,"play_id":"a5fbb019-a369-417a-8778-72c9fe5275d2","local_time":"20190205012908","is_ascension_mode":true,"campfire_choices":[{"data":"Dualcast","floor":6.0,"key":"SMITH"},{"data":"Zap","floor":12.0,"key":"SMITH"},{"floor":15.0,"key":"REST"},{"data":"Buffer","floor":23.0,"key":"SMITH"},{"data":"Coolheaded","floor":29.0,"key":"SMITH"},{"data":"Ghostly","floor":32.0,"key":"SMITH"},{"data":"Skim","floor":40.0,"key":"SMITH"},{"floor":42.0,"key":"RECALL"},{"data":"Skim","floor":49.0,"key":"SMITH"}],"neow_cost":"CURSE","seed_source_timestamp":57281787166386,"circlet_count":0,"master_deck":["AscendersBane","Defend_B+1","Defend_B+1","Zap+1","Dualcast+1","Electrodynamics+1","Gash+1","Gash+1","Glacier+1","Self Repair+1","Buffer+1","Chill+1","Reboot+1","Coolheaded+1","Chill+1","Ghostly+1","Ghostly+1","Ghostly+1","Self Repair+1","Gash+1","Core Surge+1","Gash+1","Skim+1","Core Surge+1","Skim+1","Skim+1","Impatience+1","Skim+1","Skim+1"],"special_seed":0,"relics":["Cracked Core","Question Card","Art of War","Tiny House","Bag of Preparation","Cables","Blood Vial","Astrolabe","Mark of the Bloom","Symbiotic Virus","Kunai"],"potions_floor_usage":[50],"damage_taken":[{"damage":7.0,"enemies":"Jaw Worm","floor":1.0,"turns":3.0},{"damage":6.0,"enemies":"Cultist","floor":3.0,"turns":3.0},{"damage":11.0,"enemies":"2 Louse","floor":7.0,"turns":2.0},{"damage":7.0,"enemies":"Lagavulin","floor":8.0,"turns":6.0},{"damage":13.0,"enemies":"Large Slime","floor":14.0,"turns":3.0},{"damage":39.0,"enemies":"The Guardian","floor":16.0,"turns":15.0},{"damage":25.0,"enemies":"Chosen","floor":18.0,"turns":7.0},{"damage":11.0,"enemies":"Spheric Guardian","floor":21.0,"turns":4.0},{"damage":23.0,"enemies":"Snecko","floor":22.0,"turns":8.0},{"damage":0.0,"enemies":"3 Cultists","floor":24.0,"turns":4.0},{"damage":10.0,"enemies":"Cultist and Chosen","floor":25.0,"turns":9.0},{"damage":4.0,"enemies":"Snake Plant","floor":27.0,"turns":6.0},{"damage":0.0,"enemies":"Gremlin Leader","floor":30.0,"turns":9.0},{"damage":29.0,"enemies":"Champ","floor":33.0,"turns":17.0},{"damage":0.0,"enemies":"3 Darklings","floor":35.0,"turns":7.0},{"damage":0.0,"enemies":"Orb Walker","floor":36.0,"turns":5.0},{"damage":1.0,"enemies":"3 Darklings","floor":39.0,"turns":4.0},{"damage":0.0,"enemies":"Giant Head","floor":44.0,"turns":7.0},{"damage":4.0,"enemies":"Writhing Mass","floor":46.0,"turns":5.0},{"damage":0.0,"enemies":"Spire Growth","floor":48.0,"turns":5.0},{"damage":16,"enemies":"Donu and Deca","floor":50,"turns":8}],"seed_played":"-326670323873875966","potions_obtained":[{"floor":1.0,"key":"FearPotion"},{"floor":2.0,"key":"Energy Potion"},{"floor":7.0,"key":"PowerPotion"},{"floor":16.0,"key":"SneckoOil"},{"floor":17.0,"key":"SneckoOil"},{"floor":18.0,"key":"Dexterity Potion"},{"floor":25.0,"key":"Strength Potion"},{"floor":33.0,"key":"Explosive Potion"},{"floor":44.0,"key":"Dexterity Potion"},{"floor":48.0,"key":"FearPotion"}],"is_trial":false,"path_per_floor":["M","?","M","?","?","R","M","E","T","$","?","R","T","M","R","B",null,"M","?","?","M","M","R","M","M","T","M","?","R","E","$","R","B",null,"M","M","?","$","M","R","?","R","T","E","?","M","?","M","R","B",null],"character_chosen":"DEFECT","items_purchased":["Self Repair","Gash","Impatience"],"campfire_rested":1,"item_purchase_floors":[10,31,38],"current_hp_per_floor":[57,57,51,51,56,56,45,38,38,38,27,27,27,21,42,10,62,44,44,44,33,17,17,24,21,21,24,24,24,31,31,31,21,35,39,39,39,39,38,38,38,38,38,38,37,33,33,33,33,17],"gold":81,"neow_bonus":"THREE_RARE_CARDS","is_prod":false,"is_daily":false,"chose_seed":false,"campfire_upgraded":7,"win_rate":0,"timestamp":1549301348,"path_taken":["M","?","?","?","?","R","M","E","T","$","?","R","?","M","R","BOSS","M","?","?","M","?","R","M","M","T","M","?","R","E","$","R","BOSS","M","M","?","$","?","R","?","R","T","E","?","M","?","?","R","BOSS"],"build_version":"2019-01-23","purchased_purges":3,"victory":true,"max_hp_per_floor":[71,71,71,68,73,73,73,73,73,73,73,73,73,73,73,73,78,78,78,78,78,78,78,78,78,78,78,39,39,39,39,39,39,39,39,39,39,39,39,39,39,39,39,39,37,37,37,37,37,37],"card_choices":[{"not_picked":["Echo Form","Seek"],"picked":"Electrodynamics","floor":0.0},{"not_picked":["Stack","Compile Driver"],"picked":"Gash","floor":1.0},{"not_picked":["Cold Snap","Conserve Battery"],"picked":"Gash","floor":3.0},{"not_picked":["Genetic Algorithm","Barrage"],"picked":"Glacier","floor":7.0},{"not_picked":["Steam","Redo","Fusion"],"picked":"SKIP","floor":8.0},{"not_picked":["Beam Cell","Redo","Heatsinks","Aggregate"],"picked":"SKIP","floor":14.0},{"not_picked":["Multi-Cast","Creative AI","Amplify"],"picked":"Buffer","floor":16.0},{"not_picked":["Leap","Go for the Eyes","Barrage"],"picked":"Chill","floor":18.0},{"not_picked":["Streamline+1","Sweeping Beam","Compile Driver","Cold Snap"],"picked":"SKIP","floor":21.0},{"not_picked":["Hologram","Sweeping Beam","FTL"],"picked":"Reboot","floor":22.0},{"not_picked":["Tempest","Steam Power","Darkness"],"picked":"Coolheaded","floor":24.0},{"not_picked":["Streamline","Rip and Tear","Cold Snap"],"picked":"Chill+1","floor":25.0},{"not_picked":["Sunder","BootSequence","Tempest","Stack+1"],"picked":"SKIP","floor":27.0},{"not_picked":["Hologram+1","Conserve Battery","Turbo"],"picked":"Self Repair+1","floor":30.0},{"not_picked":["Buffer","Rainbow","Echo Form"],"picked":"Core Surge","floor":33.0},{"not_picked":["Compile Driver","Stack","Storm+1"],"picked":"Skim","floor":35.0},{"not_picked":["Aggregate","Ball Lightning","Redo","Hologram"],"picked":"SKIP","floor":36.0},{"not_picked":["Sweeping Beam+1","Cold Snap","Beam Cell"],"picked":"Skim","floor":39.0},{"not_picked":["Rip and Tear+1","Barrage","Ball Lightning","Storm"],"picked":"SKIP","floor":44.0},{"not_picked":["Rebound","Steam","Scrape"],"picked":"Skim","floor":46.0},{"not_picked":["Chaos","Steam","Stack+1","Reinforced Body+1"],"picked":"SKIP","floor":48.0}],"player_experience":2527072,"relics_obtained":[{"floor":8.0,"key":"Question Card"},{"floor":13.0,"key":"Art of War"},{"floor":26.0,"key":"Cables"},{"floor":30.0,"key":"Blood Vial"},{"floor":43.0,"key":"Symbiotic Virus"},{"floor":44.0,"key":"Kunai"}],"event_choices":[{"damage_healed":0.0,"max_hp_gain":0.0,"max_hp_loss":0.0,"gold_gain":0.0,"event_name":"Lab","player_choice":"Got Potions","floor":2.0,"gold_loss":0.0,"damage_taken":0.0},{"cards_removed":["Parasite"],"damage_healed":0.0,"max_hp_gain":0.0,"max_hp_loss":0.0,"gold_gain":0.0,"event_name":"Living Wall","player_choice":"Forget","floor":4.0,"gold_loss":0.0,"damage_taken":0.0},{"damage_healed":0.0,"max_hp_gain":5.0,"max_hp_loss":0.0,"gold_gain":0.0,"event_name":"Big Fish","player_choice":"Donut","floor":5.0,"gold_loss":0.0,"damage_taken":0.0},{"damage_healed":0.0,"max_hp_gain":0.0,"max_hp_loss":0.0,"gold_gain":75.0,"event_name":"World of Goop","player_choice":"Gather Gold","floor":11.0,"gold_loss":0.0,"damage_taken":11.0},{"damage_healed":0.0,"max_hp_gain":0.0,"max_hp_loss":0.0,"gold_gain":0.0,"event_name":"Addict","player_choice":"Obtained Relic","floor":19.0,"gold_loss":85.0,"damage_taken":0.0,"relics_obtained":["Bag of Preparation"]},{"damage_healed":0.0,"max_hp_gain":0.0,"max_hp_loss":0.0,"gold_gain":0.0,"event_name":"Back to Basics","player_choice":"Simplicity","floor":20.0,"gold_loss":0.0,"damage_taken":0.0,"cards_upgraded":["Strike_B","Strike_B","Strike_B","Defend_B","Defend_B","Defend_B"]},{"damage_healed":0.0,"max_hp_gain":0.0,"max_hp_loss":39.0,"gold_gain":0.0,"event_name":"Ghosts","player_choice":"Became a Ghost","floor":28.0,"gold_loss":0.0,"damage_taken":0.0,"cards_obtained":["Ghostly","Ghostly","Ghostly"]},{"damage_healed":0.0,"max_hp_gain":0.0,"max_hp_loss":0.0,"gold_gain":0.0,"event_name":"Duplicator","player_choice":"Copied","floor":37.0,"gold_loss":0.0,"damage_taken":0.0,"cards_obtained":["Skim"]},{"damage_healed":0.0,"max_hp_gain":0.0,"max_hp_loss":0.0,"gold_gain":0.0,"event_name":"MindBloom","player_choice":"Upgrade","floor":41.0,"gold_loss":0.0,"damage_taken":0.0,"cards_upgraded":["Electrodynamics","Gash","Gash","Glacier","Self Repair","Chill","Reboot","Ghostly","Ghostly","Gash","Core Surge","Skim","Impatience"],"relics_obtained":["Mark of the Bloom"]},{"damage_healed":0.0,"max_hp_gain":0.0,"max_hp_loss":2.0,"gold_gain":0.0,"event_name":"Winding Halls","player_choice":"Max HP","floor":45.0,"gold_loss":0.0,"damage_taken":0.0},{"damage_healed":0.0,"max_hp_gain":0.0,"max_hp_loss":0.0,"gold_gain":0.0,"event_name":"SensoryStone","player_choice":"Memory 1","floor":47.0,"gold_loss":0.0,"damage_taken":0.0}],"is_beta":false,"boss_relics":[{"not_picked":["Lizard Tail","Snecko Eye"],"picked":"Tiny House"},{"not_picked":["Velvet Choker","White Beast Statue"],"picked":"Astrolabe"}],"items_purged_floors":[10,31,38],"is_endless":false,"potions_floor_spawned":[1,7,16,18,25,27,30,33,44,48],"ascension_level":16}