{"gold_per_floor":[110,125,125,50,65,96,96,19,100,100,119,119,119,19,19,19],"floor_reached":16,"playtime":330,"items_purged":["Strike_B","Defend_B"],"score":196,"play_id":"602c8dc8-2a73-40a7-b9a1-e07c28e59577","local_time":"20190321190947","is_ascension_mode":true,"campfire_choices":[{"data":"Dualcast","floor":7,"key":"SMITH"},{"data":"Zap","floor":12,"key":"SMITH"},{"data":"White Noise","floor":15,"key":"SMITH"}],"neow_cost":"NONE","seed_source_timestamp":26907693257773,"circlet_count":0,"master_deck":["AscendersBane","Strike_B","Strike_B","Defend_B","Defend_B","Defend_B","Zap+1","Dualcast+1","Ball Lightning","White Noise+1","Core Surge","White Noise","Self Repair"],"special_seed":0,"relics":["Cracked Core","NeowsBlessing","Anchor","Bottled Flame","CultistMask","Lantern"],"potions_floor_usage":[6,16],"damage_taken":[{"damage":0.0,"enemies":"Small Slimes","floor":1.0,"turns":1.0},{"damage":0.0,"enemies":"Cultist","floor":2.0,"turns":1.0},{"damage":0,"enemies":"Jaw Worm","floor":5,"turns":1},{"damage":35,"enemies":"3 Sentries","floor":6,"turns":9},{"damage":13,"enemies":"Lots of Slimes","floor":11,"turns":4},{"damage":9,"enemies":"The Guardian","floor":16,"turns":6}],"seed_played":"4639556187434788059","potions_obtained":[{"floor":5,"key":"AttackPotion"},{"floor":11,"key":"EssenceOfSteel"}],"is_trial":false,"path_per_floor":["M","M","?","$","M","E","R","$","T","?","M","R","?","$","R","B"],"character_chosen":"DEFECT","items_purchased":["Self Repair"],"campfire_rested":0,"item_purchase_floors":[8],"current_hp_per_floor":[64,64,64,64,64,29,29,29,29,29,23,23,5,5,5,0],"gold":19,"neow_bonus":"THREE_ENEMY_KILL","is_prod":false,"is_daily":false,"chose_seed":false,"campfire_upgraded":3,"win_rate":0,"timestamp":1553166587,"path_taken":["M","M","?","?","?","E","R","$","T","?","?","R","?","$","R","BOSS"],"build_version":"2019-01-23","purchased_purges":2,"victory":false,"max_hp_per_floor":[71,71,71,71,71,71,71,71,71,71,71,71,71,71,71,71],"card_choices":[{"not_picked":["Fusion","Stack"],"picked":"Ball Lightning","floor":1.0},{"not_picked":["Melter","Undo"],"picked":"White Noise","floor":2.0},{"not_picked":["Go for the Eyes","Beam Cell"],"picked":"White Noise","floor":5},{"not_picked":["Redo","Streamline","Rip and Tear"],"picked":"SKIP","floor":6},{"not_picked":["Compile Driver","Gash","Redo"],"picked":"SKIP","floor":11}],"player_experience":3775808,"relics_obtained":[{"floor":6,"key":"Anchor"},{"floor":9,"key":"Bottled Flame"}],"event_choices":[{"damage_healed":0,"gold_gain":0,"cards_transformed":["Strike_B"],"player_choice":"Transformed","damage_taken":0,"max_hp_gain":0,"max_hp_loss":0,"event_name":"Transmorgrifier","floor":3,"gold_loss":0,"cards_obtained":["Core Surge"]},{"damage_healed":0,"gold_gain":0,"player_choice":"Trade","damage_taken":0,"relics_obtained":["CultistMask"],"max_hp_gain":0,"max_hp_loss":0,"event_name":"FaceTrader","floor":10,"gold_loss":0},{"damage_healed":0,"gold_gain":0,"player_choice":"Success","damage_taken":18,"relics_obtained":["Lantern"],"max_hp_gain":0,"max_hp_loss":0,"event_name":"Scrap Ooze","floor":13,"gold_loss":0}],"is_beta":false,"boss_relics":[],"items_purged_floors":[4,14],"is_endless":false,"potions_floor_spawned":[5,11],"killed_by":"The Guardian","ascension_level":20}