{"gold_per_floor":[111,111,36,36,36,46,46,57,106,106,138,148,148,166,166,261,261,273,285,384,384,72,72,9,35,35,51,85,10,10,10,10,109,109,120,139,51,0,11,37,52,65,65,65,65,65,65,80,80,80],"floor_reached":51,"playtime":2106,"items_purged":["Strike_R","Strike_R","Strike_R","Strike_R","Bash+1"],"score":763,"play_id":"844a0710-6dca-4399-90ad-d648cf31efa4","local_time":"20190621140628","is_ascension_mode":false,"campfire_choices":[{"data":"Bludgeon","floor":7.0,"key":"SMITH"},{"data":"Spot Weakness","floor":10.0,"key":"SMITH"},{"data":"Bloodletting","floor":13.0,"key":"SMITH"},{"data":"Bash","floor":15.0,"key":"SMITH"},{"data":"Limit Break","floor":23.0,"key":"SMITH"},{"data":"Second Wind","floor":30.0,"key":"SMITH"},{"data":"Evolve","floor":32.0,"key":"SMITH"},{"data":"Feel No Pain","floor":44.0,"key":"SMITH"},{"data":"Impervious","floor":47.0,"key":"SMITH"},{"data":"Reaper","floor":49,"key":"SMITH"}],"neow_cost":"TEN_PERCENT_HP_LOSS","seed_source_timestamp":0,"circlet_count":0,"master_deck":["Defend_R","Defend_R","Defend_R","Defend_R","Bludgeon+1","Bloodletting+1","Spot Weakness+1","Evolve+1","Limit Break+1","Reaper+1","Warcry+1","Second Wind+1","Impervious+1","Feel No Pain+1","Inflame+1","Burning Pact+1","Bloodletting+1"],"special_seed":0,"relics":["Burning Blood","Potion Belt","Omamori","Thread and Needle","Runic Cube","Necronomicon","Membership Card","Letter Opener","Question Card","Torii","Blood Vial","Mark of Pain","Red Mask","Red Skull","Art of War"],"potions_floor_usage":[],"damage_taken":[{"damage":10.0,"enemies":"Small Slimes","floor":1.0,"turns":3.0},{"damage":4.0,"enemies":"2 Louse","floor":6.0,"turns":3.0},{"damage":0.0,"enemies":"Cultist","floor":8.0,"turns":2.0},{"damage":22.0,"enemies":"3 Sentries","floor":11.0,"turns":7.0},{"damage":11.0,"enemies":"3 Louse","floor":12.0,"turns":4.0},{"damage":8.0,"enemies":"Blue Slaver","floor":14.0,"turns":3.0},{"damage":21.0,"enemies":"The Guardian","floor":16.0,"turns":7.0},{"damage":7.0,"enemies":"Shell Parasite","floor":18.0,"turns":4.0},{"damage":23.0,"enemies":"2 Thieves","floor":19.0,"turns":4.0},{"damage":11.0,"enemies":"Book of Stabbing","floor":25.0,"turns":2.0},{"damage":7.0,"enemies":"3 Cultists","floor":27.0,"turns":4.0},{"damage":33.0,"enemies":"Gremlin Leader","floor":28.0,"turns":4.0},{"damage":58.0,"enemies":"Champ","floor":33.0,"turns":7.0},{"damage":14.0,"enemies":"Orb Walker","floor":35.0,"turns":3.0},{"damage":20.0,"enemies":"3 Darklings","floor":36.0,"turns":5.0},{"damage":1.0,"enemies":"Sphere and 2 Shapes","floor":39.0,"turns":4.0},{"damage":21.0,"enemies":"Reptomancer","floor":40.0,"turns":7.0},{"damage":16.0,"enemies":"Transient","floor":41.0,"turns":5.0},{"damage":6.0,"enemies":"Spire Growth","floor":42.0,"turns":4.0},{"damage":18,"enemies":"Maw","floor":48,"turns":5},{"damage":60,"enemies":"Awakened One","floor":50,"turns":5}],"seed_played":"-93691713370636445","potions_obtained":[{"floor":6.0,"key":"Block Potion"},{"floor":14.0,"key":"SteroidPotion"},{"floor":16.0,"key":"Weak Potion"},{"floor":19.0,"key":"Swift Potion"},{"floor":39.0,"key":"Fruit Juice"},{"floor":41.0,"key":"FearPotion"},{"floor":42.0,"key":"SpeedPotion"}],"is_trial":false,"path_per_floor":["M","?","$","?","?","M","R","M","T","R","E","M","R","M","R","B",null,"M","M","?","?","$","R","$","E","T","M","E","$","R","?","R","B",null,"M","M","$","?","M","E","M","M","T","R","$","?","R","M","R","B",null],"character_chosen":"IRONCLAD","items_purchased":["Membership Card","Reaper"],"campfire_rested":0,"item_purchase_floors":[22,22],"current_hp_per_floor":[68,68,68,73,73,75,75,77,77,77,61,56,56,54,54,39,77,76,59,59,43,43,43,43,38,38,69,71,71,71,71,71,43,77,69,77,77,77,82,82,82,82,82,82,82,82,82,82,82,82],"gold":80,"neow_bonus":"THREE_RARE_CARDS","is_prod":false,"is_daily":false,"chose_seed":false,"campfire_upgraded":10,"win_rate":0,"timestamp":1561097188,"path_taken":["M","?","$","?","?","M","R","M","T","R","E","?","R","M","R","BOSS","M","M","?","?","$","R","?","E","T","M","E","$","R","?","R","BOSS","M","?","$","?","M","E","M","M","T","R","?","?","R","M","R","BOSS"],"build_version":"2019-01-23","purchased_purges":5,"victory":true,"max_hp_per_floor":[72,72,72,77,77,77,77,77,77,77,77,77,77,77,77,77,77,77,77,77,77,77,77,77,77,77,77,77,77,77,77,77,77,77,77,77,77,77,82,82,82,82,82,82,82,82,82,82,82,82],"card_choices":[{"not_picked":["Feed","Barricade"],"picked":"Bludgeon","floor":0.0},{"not_picked":["Wild Strike","Feel No Pain"],"picked":"Bloodletting","floor":1.0},{"not_picked":["Anger","Battle Trance"],"picked":"Evolve","floor":6.0},{"not_picked":["Warcry","Body Slam","Cleave"],"picked":"SKIP","floor":8.0},{"not_picked":["Feel No Pain","Fire Breathing","Anger"],"picked":"SKIP","floor":11.0},{"not_picked":["Clothesline","Sword Boomerang","Iron Wave"],"picked":"SKIP","floor":12.0},{"not_picked":["Thunderclap","Flex","Warcry"],"picked":"SKIP","floor":14.0},{"not_picked":["Impervious","Immolate"],"picked":"Limit Break","floor":16.0},{"not_picked":["Wild Strike","Anger+1","Havoc"],"picked":"SKIP","floor":18.0},{"not_picked":["Perfected Strike+1","Sword Boomerang","Iron Wave"],"picked":"SKIP","floor":19.0},{"not_picked":["Warcry+1","Twin Strike","Barricade"],"picked":"SKIP","floor":25.0},{"not_picked":["Twin Strike","Barricade"],"picked":"Warcry+1","floor":25.0},{"not_picked":["Shrug It Off","Wild Strike","Body Slam"],"picked":"Second Wind","floor":27.0},{"not_picked":["Heavy Blade","Infernal Blade+1","Anger+1"],"picked":"Impervious","floor":28.0},{"not_picked":["Barricade","Brutality","Juggernaut"],"picked":"Fiend Fire","floor":33.0},{"not_picked":["Thunderclap","Uppercut","Intimidate"],"picked":"Feel No Pain","floor":35.0},{"not_picked":["Infernal Blade+1","Thunderclap","Second Wind+1"],"picked":"Inflame+1","floor":36.0},{"not_picked":["Warcry+1","Iron Wave","Anger"],"picked":"Burning Pact+1","floor":39.0},{"not_picked":["Pommel Strike","Feel No Pain","Fire Breathing","Fiend Fire"],"picked":"SKIP","floor":40.0},{"not_picked":["Flex","Disarm+1","Havoc+1","Hemokinesis"],"picked":"SKIP","floor":41.0},{"not_picked":["Dual Wield+1","Thunderclap","Wild Strike+1","Clash+1"],"picked":"SKIP","floor":42.0},{"not_picked":["Headbutt","Sentinel+1","Dual Wield+1"],"picked":"Bloodletting+1","floor":48}],"player_experience":5500285,"relics_obtained":[{"floor":5.0,"key":"Potion Belt"},{"floor":9.0,"key":"Omamori"},{"floor":11.0,"key":"Thread and Needle"},{"floor":21.0,"key":"Necronomicon"},{"floor":25.0,"key":"Letter Opener"},{"floor":26.0,"key":"Question Card"},{"floor":28.0,"key":"Torii"},{"floor":40.0,"key":"Red Skull"},{"floor":43.0,"key":"Art of War"}],"event_choices":[{"damage_healed":0.0,"max_hp_gain":0.0,"max_hp_loss":0.0,"gold_gain":0.0,"cards_transformed":["Strike_R"],"event_name":"Living Wall","player_choice":"Change","floor":2.0,"gold_loss":0.0,"damage_taken":0.0,"cards_obtained":["Spot Weakness"]},{"damage_healed":0.0,"max_hp_gain":5.0,"max_hp_loss":0.0,"gold_gain":0.0,"event_name":"Big Fish","player_choice":"Donut","floor":4.0,"gold_loss":0.0,"damage_taken":0.0},{"damage_healed":0.0,"max_hp_gain":0.0,"max_hp_loss":0.0,"gold_gain":0.0,"event_name":"Wheel of Change","player_choice":"Relic","floor":5.0,"gold_loss":0.0,"damage_taken":0.0},{"damage_healed":0.0,"max_hp_gain":0.0,"max_hp_loss":0.0,"gold_gain":99.0,"event_name":"Nest","player_choice":"Stole From Cult","floor":20.0,"gold_loss":0.0,"damage_taken":0.0},{"damage_healed":0.0,"max_hp_gain":0.0,"max_hp_loss":0.0,"gold_gain":0.0,"event_name":"Cursed Tome","player_choice":"Obtained Book","floor":21.0,"gold_loss":0.0,"damage_taken":16.0},{"damage_healed":0.0,"max_hp_gain":0.0,"max_hp_loss":0.0,"gold_gain":0.0,"event_name":"WeMeetAgain","player_choice":"Gave Potion","floor":31.0,"gold_loss":0.0,"damage_taken":0.0,"relics_obtained":["Blood Vial"]},{"damage_healed":0.0,"max_hp_gain":0.0,"max_hp_loss":0.0,"gold_gain":0.0,"event_name":"Tomb of Lord Red Mask","player_choice":"Paid","floor":38.0,"gold_loss":51.0,"damage_taken":0.0,"relics_obtained":["Red Mask"]},{"cards_removed":["Fiend Fire"],"damage_healed":0.0,"max_hp_gain":0.0,"max_hp_loss":0.0,"gold_gain":0.0,"event_name":"Falling","player_choice":"Removed Attack","floor":46.0,"gold_loss":0.0,"damage_taken":0.0}],"is_beta":false,"boss_relics":[{"not_picked":["Fusion Hammer","Eternal Feather"],"picked":"Runic Cube"},{"not_picked":["Calling Bell","Orrery"],"picked":"Mark of Pain"}],"items_purged_floors":[3,22,24,29,37],"is_endless":false,"potions_floor_spawned":[6,14,16,19,39,41,42],"ascension_level":0}