{"gold_per_floor":[116,142,13,25,44,44,44,59,59,59,59,85,85,104,104,178,178,196,18,198,208,220,220,113,113,139,156,156,206,252,263,263,336,336,354,354,370,390,153,185,198,214,239,267,103,116,147,163,163,163,163,163,163,25,58,58],"floor_reached":57,"playtime":3942,"items_purged":["Pain","Strike_B","Strike_B+1"],"score":2638,"play_id":"288975d2-0ed8-4977-b5fd-c67111464ebf","local_time":"20190308013225","is_ascension_mode":true,"campfire_choices":[{"data":"Defragment","floor":7.0,"key":"SMITH"},{"data":"Recycle","floor":10.0,"key":"SMITH"},{"data":"Zap","floor":15.0,"key":"SMITH"},{"data":"Fusion","floor":23.0,"key":"SMITH"},{"data":"Hologram","floor":25.0,"key":"SMITH"},{"data":"Coolheaded","floor":32.0,"key":"SMITH"},{"floor":49.0,"key":"RECALL"},{"data":"Strike_B+1","floor":53.0,"key":"PURGE"}],"neow_cost":"NONE","seed_source_timestamp":451713796135134,"circlet_count":0,"master_deck":["AscendersBane","Defend_B","Defend_B","Defend_B","Defend_B+1","Zap+1","Dualcast","Self Repair","Defragment+1","Recycle+1","Hologram+1","Echo Form","Glacier+1","Cold Snap","All For One","Electrodynamics","Coolheaded+1","Compile Driver+1","Fusion+1","Coolheaded","Compile Driver+1","Biased Cognition","Loop+1","BootSequence+1","Master of Strategy","Force Field+1","Redo+1","Ball Lightning+1","Creative AI","Thunder Strike","Go for the Eyes+1"],"special_seed":0,"relics":["Cracked Core","Anchor","Oddly Smooth Stone","WarpedTongs","Blue Candle","Girya","The Courier","Philosopher\u0027s Stone","OrangePellets","Potion Belt","White Beast Statue","Whetstone","War Paint","Darkstone Periapt","Peace Pipe","Dodecahedron"],"potions_floor_usage":[56,56,56],"damage_taken":[{"damage":0.0,"enemies":"Cultist","floor":1.0,"turns":3.0},{"damage":0.0,"enemies":"2 Louse","floor":4.0,"turns":2.0},{"damage":6.0,"enemies":"Small Slimes","floor":5.0,"turns":4.0},{"damage":2.0,"enemies":"Looter","floor":8.0,"turns":3.0},{"damage":8.0,"enemies":"Lagavulin","floor":12.0,"turns":8.0},{"damage":10.0,"enemies":"Red Slaver","floor":14.0,"turns":4.0},{"damage":17.0,"enemies":"Slime Boss","floor":16.0,"turns":13.0},{"damage":15.0,"enemies":"3 Byrds","floor":18.0,"turns":2.0},{"damage":4.0,"enemies":"Chosen","floor":21.0,"turns":5.0},{"damage":8.0,"enemies":"Shelled Parasite and Fungi","floor":22.0,"turns":6.0},{"damage":7.0,"enemies":"Centurion and Healer","floor":27.0,"turns":6.0},{"damage":0.0,"enemies":"Chosen and Byrds","floor":31.0,"turns":8.0},{"damage":30.0,"enemies":"Collector","floor":33.0,"turns":8.0},{"damage":4.0,"enemies":"3 Shapes","floor":35.0,"turns":5.0},{"damage":14.0,"enemies":"Orb Walker","floor":37.0,"turns":4.0},{"damage":0.0,"enemies":"Maw","floor":38.0,"turns":7.0},{"damage":9.0,"enemies":"Nemesis","floor":40.0,"turns":10.0},{"damage":0.0,"enemies":"Sphere and 2 Shapes","floor":41.0,"turns":6.0},{"damage":6.0,"enemies":"Transient","floor":42.0,"turns":6.0},{"damage":8.0,"enemies":"Giant Head","floor":44.0,"turns":9.0},{"damage":15.0,"enemies":"Maw","floor":46.0,"turns":8.0},{"damage":14.0,"enemies":"Reptomancer","floor":47.0,"turns":5.0},{"damage":18.0,"enemies":"Sphere and 2 Shapes","floor":48.0,"turns":9.0},{"damage":67.0,"enemies":"Awakened One","floor":50.0,"turns":22.0},{"damage":2.0,"enemies":"Time Eater","floor":51.0,"turns":13.0},{"damage":35.0,"enemies":"Shield and Spear","floor":55.0,"turns":8.0},{"damage":12,"enemies":"The Heart","floor":56,"turns":10}],"seed_played":"8928547951529521623","potions_obtained":[{"floor":8.0,"key":"FearPotion"},{"floor":12.0,"key":"Strength Potion"},{"floor":18.0,"key":"FocusPotion"},{"floor":21.0,"key":"PowerPotion"},{"floor":33.0,"key":"SteroidPotion"},{"floor":35.0,"key":"Weak Potion"},{"floor":37.0,"key":"PowerPotion"},{"floor":38.0,"key":"LiquidBronze"},{"floor":40.0,"key":"AttackPotion"},{"floor":41.0,"key":"Ancient Potion"},{"floor":42.0,"key":"Explosive Potion"},{"floor":44.0,"key":"Strength Potion"},{"floor":46.0,"key":"PowerPotion"},{"floor":55.0,"key":"LiquidBronze"}],"is_trial":false,"path_per_floor":["M","T","$","M","M","?","R","M","T","R","?","E","?","M","R","B",null,"M","$","?","M","M","R","$","R","T","M","?","?","T","M","R","B",null,"M","?","M","M","$","E","M","M","T","E","$","M","E","M","R","B","B",null,"R","$","E","B",null],"character_chosen":"DEFECT","items_purchased":["Defragment","Recycle","OrangePellets","Coolheaded","Master of Strategy","FocusPotion","Thunder Strike"],"campfire_rested":0,"item_purchase_floors":[3,3,19,24,39,45,54],"current_hp_per_floor":[64,64,64,71,71,71,71,69,69,69,58,57,57,54,54,44,64,49,49,28,31,43,43,43,43,43,43,43,43,43,50,50,30,61,67,67,60,71,71,71,71,71,71,70,70,71,67,69,69,22,27,60,60,60,39,34],"gold":58,"neow_bonus":"RANDOM_COMMON_RELIC","is_prod":false,"is_daily":false,"chose_seed":false,"campfire_upgraded":6,"win_rate":0,"timestamp":1551979945,"path_taken":["M","?","$","M","M","?","R","?","T","R","?","E","?","M","R","BOSS","BOSS","M","$","?","M","M","R","$","R","T","?","?","?","?","?","R","BOSS","M","?","M","M","$","E","M","M","T","E","$","M","E","M","R","BOSS","BOSS","R","$","E","BOSS"],"build_version":"2019-01-23","purchased_purges":3,"victory":true,"max_hp_per_floor":[71,71,71,71,71,71,71,71,71,71,71,71,71,71,71,71,71,71,71,71,71,71,71,71,71,71,71,71,71,71,71,71,71,71,71,71,71,71,71,71,71,71,71,71,71,71,71,71,71,71,71,71,71,71,71,71],"card_choices":[{"not_picked":["Hologram","Scrape"],"picked":"Self Repair","floor":1.0},{"not_picked":["Rip and Tear","Rebound"],"picked":"Hologram","floor":4.0},{"not_picked":["Turbo","Stack"],"picked":"Echo Form","floor":5.0},{"not_picked":["Ball Lightning","White Noise"],"picked":"Glacier","floor":8.0},{"not_picked":["Go for the Eyes","Lockon"],"picked":"Cold Snap","floor":12.0},{"not_picked":["Barrage","Cold Snap","Scrape"],"picked":"SKIP","floor":14.0},{"not_picked":["Seek","Biased Cognition"],"picked":"Electrodynamics","floor":16.0},{"not_picked":["Sunder+1","Static Discharge"],"picked":"Coolheaded","floor":18.0},{"not_picked":["Rip and Tear","FTL"],"picked":"Compile Driver+1","floor":21.0},{"not_picked":["Leap","Streamline"],"picked":"Fusion","floor":22.0},{"not_picked":["Darkness","Tempest","Steam"],"picked":"SKIP","floor":27.0},{"not_picked":["Core Surge","Sunder+1"],"picked":"Compile Driver+1","floor":31.0},{"not_picked":["Seek","Hyperbeam"],"picked":"Biased Cognition","floor":33.0},{"not_picked":["Hello World","Sweeping Beam+1"],"picked":"Loop+1","floor":35.0},{"not_picked":["Leap","Stack+1","Cold Snap"],"picked":"SKIP","floor":37.0},{"not_picked":["Cold Snap","FTL"],"picked":"BootSequence+1","floor":38.0},{"not_picked":["Sweeping Beam","Reprogram"],"picked":"Force Field+1","floor":40.0},{"not_picked":["Conserve Battery+1","Steam+1"],"picked":"Redo+1","floor":41.0},{"not_picked":["Steam","Rebound+1","Defragment"],"picked":"SKIP","floor":42.0},{"not_picked":["Cold Snap","Reprogram"],"picked":"Ball Lightning+1","floor":44.0},{"not_picked":["Fusion","Force Field+1"],"picked":"Creative AI","floor":46.0},{"not_picked":["Gash","Compile Driver+1","Rebound"],"picked":"SKIP","floor":47.0},{"not_picked":["Chill+1","Go for the Eyes","Coolheaded"],"picked":"SKIP","floor":48.0},{"not_picked":["Compile Driver","Ball Lightning"],"picked":"Go for the Eyes+1","floor":55.0}],"player_experience":1155213,"relics_obtained":[{"floor":2.0,"key":"Oddly Smooth Stone"},{"floor":9.0,"key":"Blue Candle"},{"floor":12.0,"key":"The Courier"},{"floor":26.0,"key":"Potion Belt"},{"floor":40.0,"key":"Whetstone"},{"floor":43.0,"key":"War Paint"},{"floor":44.0,"key":"Darkstone Periapt"},{"floor":47.0,"key":"Peace Pipe"},{"floor":55.0,"key":"Dodecahedron"}],"event_choices":[{"damage_healed":0.0,"max_hp_gain":0.0,"max_hp_loss":0.0,"gold_gain":0.0,"event_name":"Accursed Blacksmith","player_choice":"Rummage","floor":6.0,"gold_loss":0.0,"damage_taken":0.0,"relics_obtained":["WarpedTongs"],"cards_obtained":["Pain"]},{"damage_healed":0.0,"max_hp_gain":0.0,"max_hp_loss":0.0,"gold_gain":0.0,"event_name":"Scrap Ooze","player_choice":"Success","floor":11.0,"gold_loss":0.0,"damage_taken":11.0,"relics_obtained":["Girya"]},{"damage_healed":0.0,"max_hp_gain":0.0,"max_hp_loss":0.0,"gold_gain":0.0,"cards_transformed":["Strike_B"],"event_name":"Living Wall","player_choice":"Change","floor":13.0,"gold_loss":0.0,"damage_taken":0.0,"cards_obtained":["All For One"]},{"damage_healed":0.0,"max_hp_gain":0.0,"max_hp_loss":0.0,"gold_gain":180.0,"event_name":"Knowing Skull","player_choice":"GOLD GOLD ","floor":20.0,"potions_obtained":[],"gold_loss":0.0,"damage_taken":21.0,"cards_obtained":[]},{"damage_healed":0.0,"max_hp_gain":0.0,"max_hp_loss":0.0,"gold_gain":0.0,"event_name":"Vampires","player_choice":"Ignored","floor":28.0,"gold_loss":0.0,"damage_taken":0.0},{"damage_healed":0.0,"max_hp_gain":0.0,"max_hp_loss":0.0,"gold_gain":50.0,"event_name":"Nest","player_choice":"Stole From Cult","floor":29.0,"gold_loss":0.0,"damage_taken":0.0},{"damage_healed":0.0,"max_hp_gain":0.0,"max_hp_loss":0.0,"gold_gain":0.0,"event_name":"Tomb of Lord Red Mask","player_choice":"Ignored","floor":36.0,"gold_loss":0.0,"damage_taken":0.0}],"is_beta":false,"boss_relics":[{"not_picked":["Lizard Tail","Tiny House"],"picked":"Philosopher\u0027s Stone"},{"not_picked":["Sozu","Velvet Choker"],"picked":"White Beast Statue"}],"items_purged_floors":[24,39,45],"is_endless":false,"potions_floor_spawned":[8,12,14,18,21,33,35,37,38,40,41,42,44,46,47,48,55],"ascension_level":20}