{"gold_per_floor":[115,34,46,66,66,66,100,118,118,118,43,62,62,72,72,174,174,191,241,48,62,78,78,97,97,120,130,130,145,145,155,155,251,251,263,273,199,218,231,231,89,108,132,151,151,167,42,60,60,60],"floor_reached":51,"playtime":1981,"items_purged":["Strike_B","Barrage","Compile Driver"],"score":682,"play_id":"f5e65ba4-c8d3-4406-bd4a-59a30b496495","local_time":"20190718235918","is_ascension_mode":false,"campfire_choices":[{"data":"Discovery","floor":6,"key":"SMITH"},{"floor":10,"key":"REST"},{"data":"Static Discharge","floor":15,"key":"SMITH"},{"data":"Storm","floor":23,"key":"SMITH"},{"data":"Defragment","floor":28,"key":"SMITH"},{"data":"Static Discharge","floor":30,"key":"SMITH"},{"data":"Heatsinks","floor":32,"key":"SMITH"},{"data":"Heatsinks","floor":40,"key":"SMITH"},{"data":"Storm","floor":45,"key":"SMITH"},{"data":"Loop","floor":49,"key":"SMITH"}],"neow_cost":"PERCENT_DAMAGE","seed_source_timestamp":19039938764142,"circlet_count":0,"master_deck":["Core Surge+1","Genetic Algorithm","Discovery+1","Static Discharge+1","Ball Lightning+1","Static Discharge+1","Self Repair","Fission+1","Sunder","Compile Driver+1","Heatsinks+1","Electrodynamics","Storm+1","Defragment+1","Turbo+1","Auto Shields+1","Fission+1","Fission+1","Lockon+1","Tempest+1","Recycle+1","Steam Power+1","Capacitor+1","Heatsinks+1","Heatsinks+1","White Noise+1","Loop","Storm+1","Reboot+1","Loop+1","Capacitor+1"],"relics":["Cracked Core","Blood Vial","Oddly Smooth Stone","Toxic Egg 2","Pandora\u0027s Box","DataDisk","Whetstone","Astrolabe","Regal Pillow"],"potions_floor_usage":[7,18,38,50,50],"damage_taken":[{"damage":0,"enemies":"Small Slimes","floor":1,"turns":2},{"damage":1,"enemies":"Jaw Worm","floor":3,"turns":4},{"damage":0,"enemies":"2 Louse","floor":4,"turns":2},{"damage":14,"enemies":"Gremlin Nob","floor":7,"turns":3},{"damage":13,"enemies":"Gremlin Gang","floor":8,"turns":3},{"damage":7,"enemies":"Exordium Thugs","floor":12,"turns":3},{"damage":1,"enemies":"Red Slaver","floor":14,"turns":3},{"damage":30,"enemies":"Hexaghost","floor":16,"turns":4},{"damage":6,"enemies":"Chosen","floor":18,"turns":3},{"damage":10,"enemies":"Spheric Guardian","floor":21,"turns":3},{"damage":29,"enemies":"Shelled Parasite and Fungi","floor":22,"turns":3},{"damage":5,"enemies":"Snake Plant","floor":24,"turns":2},{"damage":0,"enemies":"Cultist and Chosen","floor":27,"turns":3},{"damage":0,"enemies":"Shelled Parasite and Fungi","floor":29,"turns":2},{"damage":0,"enemies":"3 Cultists","floor":31,"turns":2},{"damage":9,"enemies":"Champ","floor":33,"turns":5},{"damage":0,"enemies":"Orb Walker","floor":35,"turns":1},{"damage":0,"enemies":"3 Darklings","floor":36,"turns":1},{"damage":0,"enemies":"4 Shapes","floor":38,"turns":1},{"damage":0,"enemies":"Jaw Worm Horde","floor":39,"turns":1},{"damage":0,"enemies":"Writhing Mass","floor":42,"turns":2},{"damage":8,"enemies":"3 Darklings","floor":44,"turns":3},{"damage":7,"enemies":"Transient","floor":46,"turns":4},{"damage":0,"enemies":"Maw","floor":48,"turns":3},{"damage":24,"enemies":"Awakened One","floor":50,"turns":3}],"seed_played":"-6727149716844806219","potions_obtained":[{"floor":1,"key":"Weak Potion"},{"floor":3,"key":"LiquidBronze"},{"floor":4,"key":"GamblersBrew"},{"floor":16,"key":"FocusPotion"},{"floor":21,"key":"Dexterity Potion"},{"floor":29,"key":"SkillPotion"},{"floor":33,"key":"EntropicBrew"},{"floor":36,"key":"PowerPotion"},{"floor":38,"key":"Fruit Juice"},{"floor":42,"key":"Regen Potion"}],"is_trial":false,"path_per_floor":["M","$","M","M","?","R","E","M","T","R","$","M","?","M","R","B",null,"M","?","$","M","M","R","M","T","T","M","R","M","R","M","R","B",null,"M","M","$","M","M","R","$","M","T","M","R","M","$","M","R","B",null],"character_chosen":"DEFECT","items_purchased":["Discovery","Defragment","Turbo+1","Heatsinks","White Noise+1","Loop"],"campfire_rested":1,"item_purchase_floors":[2,20,20,37,41,41],"current_hp_per_floor":[54,54,53,53,38,38,24,13,13,35,35,37,34,42,42,21,75,75,75,75,65,45,45,49,49,49,58,58,67,67,75,75,73,75,75,75,75,80,80,80,80,80,80,79,79,80,80,80,80,63],"gold":60,"neow_bonus":"THREE_RARE_CARDS","is_prod":false,"is_daily":false,"chose_seed":false,"campfire_upgraded":9,"win_rate":0,"timestamp":1563465558,"path_taken":["M","$","M","M","?","R","E","M","T","R","$","M","?","M","R","BOSS","M","?","$","M","?","R","M","?","T","M","R","M","R","M","R","BOSS","M","?","?","M","M","R","$","?","T","M","R","M","$","M","R","BOSS"],"build_version":"2019-07-17","purchased_purges":3,"victory":true,"max_hp_per_floor":[75,75,75,75,75,75,75,75,75,75,75,75,75,75,75,75,75,75,75,75,75,75,75,75,75,75,75,75,75,75,75,75,75,75,75,75,75,80,80,80,80,80,80,80,80,80,80,80,80,80],"card_choices":[{"not_picked":["Buffer","Seek"],"picked":"Core Surge","floor":0},{"not_picked":["Sweeping Beam","Aggregate"],"picked":"Genetic Algorithm","floor":1},{"not_picked":["Conserve Battery","Steam"],"picked":"Static Discharge","floor":3},{"not_picked":["Rip and Tear","Gash"],"picked":"Ball Lightning","floor":4},{"not_picked":["Hello World","Go for the Eyes"],"picked":"Static Discharge","floor":7},{"not_picked":["Aggregate","BootSequence"],"picked":"Self Repair","floor":8},{"not_picked":["Chaos","Force Field","Conserve Battery"],"picked":"SKIP","floor":12},{"not_picked":["Streamline","Barrage","Go for the Eyes"],"picked":"SKIP","floor":14},{"not_picked":["All For One","Core Surge"],"picked":"Fission+1","floor":16},{"not_picked":["Coolheaded+1","Turbo+1"],"picked":"Storm","floor":18},{"not_picked":["Compile Driver+1","Sweeping Beam+1","Steam+1"],"picked":"SKIP","floor":21},{"not_picked":["Rebound","Compile Driver+1"],"picked":"Auto Shields+1","floor":22},{"not_picked":["Doom and Gloom+1","Melter","Fusion+1"],"picked":"SKIP","floor":24},{"not_picked":["Streamline","Stack+1"],"picked":"Fission+1","floor":27},{"not_picked":["Leap+1","Stack+1","Sweeping Beam"],"picked":"SKIP","floor":29},{"not_picked":["Rebound+1","Turbo+1","Gash"],"picked":"SKIP","floor":31},{"not_picked":["Rainbow+1","Thunder Strike"],"picked":"Fission+1","floor":33},{"not_picked":["Rebound+1","Barrage+1"],"picked":"Steam Power+1","floor":35},{"not_picked":["Redo+1","Conserve Battery+1"],"picked":"Capacitor+1","floor":36},{"not_picked":["Conserve Battery+1","Coolheaded+1","Leap+1"],"picked":"SKIP","floor":38},{"not_picked":["Conserve Battery+1","Coolheaded+1","Leap+1"],"picked":"SKIP","floor":38},{"not_picked":["Beam Cell+1","Cold Snap"],"picked":"Heatsinks+1","floor":39},{"not_picked":["Barrage","Ball Lightning"],"picked":"Storm","floor":42},{"not_picked":["Leap+1","Beam Cell+1"],"picked":"Reboot+1","floor":44},{"not_picked":["Rebound","Gash"],"picked":"Loop","floor":46},{"not_picked":["White Noise+1","Fusion+1"],"picked":"Capacitor+1","floor":48}],"player_experience":5791719,"relics_obtained":[{"floor":7,"key":"Blood Vial"},{"floor":9,"key":"Oddly Smooth Stone"},{"floor":25,"key":"DataDisk"},{"floor":26,"key":"Whetstone"},{"floor":43,"key":"Regal Pillow"}],"event_choices":[{"damage_healed":0,"gold_gain":0,"player_choice":"Entered Light","damage_taken":15,"max_hp_gain":0,"max_hp_loss":0,"event_name":"Shining Light","floor":5,"gold_loss":0,"cards_upgraded":["Core Surge","Strike_B"]},{"damage_healed":0,"gold_gain":0,"player_choice":"Success","damage_taken":3,"relics_obtained":["Toxic Egg 2"],"max_hp_gain":0,"max_hp_loss":0,"event_name":"Scrap Ooze","floor":13,"gold_loss":0},{"damage_healed":0,"gold_gain":100,"player_choice":"Bet on Murderer","damage_taken":0,"max_hp_gain":0,"max_hp_loss":0,"event_name":"The Joust","floor":19,"gold_loss":50}],"is_beta":false,"boss_relics":[{"not_picked":["Runic Pyramid","Lizard Tail"],"picked":"Pandora\u0027s Box"},{"not_picked":["Black Star","Empty Cage"],"picked":"Astrolabe"}],"items_purged_floors":[11,20,47],"is_endless":false,"potions_floor_spawned":[1,3,4,16,21,24,29,33,36,38,42,46],"ascension_level":0}