{"path_per_floor":["M","M","M","?","M","M","?","R","T","?","E","R","M","M","R"],"character_chosen":"THE_SILENT","items_purchased":[],"gold_per_floor":[117,133,148,148,160,179,179,179,179,179,212,212,226,237,237],"floor_reached":16,"campfire_rested":1,"playtime":882,"current_hp_per_floor":[70,65,65,65,59,59,59,59,59,59,23,23,13,13,34],"items_purged":[],"gold":237,"score":104,"play_id":"275f3c50-9344-45bc-99fd-8d12e2e20d92","is_prod":false,"is_daily":false,"is_ascension_mode":false,"campfire_upgraded":2,"path_taken":["M","?","M","?","M","M","?","R","T","?","E","R","?","M","R","BOSS"],"build_version":"2018-02-15-PROD1","purchased_purges":0,"victory":false,"master_deck":["Defend_G","Defend_G","Defend_G","Defend_G","Defend_G","Strike_G","Strike_G","Strike_G","Strike_G","Strike_G","Survivor","Neutralize","Bane+1","Escape Plan","Distraction+1","Well Laid Plans","Expertise","Normality","Calculated Gamble+1","Predator","Bullet Time"],"max_hp_per_floor":[70,70,70,70,70,70,70,70,70,70,70,70,70,70,70],"relics":["Ring of the Snake","Prayer Wheel","Ancient Tea Set","Dead Branch","Pantograph","Calipers"],"card_choices":[{"not_picked":["Masterful Stab","Outmaneuver"],"picked":"Bane"},{"not_picked":["Dodge and Roll","Poisoned Stab"],"picked":"Escape Plan"},{"not_picked":["Eviscerate","Heel Hook"],"picked":"Distraction"},{"not_picked":["Dash","PiercingWail"],"picked":"Well Laid Plans"},{"not_picked":["All Out Attack","Heel Hook"],"picked":"Expertise"},{"not_picked":["Dodge and Roll","Terror"],"picked":"Calculated Gamble"},{"not_picked":["PiercingWail","Poisoned Stab"],"picked":"Predator"},{"not_picked":["Noxious Fumes","Prepared"],"picked":"Bullet Time"}],"player_experience":73723,"potions_floor_usage":[11,11,11],"damage_taken":[{"damage":0,"enemies":"Cultist","floor":1,"turns":5},{"damage":5,"enemies":"Jaw Worm","floor":2,"turns":5},{"damage":0,"enemies":"2 Louse","floor":3,"turns":3},{"damage":6,"enemies":"Lots of Slimes","floor":5,"turns":7},{"damage":0,"enemies":"Red Slaver","floor":6,"turns":2},{"damage":36,"enemies":"Gremlin Nob","floor":11,"turns":5},{"damage":10,"enemies":"2 Fungi Beasts","floor":13,"turns":4},{"damage":0,"enemies":"Large Slime","floor":14,"turns":7},{"damage":64,"enemies":"Slime Boss","floor":16,"turns":9}],"event_choices":[{"event_name":"Living Wall","player_choice":"Grow","floor":4,"damage_taken":0},{"event_name":"Wheel of Change","player_choice":"Relic","floor":7,"damage_taken":0},{"event_name":"Accursed Blacksmith","player_choice":"Rummage","floor":10,"damage_taken":0}],"boss_relics":[],"potions_floor_spawned":[3,5,14],"seed_played":"670449504816959071","killed_by":"Slime Boss","ascension_level":0,"is_trial":false}