{"gold_per_floor":[109,128,138,9,9,9,24,24,48,48,48,67,38,71,71,71],"floor_reached":16,"playtime":470,"items_purged":["Strike_R"],"score":200,"play_id":"111ceac8-2ec9-49aa-9b41-845a335a983c","local_time":"20190524183805","is_ascension_mode":true,"campfire_choices":[{"data":"Shockwave","floor":6,"key":"SMITH"},{"data":"Spot Weakness","floor":8,"key":"SMITH"},{"data":"Exhume","floor":10,"key":"SMITH"},{"data":"Pommel Strike","floor":15,"key":"SMITH"}],"neow_cost":"NONE","seed_source_timestamp":28040511446186,"circlet_count":0,"master_deck":["AscendersBane","Strike_R","Strike_R","Strike_R","Defend_R","Defend_R","Defend_R","Defend_R","Bash","Shockwave+1","Pommel Strike+1","Flex+1","Spot Weakness+1","Exhume+1","Shrug It Off"],"special_seed":0,"relics":["Burning Blood","Centennial Puzzle","Pen Nib"],"potions_floor_usage":[16],"damage_taken":[{"damage":4.0,"enemies":"Small Slimes","floor":1.0,"turns":5.0},{"damage":5.0,"enemies":"Cultist","floor":2.0,"turns":6.0},{"damage":4.0,"enemies":"Jaw Worm","floor":3.0,"turns":4.0},{"damage":12,"enemies":"Exordium Thugs","floor":7,"turns":5},{"damage":16,"enemies":"Lots of Slimes","floor":12,"turns":5},{"damage":24,"enemies":"Gremlin Nob","floor":14,"turns":4},{"damage":41,"enemies":"Slime Boss","floor":16,"turns":7}],"seed_played":"8917425740827813279","potions_obtained":[{"floor":14,"key":"Poison Potion"}],"is_trial":false,"path_per_floor":["M","M","M","$","?","R","M","R","T","R","?","M","$","E","R","B"],"character_chosen":"IRONCLAD","items_purchased":["Flex","Shrug It Off"],"campfire_rested":0,"item_purchase_floors":[4,13],"current_hp_per_floor":[70,71,73,73,73,73,67,67,67,67,67,57,57,39,39,0],"gold":71,"neow_bonus":"REMOVE_CARD","is_prod":false,"is_daily":false,"chose_seed":false,"campfire_upgraded":4,"win_rate":0,"timestamp":1558694285,"path_taken":["M","M","M","$","?","R","?","R","T","R","?","M","?","E","R","BOSS"],"build_version":"2019-01-23","purchased_purges":1,"victory":false,"max_hp_per_floor":[75,75,75,75,75,75,75,75,75,75,75,75,75,75,75,75],"card_choices":[{"not_picked":["Shrug It Off","Thunderclap"],"picked":"Shockwave","floor":1.0},{"not_picked":["Warcry","Heavy Blade"],"picked":"Pommel Strike","floor":2.0},{"not_picked":["Body Slam","Pommel Strike","Heavy Blade"],"picked":"SKIP","floor":3.0},{"not_picked":["Reckless Charge","Shockwave","Dual Wield"],"picked":"SKIP","floor":7},{"not_picked":["Twin Strike","Anger","Clothesline"],"picked":"SKIP","floor":12},{"not_picked":["Flex","Heavy Blade","Headbutt"],"picked":"SKIP","floor":14}],"player_experience":4828580,"relics_obtained":[{"floor":9,"key":"Centennial Puzzle"},{"floor":14,"key":"Pen Nib"}],"event_choices":[{"damage_healed":0,"gold_gain":0,"player_choice":"2 cards matched","damage_taken":0,"max_hp_gain":0,"max_hp_loss":0,"event_name":"Match and Keep!","floor":5,"gold_loss":0,"cards_obtained":["Spot Weakness","Exhume"]},{"damage_healed":0,"gold_gain":0,"player_choice":"Upgraded","damage_taken":0,"max_hp_gain":0,"max_hp_loss":0,"event_name":"Upgrade Shrine","floor":11,"gold_loss":0,"cards_upgraded":["Flex"]}],"is_beta":false,"boss_relics":[],"items_purged_floors":[4],"is_endless":false,"potions_floor_spawned":[14],"killed_by":"Slime Boss","ascension_level":20}