{"gold_per_floor":[113,113,126,51,69,69,69,69,124,124,139,170,181,201,201,299,299,317,69,85,101,22,22,49,63,90,90,90,105,138,153,153,258,258,275,275,287,303,313,313,326,326,326,339,214,224,255,31,31,31],"floor_reached":51,"playtime":1916,"items_purged":["Strike_B","Strike_B","Decay","Strike_B+1"],"score":873,"play_id":"f8cd633d-8ede-4642-950a-c27cdd29f22f","local_time":"20190721231533","is_ascension_mode":false,"campfire_choices":[{"data":"Consume","floor":6,"key":"SMITH"},{"data":"Dualcast","floor":8,"key":"SMITH"},{"data":"Zap","floor":10,"key":"SMITH"},{"data":"Defragment","floor":15,"key":"SMITH"},{"data":"Capacitor","floor":23,"key":"SMITH"},{"data":"Coolheaded","floor":27,"key":"SMITH"},{"data":"White Noise","floor":32,"key":"SMITH"},{"data":"Buffer","floor":40,"key":"SMITH"},{"data":"Seek","floor":42,"key":"SMITH"},{"data":"Storm","floor":49,"key":"SMITH"}],"neow_cost":"TEN_PERCENT_HP_LOSS","seed_source_timestamp":28032760347753,"circlet_count":0,"master_deck":["Strike_B+1","Defend_B","Defend_B","Defend_B","Defend_B","Zap+1","Dualcast+1","Electrodynamics","Consume+1","Glacier","Undo","Defragment+1","Coolheaded+1","Capacitor+1","Core Surge","Self Repair","White Noise+1","Seek+1","Ghostly","Ghostly","Ghostly","Ghostly","Ghostly","Tempest+1","Buffer+1","White Noise+1","Storm+1"],"relics":["Cracked Core","Bag of Preparation","Art of War","Whetstone","Velvet Choker","DataDisk","Dead Branch","PreservedInsect","Ornamental Fan","Busted Crown","Shuriken","Happy Flower"],"potions_floor_usage":[20,24,50,50],"damage_taken":[{"damage":1,"enemies":"Cultist","floor":1,"turns":3},{"damage":0,"enemies":"Small Slimes","floor":3,"turns":3},{"damage":0,"enemies":"Jaw Worm","floor":5,"turns":4},{"damage":0,"enemies":"Exordium Wildlife","floor":11,"turns":2},{"damage":0,"enemies":"Lagavulin","floor":12,"turns":6},{"damage":0,"enemies":"2 Fungi Beasts","floor":13,"turns":3},{"damage":0,"enemies":"Red Slaver","floor":14,"turns":3},{"damage":35,"enemies":"Slime Boss","floor":16,"turns":6},{"damage":0,"enemies":"Shell Parasite","floor":18,"turns":4},{"damage":6,"enemies":"2 Thieves","floor":20,"turns":3},{"damage":0,"enemies":"Snecko","floor":21,"turns":5},{"damage":14,"enemies":"Slavers","floor":24,"turns":2},{"damage":3,"enemies":"Snake Plant","floor":25,"turns":3},{"damage":2,"enemies":"Shelled Parasite and Fungi","floor":29,"turns":4},{"damage":0,"enemies":"Gremlin Leader","floor":30,"turns":3},{"damage":1,"enemies":"Centurion and Healer","floor":31,"turns":3},{"damage":0,"enemies":"Collector","floor":33,"turns":6},{"damage":0,"enemies":"3 Shapes","floor":35,"turns":1},{"damage":0,"enemies":"Orb Walker","floor":37,"turns":2},{"damage":0,"enemies":"Jaw Worm Horde","floor":38,"turns":4},{"damage":2,"enemies":"Sphere and 2 Shapes","floor":39,"turns":3},{"damage":1,"enemies":"3 Darklings","floor":41,"turns":2},{"damage":0,"enemies":"Spire Growth","floor":44,"turns":6},{"damage":0,"enemies":"Sphere and 2 Shapes","floor":46,"turns":3},{"damage":0,"enemies":"Reptomancer","floor":47,"turns":4},{"damage":1,"enemies":"Awakened One","floor":50,"turns":14}],"seed_played":"3529038715723951391","potions_obtained":[{"floor":1,"key":"FearPotion"},{"floor":12,"key":"SteroidPotion"},{"floor":14,"key":"EssenceOfSteel"},{"floor":20,"key":"Weak Potion"},{"floor":21,"key":"Regen Potion"},{"floor":25,"key":"Energy Potion"},{"floor":33,"key":"Ancient Potion"}],"is_trial":false,"path_per_floor":["M","?","M","$","M","R","?","R","T","R","M","E","M","M","R","B",null,"M","$","M","M","$","R","E","M","T","R","?","M","E","M","R","B",null,"M","?","M","M","M","R","M","R","T","M","$","M","E","$","R","B",null],"character_chosen":"DEFECT","items_purchased":["DataDisk","Self Repair","Storm"],"campfire_rested":0,"item_purchase_floors":[19,22,48],"current_hp_per_floor":[67,67,67,67,67,67,67,67,67,67,67,67,67,67,67,32,68,68,68,62,62,62,62,53,57,57,57,34,34,34,34,34,34,34,34,34,34,34,34,34,34,34,34,34,34,34,34,34,34,34],"gold":31,"neow_bonus":"THREE_RARE_CARDS","is_prod":false,"is_daily":false,"chose_seed":false,"campfire_upgraded":10,"win_rate":0,"timestamp":1563722133,"path_taken":["M","?","M","?","M","R","?","R","T","R","M","E","M","M","R","BOSS","M","$","?","M","?","R","E","M","T","R","?","M","E","M","R","BOSS","M","?","?","M","M","R","M","R","T","M","$","M","E","$","R","BOSS"],"build_version":"2019-07-17","purchased_purges":4,"victory":true,"max_hp_per_floor":[68,68,68,68,68,68,68,68,68,68,68,68,68,68,68,68,68,68,68,68,68,68,68,68,68,68,68,34,34,34,34,34,34,34,34,34,34,34,34,34,34,34,34,34,34,34,34,34,34,34],"card_choices":[{"not_picked":["Rainbow","Hyperbeam"],"picked":"Electrodynamics","floor":0},{"not_picked":["BootSequence","Beam Cell"],"picked":"Consume","floor":1},{"not_picked":["Ball Lightning","Rebound"],"picked":"Glacier","floor":3},{"not_picked":["Steam","Stack"],"picked":"Undo","floor":5},{"not_picked":["Leap","Seek"],"picked":"Defragment","floor":11},{"not_picked":["Stack","Beam Cell"],"picked":"Coolheaded","floor":12},{"not_picked":["Double Energy","Melter"],"picked":"Capacitor","floor":13},{"not_picked":["Redo","Conserve Battery","Sweeping Beam"],"picked":"SKIP","floor":14},{"not_picked":["Echo Form","All For One"],"picked":"Core Surge","floor":16},{"not_picked":["Cold Snap+1","Hello World","Sunder"],"picked":"SKIP","floor":18},{"not_picked":["Turbo","Coolheaded","Rebound+1"],"picked":"SKIP","floor":20},{"not_picked":["Beam Cell","Turbo+1","FTL"],"picked":"SKIP","floor":21},{"not_picked":["Ball Lightning","Turbo+1"],"picked":"White Noise","floor":24},{"not_picked":["Cold Snap","Genetic Algorithm"],"picked":"Seek","floor":25},{"not_picked":["Conserve Battery+1","Barrage","Darkness"],"picked":"SKIP","floor":29},{"not_picked":["Turbo","Hologram"],"picked":"Tempest+1","floor":30},{"not_picked":["Coolheaded","Gash","Sweeping Beam"],"picked":"SKIP","floor":31},{"not_picked":["Hyperbeam","Thunder Strike"],"picked":"Buffer","floor":33},{"not_picked":["Static Discharge"],"picked":"SKIP","floor":35},{"not_picked":["Static Discharge"],"picked":"SKIP","floor":35},{"not_picked":["Static Discharge"],"picked":"SKIP","floor":35},{"not_picked":["Steam Power+1"],"picked":"SKIP","floor":37},{"not_picked":["Conserve Battery"],"picked":"SKIP","floor":38},{"not_picked":["Rebound"],"picked":"SKIP","floor":39},{"not_picked":[],"picked":"White Noise+1","floor":41},{"not_picked":["Sweeping Beam+1"],"picked":"SKIP","floor":44},{"not_picked":["Self Repair+1"],"picked":"SKIP","floor":46},{"not_picked":["Gash+1"],"picked":"SKIP","floor":47}],"player_experience":5817863,"relics_obtained":[{"floor":9,"key":"Art of War"},{"floor":12,"key":"Whetstone"},{"floor":24,"key":"Dead Branch"},{"floor":26,"key":"PreservedInsect"},{"floor":30,"key":"Ornamental Fan"},{"floor":43,"key":"Shuriken"},{"floor":47,"key":"Happy Flower"}],"event_choices":[{"damage_healed":0,"gold_gain":0,"player_choice":"Ignored","damage_taken":0,"max_hp_gain":0,"max_hp_loss":0,"event_name":"NoteForYourself","floor":2,"gold_loss":0},{"damage_healed":0,"gold_gain":0,"player_choice":"Gave Potion","damage_taken":0,"relics_obtained":["Bag of Preparation"],"max_hp_gain":0,"max_hp_loss":0,"event_name":"WeMeetAgain","floor":7,"gold_loss":0},{"damage_healed":0,"gold_gain":0,"player_choice":"Became a Ghost","damage_taken":0,"max_hp_gain":0,"max_hp_loss":34,"event_name":"Ghosts","floor":28,"gold_loss":0,"cards_obtained":["Ghostly","Ghostly","Ghostly","Ghostly","Ghostly"]},{"damage_healed":0,"gold_gain":0,"player_choice":"Cursed","damage_taken":0,"max_hp_gain":0,"max_hp_loss":0,"event_name":"Wheel of Change","floor":36,"gold_loss":0,"cards_obtained":["Decay"]}],"is_beta":false,"boss_relics":[{"not_picked":["Black Star","Snecko Eye"],"picked":"Velvet Choker"},{"not_picked":["White Beast Statue","Runic Dome"],"picked":"Busted Crown"}],"items_purged_floors":[4,19,45,48],"is_endless":false,"potions_floor_spawned":[1,12,14,20,21,25,33,39,41,44],"ascension_level":0}