{"gold_per_floor":[110,128,148,73,73,73,148,148,216,216,216,236,251,281,281,281],"floor_reached":16,"playtime":225,"items_purged":["Strike_B"],"score":200,"play_id":"3f70bbf7-9a66-4a11-a592-3fe693d4702b","local_time":"20190109233737","is_ascension_mode":true,"campfire_choices":[{"data":"Dualcast","floor":6,"key":"SMITH"},{"data":"Zap","floor":8,"key":"SMITH"},{"floor":10,"key":"RECALL"},{"data":"Gash","floor":15,"key":"SMITH"}],"neow_cost":"NONE","seed_source_timestamp":41712693466444,"circlet_count":0,"master_deck":["AscendersBane","Strike_B","Strike_B","Strike_B","Defend_B","Defend_B","Defend_B+1","Defend_B+1","Zap+1","Dualcast+1","Glacier","Gash+1","Meteor Strike","Glacier"],"relics":["Cracked Core","NeowsBlessing","Cables","War Paint"],"potions_floor_usage":[13,14,14],"damage_taken":[{"damage":0,"enemies":"Cultist","floor":1,"turns":1},{"damage":0,"enemies":"Small Slimes","floor":2,"turns":1},{"damage":0,"enemies":"Jaw Worm","floor":3,"turns":1},{"damage":1,"enemies":"Looter","floor":12,"turns":3},{"damage":0,"enemies":"Gremlin Gang","floor":13,"turns":3},{"damage":30,"enemies":"Lagavulin","floor":14,"turns":6},{"damage":0,"enemies":"Slime Boss","floor":16,"turns":1}],"seed_played":"6226138737531264651","potions_obtained":[{"floor":1,"key":"Explosive Potion"},{"floor":2,"key":"Poison Potion"},{"floor":13,"key":"Regen Potion"}],"is_trial":false,"path_per_floor":["M","M","M","$","?","R","?","R","T","R","?","M","M","E","R","B"],"character_chosen":"DEFECT","items_purchased":[],"campfire_rested":0,"item_purchase_floors":[],"current_hp_per_floor":[64,64,64,64,64,64,53,53,53,53,43,42,42,26,26,26],"gold":281,"neow_bonus":"THREE_ENEMY_KILL","is_prod":false,"is_daily":false,"chose_seed":false,"campfire_upgraded":3,"win_rate":0,"timestamp":1547048257,"path_taken":["M","M","?","$","?","R","?","R","T","R","?","?","M","E","R","BOSS"],"build_version":"2019-01-03v4","purchased_purges":1,"victory":false,"max_hp_per_floor":[71,71,71,71,71,71,71,71,71,71,71,71,71,71,71,71],"card_choices":[{"not_picked":["Rebound","Beam Cell"],"picked":"Glacier","floor":1},{"not_picked":["Hello World","Streamline"],"picked":"Gash","floor":2},{"not_picked":["Stack","Force Field","Leap"],"picked":"SKIP","floor":3},{"not_picked":["Force Field","Hello World"],"picked":"Meteor Strike","floor":12},{"not_picked":["Redo","Ball Lightning"],"picked":"Glacier","floor":13},{"not_picked":["Compile Driver","Static Discharge","Cold Snap"],"picked":"SKIP","floor":14}],"player_experience":1896596,"relics_obtained":[{"floor":9,"key":"Cables"},{"floor":14,"key":"War Paint"}],"event_choices":[{"damage_healed":0,"gold_gain":0,"player_choice":"Ignored","damage_taken":0,"max_hp_gain":0,"max_hp_loss":0,"event_name":"Liars Game","floor":5,"gold_loss":0},{"damage_healed":0,"gold_gain":75,"player_choice":"Gather Gold","damage_taken":11,"max_hp_gain":0,"max_hp_loss":0,"event_name":"World of Goop","floor":7,"gold_loss":0},{"damage_healed":0,"gold_gain":0,"player_choice":"Damaged","damage_taken":10,"max_hp_gain":0,"max_hp_loss":0,"event_name":"Wheel of Change","floor":11,"gold_loss":0}],"is_beta":false,"boss_relics":[],"items_purged_floors":[4],"is_endless":false,"potions_floor_spawned":[1,2,13],"killed_by":"Slime Boss","ascension_level":20}