{"gold_per_floor":[109,109,109,122,197,197,232,232,232,257,257,301,301,325,325,423,423,442,442,27,41,60,60,95,109,133,133,58,58,76,76,76,153,153,163,183,183,183,83,83,112,112,164,164,184,184,284,62,62,62,62,62,62,6,38,38],"floor_reached":56,"playtime":2008,"items_purged":["Strike_G","Strike_G"],"score":1848,"play_id":"9e9079eb-b7ca-42ea-ad91-3f06e05b6cc5","local_time":"20190422132352","is_ascension_mode":true,"campfire_choices":[{"data":"Crippling Poison","floor":6.0,"key":"SMITH"},{"data":"Skewer","floor":11.0,"key":"SMITH"},{"data":"Malaise","floor":13.0,"key":"SMITH"},{"data":"Neutralize","floor":15.0,"key":"SMITH"},{"data":"Catalyst","floor":23.0,"key":"SMITH"},{"data":"Footwork","floor":27.0,"key":"SMITH"},{"data":"Catalyst","floor":32.0,"key":"SMITH"},{"data":"Corpse Explosion","floor":40.0,"key":"SMITH"},{"data":"Ghostly","floor":42.0,"key":"SMITH"},{"data":"Ghostly","floor":46.0,"key":"SMITH"},{"floor":49.0,"key":"RECALL"},{"data":"Ghostly","floor":53.0,"key":"SMITH"}],"neow_cost":"NONE","seed_source_timestamp":83526292787534,"circlet_count":0,"master_deck":["AscendersBane","Defend_G","Defend_G","Defend_G","Defend_G","Defend_G","Strike_G","Survivor","Neutralize+1","Crippling Poison+1","Skewer+1","Malaise+1","Terror","Footwork+1","Catalyst+1","Acrobatics+1","Backflip","Ghostly+1","Ghostly+1","Ghostly+1","Catalyst+1","Corpse Explosion+1","Venomology"],"special_seed":0,"relics":["Ring of the Snake","NeowsBlessing","Bloody Idol","Singing Bowl","Calipers","Mango","Coffee Dripper","Prayer Wheel","Vajra","Orichalcum","Empty Cage","Thread and Needle","Bronze Scales","Sundial","Shovel","ClockworkSouvenir","Lantern"],"potions_floor_usage":[56,56,56],"damage_taken":[{"damage":0.0,"enemies":"Jaw Worm","floor":1.0,"turns":1.0},{"damage":0.0,"enemies":"2 Louse","floor":4.0,"turns":1.0},{"damage":0.0,"enemies":"Gremlin Nob","floor":7.0,"turns":1.0},{"damage":0.0,"enemies":"Small Slimes","floor":10.0,"turns":3.0},{"damage":9.0,"enemies":"3 Sentries","floor":12.0,"turns":10.0},{"damage":4.0,"enemies":"Looter","floor":14.0,"turns":4.0},{"damage":12.0,"enemies":"The Guardian","floor":16.0,"turns":11.0},{"damage":10.0,"enemies":"Chosen","floor":18.0,"turns":6.0},{"damage":12.0,"enemies":"2 Thieves","floor":21.0,"turns":4.0},{"damage":14.0,"enemies":"Snecko","floor":22.0,"turns":7.0},{"damage":35.0,"enemies":"Slavers","floor":24.0,"turns":7.0},{"damage":2.0,"enemies":"Snake Plant","floor":25.0,"turns":6.0},{"damage":0.0,"enemies":"Centurion and Healer","floor":30.0,"turns":6.0},{"damage":13.0,"enemies":"Collector","floor":33.0,"turns":12.0},{"damage":4.0,"enemies":"Orb Walker","floor":35.0,"turns":5.0},{"damage":0.0,"enemies":"3 Shapes","floor":36.0,"turns":3.0},{"damage":11.0,"enemies":"Nemesis","floor":41.0,"turns":7.0},{"damage":1.0,"enemies":"Spire Growth","floor":45.0,"turns":6.0},{"damage":0.0,"enemies":"Mind Bloom Boss Battle","floor":47.0,"turns":4.0},{"damage":21.0,"enemies":"Donu and Deca","floor":50.0,"turns":7.0},{"damage":2.0,"enemies":"Awakened One","floor":51.0,"turns":28.0},{"damage":27.0,"enemies":"Shield and Spear","floor":55.0,"turns":8.0},{"damage":51,"enemies":"The Heart","floor":56,"turns":8}],"seed_played":"930709440660196902","potions_obtained":[{"floor":1.0,"key":"EntropicBrew"},{"floor":12.0,"key":"FearPotion"},{"floor":16.0,"key":"FearPotion"},{"floor":18.0,"key":"Swift Potion"},{"floor":24.0,"key":"Block Potion"},{"floor":30.0,"key":"Block Potion"},{"floor":33.0,"key":"SteroidPotion"},{"floor":35.0,"key":"Block Potion"},{"floor":41.0,"key":"SteroidPotion"},{"floor":47.0,"key":"FearPotion"}],"is_trial":false,"path_per_floor":["M","?","?","M","?","R","E","?","T","M","R","E","R","M","R","B",null,"M","?","$","M","M","R","E","M","T","R","?","?","M","?","R","B",null,"M","M","?","?","$","R","E","R","T","T","M","R","?","$","R","B","B",null,"R","$","E","B"],"character_chosen":"THE_SILENT","items_purchased":["Prayer Wheel","ClockworkSouvenir","Weak Potion"],"campfire_rested":0,"item_purchase_floors":[20,48,54],"current_hp_per_floor":[59,59,48,48,37,37,39,39,39,39,39,46,46,42,42,32,68,60,60,60,62,53,53,23,28,33,33,33,33,40,40,40,32,43,48,54,50,50,50,50,46,46,51,51,59,59,65,65,65,44,42,59,59,59,37,0],"gold":38,"neow_bonus":"THREE_ENEMY_KILL","is_prod":false,"is_daily":false,"chose_seed":false,"campfire_upgraded":11,"win_rate":0,"timestamp":1555910632,"path_taken":["M","?","?","M","?","R","E","?","T","M","R","E","R","M","R","BOSS","M","?","$","M","M","R","E","M","T","R","?","?","M","?","R","BOSS","M","?","?","?","$","R","E","R","T","?","?","R","?","$","R","BOSS","BOSS","R","$","E","BOSS"],"build_version":"2019-01-23","purchased_purges":2,"victory":false,"max_hp_per_floor":[66,60,60,60,60,60,62,62,62,62,62,78,78,78,78,80,80,82,82,82,86,86,86,86,88,88,88,88,44,46,46,46,46,46,50,54,60,57,57,57,59,59,59,59,63,63,65,65,65,65,65,65,65,65,65,65],"card_choices":[{"not_picked":["Cloak And Dagger","Prepared"],"picked":"Crippling Poison","floor":1.0},{"not_picked":["Dagger Spray","Underhanded Strike"],"picked":"Skewer","floor":4.0},{"not_picked":["Sucker Punch","Bane","Slice"],"picked":"Singing Bowl","floor":7.0},{"not_picked":["Calculated Gamble","Dodge and Roll"],"picked":"Malaise","floor":10.0},{"not_picked":["Riddle With Holes","Dagger Throw","Acrobatics"],"picked":"Singing Bowl","floor":12.0},{"not_picked":["Dagger Throw","Poisoned Stab"],"picked":"Terror","floor":14.0},{"not_picked":["Envenom","Storm of Steel","Night Terror"],"picked":"Singing Bowl","floor":16.0},{"not_picked":["Cloak And Dagger","Bane","Dagger Throw"],"picked":"Singing Bowl","floor":18.0},{"not_picked":["Flying Knee","PiercingWail","Finisher"],"picked":"Singing Bowl","floor":21.0},{"not_picked":["Concentrate","Outmaneuver","Leg Sweep"],"picked":"Singing Bowl","floor":21.0},{"not_picked":["Heel Hook","Outmaneuver"],"picked":"Footwork","floor":22.0},{"not_picked":["Endless Agony","Poisoned Stab"],"picked":"Catalyst","floor":22.0},{"not_picked":["Dagger Throw+1","Phantasmal Killer"],"picked":"Acrobatics+1","floor":24.0},{"not_picked":["Blade Dance+1","Eviscerate+1","Sucker Punch"],"picked":"Singing Bowl","floor":25.0},{"not_picked":["Dagger Throw+1","Finisher"],"picked":"Backflip","floor":25.0},{"not_picked":["Sucker Punch+1","Endless Agony","Underhanded Strike"],"picked":"Singing Bowl","floor":30.0},{"not_picked":["Blade Dance","Skewer"],"picked":"Catalyst","floor":30.0},{"not_picked":["Malaise","Tools of the Trade"],"picked":"Corpse Explosion","floor":33.0},{"not_picked":["Deflect","Caltrops","Accuracy"],"picked":"Singing Bowl","floor":35.0},{"not_picked":["Escape Plan+1","Accuracy+1","PiercingWail"],"picked":"Singing Bowl","floor":35.0},{"not_picked":["Blade Dance","Slice+1","PiercingWail"],"picked":"Singing Bowl","floor":36.0},{"not_picked":["Underhanded Strike+1","Blade Dance","Grand Finale"],"picked":"Singing Bowl","floor":36.0},{"not_picked":["Swift Strike","Deep Breath","Jack Of All Trades"],"picked":"Singing Bowl","floor":37.0},{"not_picked":["Bandage Up","Chrysalis","Jack Of All Trades"],"picked":"Singing Bowl","floor":37.0},{"not_picked":["Dramatic Entrance","Discovery","Chrysalis"],"picked":"Singing Bowl","floor":37.0},{"not_picked":["Dagger Spray","Endless Agony","Heel Hook"],"picked":"Singing Bowl","floor":41.0},{"not_picked":["Dash+1","Endless Agony","Prepared"],"picked":"Singing Bowl","floor":45.0},{"not_picked":["Backflip","Cloak And Dagger","Eviscerate"],"picked":"Singing Bowl","floor":45.0},{"not_picked":["Dodge and Roll","Escape Plan","Expertise"],"picked":"Singing Bowl","floor":47.0},{"not_picked":["Poisoned Stab","Sucker Punch+1"],"picked":"Venomology","floor":55.0}],"player_experience":4430351,"relics_obtained":[{"floor":7.0,"key":"Calipers"},{"floor":12.0,"key":"Mango"},{"floor":24.0,"key":"Vajra"},{"floor":26.0,"key":"Orichalcum"},{"floor":41.0,"key":"Thread and Needle"},{"floor":43.0,"key":"Bronze Scales"},{"floor":44.0,"key":"Sundial"},{"floor":47.0,"key":"Shovel"},{"floor":55.0,"key":"Lantern"}],"event_choices":[{"damage_healed":0.0,"max_hp_gain":0.0,"max_hp_loss":6.0,"gold_gain":0.0,"event_name":"Golden Idol","player_choice":"Lose Max HP","floor":2.0,"gold_loss":0.0,"damage_taken":0.0,"relics_obtained":["Golden Idol"]},{"damage_healed":0.0,"max_hp_gain":0.0,"max_hp_loss":0.0,"gold_gain":0.0,"event_name":"Scrap Ooze","player_choice":"Success","floor":3.0,"gold_loss":0.0,"damage_taken":11.0,"relics_obtained":["Singing Bowl"]},{"damage_healed":0.0,"max_hp_gain":0.0,"max_hp_loss":0.0,"gold_gain":75.0,"event_name":"World of Goop","player_choice":"Gather Gold","floor":5.0,"gold_loss":0.0,"damage_taken":11.0},{"damage_healed":0.0,"max_hp_gain":0.0,"max_hp_loss":0.0,"gold_gain":0.0,"event_name":"Dead Adventurer","player_choice":"Searched \u00270\u0027 times","floor":8.0,"gold_loss":0.0,"damage_taken":0.0},{"damage_healed":0.0,"max_hp_gain":0.0,"max_hp_loss":0.0,"gold_gain":0.0,"event_name":"Forgotten Altar","player_choice":"Gave Idol","floor":19.0,"relics_lost":["Golden Idol"],"gold_loss":0.0,"damage_taken":0.0,"relics_obtained":["Bloody Idol"]},{"cards_removed":["Strike_G"],"damage_healed":0.0,"max_hp_gain":0.0,"max_hp_loss":0.0,"gold_gain":0.0,"event_name":"Beggar","player_choice":"Gave Gold","floor":28.0,"gold_loss":75.0,"damage_taken":0.0},{"damage_healed":0.0,"max_hp_gain":0.0,"max_hp_loss":44.0,"gold_gain":0.0,"event_name":"Ghosts","player_choice":"Became a Ghost","floor":29.0,"gold_loss":0.0,"damage_taken":0.0,"cards_obtained":["Ghostly","Ghostly","Ghostly"]},{"damage_healed":0.0,"max_hp_gain":0.0,"max_hp_loss":0.0,"gold_gain":0.0,"event_name":"Wheel of Change","player_choice":"Cursed","floor":31.0,"gold_loss":0.0,"damage_taken":0.0,"cards_obtained":["Decay"]},{"damage_healed":0.0,"max_hp_gain":0.0,"max_hp_loss":0.0,"gold_gain":0.0,"event_name":"SensoryStone","player_choice":"Memory 3","floor":37.0,"gold_loss":0.0,"damage_taken":10.0},{"damage_healed":0.0,"max_hp_gain":0.0,"max_hp_loss":3.0,"gold_gain":0.0,"event_name":"Winding Halls","player_choice":"Max HP","floor":38.0,"gold_loss":0.0,"damage_taken":0.0},{"damage_healed":0.0,"max_hp_gain":0.0,"max_hp_loss":0.0,"gold_gain":0.0,"event_name":"MindBloom","player_choice":"Fight","floor":47.0,"gold_loss":0.0,"damage_taken":0.0}],"is_beta":false,"boss_relics":[{"not_picked":["Cursed Key","Orrery"],"picked":"Coffee Dripper"},{"not_picked":["Philosopher\u0027s Stone","Calling Bell"],"picked":"Empty Cage"}],"items_purged_floors":[20,39],"is_endless":false,"potions_floor_spawned":[1,12,16,18,24,30,33,35,41,47],"killed_by":"The Heart","ascension_level":20}