{"gold_per_floor":[109,109,109,120,133,165,165,178,204,204,37,37],"floor_reached":12,"playtime":357,"items_purged":[],"score":156,"play_id":"b229af48-a514-48fb-9dec-9f8b87e14f6a","local_time":"20190318113940","is_ascension_mode":true,"campfire_choices":[{"data":"Noxious Fumes","floor":7,"key":"SMITH"},{"data":"Neutralize","floor":10,"key":"SMITH"}],"neow_cost":"TEN_PERCENT_HP_LOSS","seed_source_timestamp":2674115869277,"circlet_count":0,"master_deck":["AscendersBane","Defend_G","Defend_G","Defend_G","Defend_G","Strike_G","Strike_G","Strike_G","Survivor","Neutralize+1","Noxious Fumes+1","Dagger Throw","Backflip","Grand Finale"],"relics":["Ring of the Snake","Bag of Preparation","Happy Flower"],"potions_floor_usage":[6,12],"damage_taken":[{"damage":3,"enemies":"Jaw Worm","floor":1,"turns":5},{"damage":0,"enemies":"2 Louse","floor":4,"turns":4},{"damage":1,"enemies":"Small Slimes","floor":5,"turns":3},{"damage":42,"enemies":"Gremlin Nob","floor":6,"turns":5},{"damage":1,"enemies":"Blue Slaver","floor":8,"turns":5},{"damage":0,"enemies":"3 Sentries","floor":12,"turns":2}],"seed_played":"-5588718006472977428","potions_obtained":[{"floor":5,"key":"SkillPotion"},{"floor":6,"key":"SkillPotion"}],"is_trial":false,"path_per_floor":["M","?","?","M","M","E","R","M","T","R","$","E"],"character_chosen":"THE_SILENT","items_purchased":["Grand Finale"],"campfire_rested":0,"item_purchase_floors":[11],"current_hp_per_floor":[56,49,54,54,53,11,11,10,10,10,10,10],"gold":37,"neow_bonus":"REMOVE_TWO","is_prod":false,"is_daily":false,"chose_seed":false,"campfire_upgraded":2,"win_rate":0,"timestamp":1552880380,"path_taken":["M","?","?","?","M","E","R","M","T","R","$","E"],"build_version":"2019-01-23","purchased_purges":0,"victory":false,"max_hp_per_floor":[60,60,65,65,65,65,65,65,65,65,65,65],"card_choices":[{"not_picked":["Cloak And Dagger","Dodge and Roll"],"picked":"Noxious Fumes","floor":1},{"not_picked":["Flying Knee","Sucker Punch"],"picked":"Dagger Throw","floor":4},{"not_picked":["Distraction","Slice","Flying Knee"],"picked":"SKIP","floor":5},{"not_picked":["Expertise","Noxious Fumes","Quick Slash"],"picked":"SKIP","floor":6},{"not_picked":["Deflect","Slice"],"picked":"Backflip","floor":8}],"player_experience":3677092,"relics_obtained":[{"floor":6,"key":"Bag of Preparation"},{"floor":9,"key":"Happy Flower"}],"event_choices":[{"cards_removed":["Strike_G"],"damage_healed":0,"gold_gain":0,"player_choice":"Card Removal","damage_taken":7,"max_hp_gain":0,"max_hp_loss":0,"event_name":"Golden Wing","floor":2,"gold_loss":0},{"damage_healed":0,"gold_gain":0,"player_choice":"Donut","damage_taken":0,"max_hp_gain":5,"max_hp_loss":0,"event_name":"Big Fish","floor":3,"gold_loss":0}],"is_beta":false,"boss_relics":[],"items_purged_floors":[],"is_endless":false,"potions_floor_spawned":[5,6],"killed_by":"3 Sentries","ascension_level":20}