{"gold_per_floor":[112,126,126,39,52,52,52,52,52,52,62,72,72,89,89,162,162,182,21,21,21,21,49,49,60,84,84,118,130,141,160,160,239,239,253,253,253,273,290,290,318,318,318,318,75,75,107,127,127,127,127,127,27,57,57],"floor_reached":56,"playtime":2274,"items_purged":["Strike_G","Strike_G+1"],"score":2442,"play_id":"ca47b8ef-58bc-4082-b79d-f1f06b70d969","local_time":"20181217151256","is_ascension_mode":true,"campfire_choices":[{"data":"Neutralize","floor":6.0,"key":"SMITH"},{"data":"Deadly Poison","floor":8.0,"key":"SMITH"},{"data":"Corpse Explosion","floor":10.0,"key":"SMITH"},{"data":"Caltrops","floor":13.0,"key":"SMITH"},{"data":"Deadly Poison","floor":15.0,"key":"SMITH"},{"data":"Footwork","floor":24.0,"key":"SMITH"},{"data":"Adrenaline","floor":27.0,"key":"SMITH"},{"data":"Calculated Gamble","floor":32.0,"key":"SMITH"},{"floor":40.0,"key":"RECALL"},{"floor":42.0,"key":"REST"},{"floor":49.0,"key":"REST"},{"floor":52.0,"key":"REST"}],"neow_cost":"NONE","seed_source_timestamp":9153342418154,"circlet_count":0,"master_deck":["AscendersBane","Defend_G+1","Defend_G+1","Defend_G+1","Defend_G+1","Defend_G+1","Strike_G+1","Strike_G+1","Strike_G+1","Survivor+1","Neutralize+1","Deadly Poison+1","Caltrops+1","Corpse Explosion+1","Backflip+1","Calculated Gamble+1","Deadly Poison+1","Adrenaline+1","Calculated Gamble+1","Footwork+1","Escape Plan+1","Concentrate+1","Deflect+1","Tactician+1","Wraith Form v2+1","Malaise+1","Caltrops+1","Catalyst+1","PiercingWail+1","Catalyst+1","Caltrops+1"],"special_seed":0,"relics":["Ring of the Snake","Anchor","Runic Pyramid","Oddly Smooth Stone","Art of War","Bottled Tornado","Eternal Feather","Mark of the Bloom","Sundial","Letter Opener","Bronze Scales","Potion Belt","Dream Catcher","Centennial Puzzle"],"potions_floor_usage":[55,55,55],"damage_taken":[{"damage":1.0,"enemies":"Cultist","floor":1.0,"turns":6.0},{"damage":0.0,"enemies":"2 Louse","floor":2.0,"turns":6.0},{"damage":2.0,"enemies":"Small Slimes","floor":5.0,"turns":3.0},{"damage":0.0,"enemies":"Blue Slaver","floor":11.0,"turns":4.0},{"damage":1.0,"enemies":"Exordium Thugs","floor":12.0,"turns":4.0},{"damage":0.0,"enemies":"2 Fungi Beasts","floor":14.0,"turns":2.0},{"damage":53.0,"enemies":"Slime Boss","floor":16.0,"turns":13.0},{"damage":2.0,"enemies":"Shell Parasite","floor":18.0,"turns":4.0},{"damage":0.0,"enemies":"Gremlin Leader","floor":23.0,"turns":6.0},{"damage":0.0,"enemies":"3 Byrds","floor":25.0,"turns":1.0},{"damage":0.0,"enemies":"Book of Stabbing","floor":28.0,"turns":5.0},{"damage":0.0,"enemies":"Centurion and Healer","floor":29.0,"turns":4.0},{"damage":0.0,"enemies":"Chosen and Byrds","floor":30.0,"turns":4.0},{"damage":0.0,"enemies":"Snake Plant","floor":31.0,"turns":3.0},{"damage":0.0,"enemies":"Automaton","floor":33.0,"turns":9.0},{"damage":0.0,"enemies":"3 Darklings","floor":35.0,"turns":3.0},{"damage":0.0,"enemies":"3 Shapes","floor":38.0,"turns":2.0},{"damage":0.0,"enemies":"Spire Growth","floor":39.0,"turns":4.0},{"damage":0.0,"enemies":"Nemesis","floor":41.0,"turns":7.0},{"damage":0.0,"enemies":"Reptomancer","floor":47.0,"turns":5.0},{"damage":0.0,"enemies":"4 Shapes","floor":48.0,"turns":3.0},{"damage":4.0,"enemies":"Awakened One","floor":50.0,"turns":12.0},{"damage":0,"enemies":"Shield and Spear","floor":54,"turns":3},{"damage":0,"enemies":"The Heart","floor":55,"turns":8}],"seed_played":"-8897848721309883399","potions_obtained":[{"floor":3.0,"key":"GamblersBrew"},{"floor":3.0,"key":"EssenceOfSteel"},{"floor":11.0,"key":"SkillPotion"},{"floor":12.0,"key":"GhostInAJar"},{"floor":14.0,"key":"LiquidBronze"},{"floor":18.0,"key":"Explosive Potion"},{"floor":28.0,"key":"Explosive Potion"},{"floor":31.0,"key":"PowerPotion"},{"floor":54,"key":"AttackPotion"}],"is_trial":false,"path_per_floor":["M","M","?","$","M","R","$","R","T","R","M","M","R","M","R","B",null,"M","$","?","?","?","E","R","M","T","R","E","M","M","M","R","B",null,"M","?","?","M","M","R","E","R","T","T","$","?","E","M","R","B",null,"R","$","E","B",null],"character_chosen":"THE_SILENT","items_purchased":["Corpse Explosion","Footwork","Potion Belt","GhostInAJar"],"campfire_rested":3,"item_purchase_floors":[4,19,45,45],"current_hp_per_floor":[58,58,58,58,56,56,56,56,56,56,56,55,55,55,55,2,50,48,48,48,48,48,48,48,48,48,48,48,48,48,48,48,48,62,62,62,62,62,62,62,62,62,62,62,62,62,62,62,62,58,58,58,58,58,58],"gold":57,"neow_bonus":"RANDOM_COMMON_RELIC","is_prod":false,"is_daily":false,"chose_seed":false,"campfire_upgraded":8,"win_rate":0,"timestamp":1545030776,"path_taken":["M","M","?","$","M","R","$","R","T","R","M","M","R","?","R","BOSS","M","$","?","?","?","E","R","M","T","R","E","?","M","M","R","BOSS","M","?","?","M","M","R","E","R","T","?","$","?","E","M","R","BOSS","R","$","E","BOSS"],"build_version":"2018-12-13","purchased_purges":2,"victory":true,"max_hp_per_floor":[66,66,66,66,66,66,66,66,66,66,66,66,66,66,66,66,66,66,66,66,66,66,66,66,66,66,66,66,66,66,66,66,66,66,66,66,66,66,66,66,66,66,66,66,66,63,63,63,63,63,63,63,63,63,63],"card_choices":[{"not_picked":["Flying Knee","Quick Slash"],"picked":"Deadly Poison","floor":1.0},{"not_picked":["Calculated Gamble","Blade Dance"],"picked":"Caltrops","floor":2.0},{"not_picked":["Flying Knee","Cloak And Dagger"],"picked":"Backflip","floor":5.0},{"not_picked":["Blade Dance","Dagger Spray"],"picked":"Calculated Gamble","floor":11.0},{"not_picked":["Cloak And Dagger","Flying Knee","Riddle With Holes"],"picked":"SKIP","floor":12.0},{"not_picked":["Bane","Distraction"],"picked":"Deadly Poison","floor":14.0},{"not_picked":["A Thousand Cuts","Venomology"],"picked":"Adrenaline","floor":16.0},{"not_picked":["Dagger Throw","Cloak And Dagger"],"picked":"Calculated Gamble","floor":18.0},{"not_picked":["Infinite Blades","Backstab","Sucker Punch"],"picked":"SKIP","floor":23.0},{"not_picked":["Dagger Spray","Outmaneuver","Riddle With Holes"],"picked":"SKIP","floor":25.0},{"not_picked":["Deflect","Prepared","Endless Agony"],"picked":"SKIP","floor":28.0},{"not_picked":["Prepared","Endless Agony"],"picked":"Deflect","floor":28.0},{"not_picked":["Caltrops","Backflip"],"picked":"Tactician","floor":29.0},{"not_picked":["Flying Knee","Dagger Throw","Tactician"],"picked":"SKIP","floor":30.0},{"not_picked":["Prepared","Choke"],"picked":"Wraith Form v2","floor":31.0},{"not_picked":["Phantasmal Killer","Glass Knife"],"picked":"Malaise","floor":33.0},{"not_picked":["Dodge and Roll","Well Laid Plans","Caltrops"],"picked":"SKIP","floor":35.0},{"not_picked":["Dodge and Roll","Well Laid Plans"],"picked":"Caltrops","floor":35.0},{"not_picked":["Bane","Deadly Poison+1"],"picked":"Catalyst+1","floor":38.0},{"not_picked":["Dodge and Roll","Quick Slash+1"],"picked":"PiercingWail+1","floor":39.0},{"not_picked":["Underhanded Strike+1","Quick Slash","Bouncing Flask+1"],"picked":"SKIP","floor":41.0},{"not_picked":["Finisher","Backflip"],"picked":"Catalyst+1","floor":47.0},{"not_picked":["Slice+1","Bouncing Flask"],"picked":"Caltrops+1","floor":48.0},{"not_picked":["Expertise","Dagger Spray","Setup+1"],"picked":"SKIP","floor":54}],"player_experience":1308978,"relics_obtained":[{"floor":23.0,"key":"Oddly Smooth Stone"},{"floor":26.0,"key":"Art of War"},{"floor":28.0,"key":"Bottled Tornado"},{"floor":41.0,"key":"Sundial"},{"floor":43.0,"key":"Letter Opener"},{"floor":44.0,"key":"Bronze Scales"},{"floor":47.0,"key":"Dream Catcher"},{"floor":54,"key":"Centennial Puzzle"}],"event_choices":[{"damage_healed":0.0,"max_hp_gain":0.0,"max_hp_loss":0.0,"gold_gain":0.0,"event_name":"Lab","player_choice":"Got Potions","floor":3.0,"gold_loss":0.0,"damage_taken":0.0},{"damage_healed":0.0,"max_hp_gain":0.0,"max_hp_loss":0.0,"gold_gain":0.0,"event_name":"The Library","player_choice":"Read","floor":20.0,"gold_loss":0.0,"damage_taken":0.0,"cards_obtained":["Escape Plan"]},{"damage_healed":0.0,"max_hp_gain":0.0,"max_hp_loss":0.0,"gold_gain":0.0,"event_name":"Cursed Tome","player_choice":"Ignored","floor":21.0,"gold_loss":0.0,"damage_taken":0.0},{"damage_healed":0.0,"max_hp_gain":0.0,"max_hp_loss":0.0,"gold_gain":0.0,"event_name":"Match and Keep!","player_choice":"1 cards matched","floor":22.0,"gold_loss":0.0,"damage_taken":0.0,"cards_obtained":["Concentrate"]},{"damage_healed":0.0,"max_hp_gain":0.0,"max_hp_loss":0.0,"gold_gain":0.0,"event_name":"Tomb of Lord Red Mask","player_choice":"Ignored","floor":36.0,"gold_loss":0.0,"damage_taken":0.0},{"damage_healed":0.0,"max_hp_gain":0.0,"max_hp_loss":0.0,"gold_gain":0.0,"event_name":"MindBloom","player_choice":"Upgrade","floor":37.0,"gold_loss":0.0,"damage_taken":0.0,"cards_upgraded":["Defend_G","Defend_G","Defend_G","Defend_G","Defend_G","Strike_G","Strike_G","Strike_G","Strike_G","Survivor","Backflip","Calculated Gamble","Escape Plan","Concentrate","Deflect","Tactician","Wraith Form v2","Malaise","Caltrops"],"relics_obtained":["Mark of the Bloom"]},{"damage_healed":0.0,"max_hp_gain":0.0,"max_hp_loss":3.0,"gold_gain":0.0,"event_name":"Winding Halls","player_choice":"Max HP","floor":46.0,"gold_loss":0.0,"damage_taken":0.0}],"is_beta":false,"boss_relics":[{"not_picked":["Coffee Dripper","Orrery"],"picked":"Runic Pyramid"},{"not_picked":["WristBlade","Fusion Hammer"],"picked":"Eternal Feather"}],"items_purged_floors":[19,53],"is_endless":false,"potions_floor_spawned":[5,11,12,14,18,28,31,33,35,39,54],"ascension_level":16}