{"gold_per_floor":[114,189,189,204,25,25,55,55,55,81,91,105,30,30,30,107,107,126,126,142,192,67,67,100,120,166,201,201,228,153,165,165,242,242,252,299,299,309,328,328,355,355,355,381,381,391,409,420,420,420,420,420,0,34,34],"floor_reached":56,"playtime":5707,"items_purged":["Strike_G","Strike_G"],"score":2440,"play_id":"8e82c6ed-ab0d-4bfe-84de-0744cf342dba","local_time":"20190529234638","is_ascension_mode":true,"campfire_choices":[{"data":"Neutralize","floor":6.0,"key":"SMITH"},{"data":"Footwork","floor":8.0,"key":"SMITH"},{"floor":15.0,"key":"REST"},{"data":"A Thousand Cuts","floor":23.0,"key":"SMITH"},{"data":"Well Laid Plans","floor":28.0,"key":"SMITH"},{"floor":32.0,"key":"REST"},{"data":"Footwork","floor":40,"key":"SMITH"},{"floor":42,"key":"REST"},{"floor":49,"key":"RECALL"},{"data":"Noxious Fumes","floor":52,"key":"SMITH"}],"neow_cost":"NONE","seed_source_timestamp":3025603853633,"circlet_count":0,"master_deck":["AscendersBane","Defend_G","Defend_G","Defend_G","Defend_G","Defend_G","Survivor","Neutralize+1","Heel Hook","Leg Sweep","Footwork+1","Leg Sweep","Cloak And Dagger","Night Terror","Well Laid Plans+1","Deadly Poison","Blur","Bullet Time","A Thousand Cuts+1","Dash+1","Bouncing Flask","Footwork+1","Predator","Noxious Fumes+1","Bullet Time","Dodge and Roll","Footwork","Night Terror","Backflip+1","Night Terror"],"special_seed":0,"relics":["Ring of the Snake","NeowsBlessing","Ancient Tea Set","Mummified Hand","Mercury Hourglass","Snecko Eye","Whetstone","Gremlin Horn","Nunchaku","Eternal Feather","Ice Cream","Anchor","Boot","Vajra","Frozen Eye"],"potions_floor_usage":[47,55],"damage_taken":[{"damage":0.0,"enemies":"Cultist","floor":1.0,"turns":1.0},{"damage":0.0,"enemies":"Small Slimes","floor":4.0,"turns":1.0},{"damage":0.0,"enemies":"Gremlin Nob","floor":7.0,"turns":1.0},{"damage":17.0,"enemies":"3 Sentries","floor":10.0,"turns":21.0},{"damage":0.0,"enemies":"2 Louse","floor":11.0,"turns":2.0},{"damage":4.0,"enemies":"Exordium Thugs","floor":12.0,"turns":6.0},{"damage":16.0,"enemies":"The Guardian","floor":16.0,"turns":18.0},{"damage":3.0,"enemies":"3 Byrds","floor":18.0,"turns":3.0},{"damage":0.0,"enemies":"2 Thieves","floor":20.0,"turns":5.0},{"damage":0.0,"enemies":"Book of Stabbing","floor":24.0,"turns":5.0},{"damage":0.0,"enemies":"Centurion and Healer","floor":25.0,"turns":2.0},{"damage":0.0,"enemies":"Gremlin Leader","floor":27.0,"turns":6.0},{"damage":2.0,"enemies":"Book of Stabbing","floor":29.0,"turns":4.0},{"damage":14.0,"enemies":"Shelled Parasite and Fungi","floor":31.0,"turns":5.0},{"damage":0.0,"enemies":"Automaton","floor":33.0,"turns":10.0},{"damage":0,"enemies":"3 Shapes","floor":35,"turns":4},{"damage":14,"enemies":"2 Orb Walkers","floor":36,"turns":6},{"damage":0,"enemies":"Orb Walker","floor":38,"turns":3},{"damage":18,"enemies":"Spire Growth","floor":39,"turns":5},{"damage":35,"enemies":"Reptomancer","floor":41,"turns":8},{"damage":26,"enemies":"Nemesis","floor":44,"turns":7},{"damage":0,"enemies":"Transient","floor":46,"turns":6},{"damage":0,"enemies":"Maw","floor":47,"turns":7},{"damage":0,"enemies":"Writhing Mass","floor":48,"turns":7},{"damage":35,"enemies":"Awakened One","floor":50,"turns":11},{"damage":0,"enemies":"Shield and Spear","floor":54,"turns":11},{"damage":1,"enemies":"The Heart","floor":55,"turns":12}],"seed_played":"6258557239485505049","potions_obtained":[{"floor":7.0,"key":"Energy Potion"},{"floor":12.0,"key":"SpeedPotion"},{"floor":33,"key":"EssenceOfSteel"},{"floor":35,"key":"Regen Potion"},{"floor":46,"key":"Dexterity Potion"},{"floor":47,"key":"SmokeBomb"}],"is_trial":false,"path_per_floor":["M","?","?","M","$","R","E","R","T","E","M","M","?","?","R","B",null,"M","?","M","?","$","R","E","M","T","E","R","E","$","M","R","B",null,"M","?","?","M","M","R","E","R","T","E","?","M","M","M","R","B",null,"R","$","E","B",null],"character_chosen":"THE_SILENT","items_purchased":["Footwork","Leg Sweep","Cloak And Dagger","Bouncing Flask","Footwork","Frozen Eye","SneckoOil"],"campfire_rested":3,"item_purchase_floors":[5,5,5,22,22,53,53],"current_hp_per_floor":[59,48,48,48,48,48,48,48,48,31,31,27,27,27,46,30,57,54,54,54,54,54,54,54,54,54,54,54,52,52,38,57,57,64,64,50,50,50,32,50,15,52,52,26,26,26,41,41,59,24,56,66,66,66,65],"gold":34,"neow_bonus":"THREE_ENEMY_KILL","is_prod":false,"is_daily":false,"chose_seed":false,"campfire_upgraded":6,"win_rate":0,"timestamp":1559166398,"path_taken":["M","?","?","M","$","R","E","R","T","E","?","M","?","?","R","BOSS","M","?","M","?","$","R","E","M","T","E","R","E","$","M","R","BOSS","BOSS","M","?","?","?","M","R","E","R","T","E","?","M","M","M","R","BOSS","R","$","E","BOSS"],"build_version":"2019-01-23","purchased_purges":2,"victory":true,"max_hp_per_floor":[66,66,66,66,66,66,66,66,66,66,66,66,66,66,66,66,66,66,66,66,66,66,66,66,66,66,66,66,66,66,66,66,66,66,66,66,66,66,66,66,66,66,66,66,66,66,66,66,66,66,66,66,66,66,66],"card_choices":[{"not_picked":["Blade Dance","Sucker Punch","Outmaneuver"],"picked":"SKIP","floor":1.0},{"not_picked":["Quick Slash","Caltrops"],"picked":"Leg Sweep","floor":4.0},{"not_picked":["Slice","Sucker Punch"],"picked":"Night Terror","floor":7.0},{"not_picked":["Outmaneuver","Footwork"],"picked":"Well Laid Plans","floor":10.0},{"not_picked":["Masterful Stab","Calculated Gamble"],"picked":"Deadly Poison","floor":11.0},{"not_picked":["Eviscerate","Calculated Gamble"],"picked":"Blur","floor":12.0},{"not_picked":["Envenom","Storm of Steel"],"picked":"A Thousand Cuts","floor":16.0},{"not_picked":["Underhanded Strike","Infinite Blades","Dagger Throw"],"picked":"SKIP","floor":18.0},{"not_picked":["Prepared+1","Deadly Poison+1"],"picked":"Dash","floor":20.0},{"not_picked":["Accuracy","Slice"],"picked":"Predator","floor":24.0},{"not_picked":["Slice","Quick Slash","Escape Plan"],"picked":"SKIP","floor":25.0},{"not_picked":["Catalyst","Blade Dance+1","Dodge and Roll"],"picked":"SKIP","floor":27.0},{"not_picked":["Well Laid Plans","Blade Dance"],"picked":"Noxious Fumes","floor":29.0},{"not_picked":["Adrenaline","Acrobatics","Noxious Fumes"],"picked":"SKIP","floor":31.0},{"not_picked":["Envenom","A Thousand Cuts"],"picked":"Bullet Time","floor":33},{"not_picked":["Riddle With Holes","Deflect"],"picked":"Dodge and Roll","floor":35},{"not_picked":["Blade Dance","Blur"],"picked":"Footwork","floor":36},{"not_picked":["Flechettes+1","Poisoned Stab+1","Acrobatics"],"picked":"SKIP","floor":38},{"not_picked":["Flying Knee+1","Tactician","Dodge and Roll"],"picked":"SKIP","floor":39},{"not_picked":["Accuracy+1","Flying Knee","Blade Dance+1"],"picked":"SKIP","floor":41},{"not_picked":["Unload","Slice+1"],"picked":"Backflip+1","floor":44},{"not_picked":["Bane","Quick Slash","Poisoned Stab+1"],"picked":"SKIP","floor":46},{"not_picked":["PiercingWail","Prepared","Bane"],"picked":"SKIP","floor":47},{"not_picked":["Heel Hook","Poisoned Stab","Choke"],"picked":"SKIP","floor":48},{"not_picked":["PiercingWail","Flying Knee"],"picked":"Night Terror","floor":54}],"player_experience":617325,"relics_obtained":[{"floor":7.0,"key":"Ancient Tea Set"},{"floor":9.0,"key":"Mummified Hand"},{"floor":10.0,"key":"Mercury Hourglass"},{"floor":24.0,"key":"Whetstone"},{"floor":27.0,"key":"Gremlin Horn"},{"floor":29.0,"key":"Nunchaku"},{"floor":36,"key":"Ice Cream"},{"floor":41,"key":"Anchor"},{"floor":43,"key":"Boot"},{"floor":44,"key":"Vajra"}],"event_choices":[{"damage_healed":0.0,"max_hp_gain":0.0,"max_hp_loss":0.0,"gold_gain":75.0,"event_name":"World of Goop","player_choice":"Gather Gold","floor":2.0,"gold_loss":0.0,"damage_taken":11.0},{"damage_healed":0.0,"max_hp_gain":0.0,"max_hp_loss":0.0,"gold_gain":0.0,"cards_transformed":["Strike_G"],"event_name":"Transmorgrifier","player_choice":"Transformed","floor":3.0,"gold_loss":0.0,"damage_taken":0.0,"cards_obtained":["Heel Hook"]},{"cards_removed":["Strike_G"],"damage_healed":0.0,"max_hp_gain":0.0,"max_hp_loss":0.0,"gold_gain":0.0,"event_name":"The Cleric","player_choice":"Card Removal","floor":13.0,"gold_loss":75.0,"damage_taken":0.0},{"damage_healed":0.0,"max_hp_gain":0.0,"max_hp_loss":0.0,"gold_gain":0.0,"event_name":"Match and Keep!","player_choice":"1 cards matched","floor":14.0,"gold_loss":0.0,"damage_taken":0.0,"cards_obtained":["Bullet Time"]},{"damage_healed":0.0,"max_hp_gain":0.0,"max_hp_loss":0.0,"gold_gain":0.0,"event_name":"Ghosts","player_choice":"Ignored","floor":19.0,"gold_loss":0.0,"damage_taken":0.0},{"damage_healed":0.0,"max_hp_gain":0.0,"max_hp_loss":0.0,"gold_gain":50.0,"event_name":"Nest","player_choice":"Stole From Cult","floor":21.0,"gold_loss":0.0,"damage_taken":0.0},{"damage_healed":0,"gold_gain":0,"player_choice":"Fight","damage_taken":0,"max_hp_gain":0,"max_hp_loss":0,"event_name":"Mysterious Sphere","floor":36,"gold_loss":0},{"damage_healed":0,"gold_gain":0,"player_choice":"Copied","damage_taken":0,"max_hp_gain":0,"max_hp_loss":0,"event_name":"Duplicator","floor":37,"gold_loss":0,"cards_obtained":["Night Terror"]},{"cards_removed":["Strike_G"],"damage_healed":0,"gold_gain":0,"player_choice":"Removed Attack","damage_taken":0,"max_hp_gain":0,"max_hp_loss":0,"event_name":"Falling","floor":45,"gold_loss":0}],"is_beta":false,"boss_relics":[{"not_picked":["Sozu","Busted Crown"],"picked":"Snecko Eye"},{"not_picked":["Calling Bell","WristBlade"],"picked":"Eternal Feather"}],"items_purged_floors":[30,53],"is_endless":false,"potions_floor_spawned":[7,12,16,18,24,25,27,33,35,38,41,46,47,54],"ascension_level":19}