{"gold_per_floor":[116,116,116,126,139,139,42,75,75,75,0,12,12],"floor_reached":13,"playtime":217,"items_purged":["Strike_B"],"score":166,"play_id":"3fb818fc-25d6-404a-9c2c-e2cc93fd51a4","local_time":"20190318001051","is_ascension_mode":true,"campfire_choices":[{"data":"Coolheaded","floor":6.0,"key":"SMITH"},{"data":"Discovery","floor":10.0,"key":"SMITH"}],"neow_cost":"NONE","seed_source_timestamp":1315464875609240,"circlet_count":0,"master_deck":["AscendersBane","Strike_B","Strike_B","Strike_B","Defend_B","Defend_B","Defend_B","Defend_B","Zap","Dualcast","Cold Snap","Coolheaded+1","Recycle","Discovery+1","Compile Driver","Coolheaded"],"special_seed":0,"relics":["Cracked Core","NeowsBlessing","Blue Candle"],"potions_floor_usage":[13,13],"damage_taken":[{"damage":0.0,"enemies":"Cultist","floor":1.0,"turns":1.0},{"damage":0.0,"enemies":"2 Louse","floor":4.0,"turns":1.0},{"damage":0.0,"enemies":"Jaw Worm","floor":5.0,"turns":1.0},{"damage":55.0,"enemies":"Gremlin Nob","floor":8.0,"turns":5.0},{"damage":9.0,"enemies":"Blue Slaver","floor":12.0,"turns":5.0},{"damage":10,"enemies":"Lagavulin","floor":13,"turns":4}],"seed_played":"8539826701011343848","potions_obtained":[{"floor":3.0,"key":"SmokeBomb"},{"floor":3.0,"key":"Regen Potion"},{"floor":5.0,"key":"Dexterity Potion"},{"floor":8.0,"key":"Strength Potion"}],"is_trial":false,"path_per_floor":["M","?","?","M","M","R","$","E","T","R","$","M","E"],"character_chosen":"DEFECT","items_purchased":["Discovery"],"campfire_rested":0,"item_purchase_floors":[7],"current_hp_per_floor":[64,69,69,69,69,69,69,26,26,26,26,17,7],"gold":12,"neow_bonus":"THREE_ENEMY_KILL","is_prod":false,"is_daily":false,"chose_seed":false,"campfire_upgraded":2,"win_rate":0,"timestamp":1552839051,"path_taken":["M","?","?","M","M","R","$","E","T","R","$","M","E"],"build_version":"2019-01-23","purchased_purges":1,"victory":false,"max_hp_per_floor":[71,76,76,76,76,76,76,76,76,76,76,76,76],"card_choices":[{"not_picked":["Leap","Turbo"],"picked":"Cold Snap","floor":1.0},{"not_picked":["Auto Shields","Gash"],"picked":"Coolheaded","floor":4.0},{"not_picked":["Beam Cell","Compile Driver"],"picked":"Recycle","floor":5.0},{"not_picked":["Barrage","Beam Cell"],"picked":"Compile Driver","floor":8.0},{"not_picked":["Conserve Battery","Self Repair"],"picked":"Coolheaded","floor":12.0}],"player_experience":1212685,"relics_obtained":[{"floor":8.0,"key":"Blue Candle"}],"event_choices":[{"damage_healed":0.0,"max_hp_gain":5.0,"max_hp_loss":0.0,"gold_gain":0.0,"event_name":"Big Fish","player_choice":"Donut","floor":2.0,"gold_loss":0.0,"damage_taken":0.0},{"damage_healed":0.0,"max_hp_gain":0.0,"max_hp_loss":0.0,"gold_gain":0.0,"event_name":"Lab","player_choice":"Got Potions","floor":3.0,"gold_loss":0.0,"damage_taken":0.0}],"is_beta":false,"boss_relics":[],"items_purged_floors":[11],"is_endless":false,"potions_floor_spawned":[5,8],"killed_by":"Lagavulin","ascension_level":20}