{"gold_per_floor":[110,122,122,136,150,150,178,195,195,214,34,51,51,62,62,136,136,154,233,253,271,290,290,290],"floor_reached":24,"playtime":1223,"items_purged":[],"score":508,"play_id":"fab3ab9d-1c1c-4570-81dd-503119d4e916","local_time":"20190808113306","is_ascension_mode":true,"campfire_choices":[{"data":"Zap","floor":6,"key":"SMITH"},{"floor":13,"key":"REST"},{"floor":15,"key":"REST"},{"floor":23,"key":"REST"}],"neow_cost":"NONE","seed_source_timestamp":85954156915572,"circlet_count":0,"master_deck":["AscendersBane","Strike_B","Strike_B","Strike_B","Strike_B","Defend_B","Defend_B","Defend_B","Defend_B","Zap+1","Dualcast","Conserve Battery","Hologram","Cold Snap","Go for the Eyes","Conserve Battery","FTL","Glacier","Self Repair","Doom and Gloom","Sweeping Beam","Gash","Creative AI","Shame","Chill+1"],"relics":["Cracked Core","NeowsBlessing","Ice Cream","Bottled Lightning","Cables","Cursed Key","Bottled Tornado"],"potions_floor_usage":[12,16,22,22],"damage_taken":[{"damage":0,"enemies":"Small Slimes","floor":1,"turns":1},{"damage":0,"enemies":"Cultist","floor":2,"turns":1},{"damage":0,"enemies":"Jaw Worm","floor":4,"turns":1},{"damage":1,"enemies":"Blue Slaver","floor":5,"turns":5},{"damage":23,"enemies":"3 Sentries","floor":7,"turns":10},{"damage":21,"enemies":"Gremlin Gang","floor":8,"turns":6},{"damage":4,"enemies":"Lots of Slimes","floor":10,"turns":4},{"damage":8,"enemies":"Exordium Wildlife","floor":12,"turns":5},{"damage":25,"enemies":"Exordium Thugs","floor":14,"turns":3},{"damage":0,"enemies":"Hexaghost","floor":16,"turns":9},{"damage":4,"enemies":"3 Byrds","floor":18,"turns":4},{"damage":15,"enemies":"Spheric Guardian","floor":20,"turns":5},{"damage":15,"enemies":"Snake Plant","floor":21,"turns":5},{"damage":26,"enemies":"Cultist and Chosen","floor":22,"turns":5},{"damage":51,"enemies":"Gremlin Leader","floor":24,"turns":5}],"seed_played":"561299604072544503","potions_obtained":[{"floor":1,"key":"SneckoOil"},{"floor":8,"key":"FocusPotion"},{"floor":10,"key":"Poison Potion"},{"floor":20,"key":"Weak Potion"},{"floor":21,"key":"FocusPotion"},{"floor":22,"key":"SpeedPotion"}],"is_trial":false,"path_per_floor":["M","M","?","M","M","R","E","M","T","M","$","M","R","M","R","B",null,"M","T","M","M","M","R","E"],"character_chosen":"DEFECT","items_purchased":["Self Repair","Doom and Gloom","Sweeping Beam"],"campfire_rested":3,"item_purchase_floors":[11,11,11],"current_hp_per_floor":[64,64,64,64,63,63,40,19,19,15,15,14,35,10,31,38,63,66,66,58,50,24,45,0],"gold":290,"neow_bonus":"THREE_ENEMY_KILL","is_prod":false,"is_daily":false,"chose_seed":false,"campfire_upgraded":1,"win_rate":0,"timestamp":1565256786,"path_taken":["M","M","?","?","M","R","E","?","T","M","$","M","R","M","R","BOSS","M","?","?","M","M","R","E"],"build_version":"2019-07-17","purchased_purges":0,"victory":false,"max_hp_per_floor":[71,71,71,71,71,71,71,71,71,71,71,71,71,71,71,71,71,71,71,71,71,71,71,71],"card_choices":[{"not_picked":["Storm","Scrape"],"picked":"Conserve Battery","floor":1},{"not_picked":["Reinforced Body","Conserve Battery"],"picked":"Hologram","floor":2},{"not_picked":["Turbo","Skim"],"picked":"Cold Snap","floor":4},{"not_picked":["Scrape","Skim"],"picked":"Go for the Eyes","floor":5},{"not_picked":["Streamline","Barrage"],"picked":"Conserve Battery","floor":7},{"not_picked":["Heatsinks","Leap"],"picked":"FTL","floor":8},{"not_picked":["Turbo","Ball Lightning"],"picked":"Glacier","floor":10},{"not_picked":["Hologram","Compile Driver"],"picked":"Gash","floor":12},{"not_picked":["Hyperbeam","Steam","Melter"],"picked":"SKIP","floor":14},{"not_picked":["Seek","Rainbow"],"picked":"Creative AI","floor":16},{"not_picked":["Gash","Go for the Eyes","White Noise"],"picked":"SKIP","floor":18},{"not_picked":["Steam","Barrage","Reprogram"],"picked":"SKIP","floor":20},{"not_picked":["Conserve Battery","Ball Lightning"],"picked":"Chill+1","floor":21},{"not_picked":["Consume","Sweeping Beam","Steam"],"picked":"SKIP","floor":22}],"player_experience":842162,"relics_obtained":[{"floor":7,"key":"Bottled Lightning"},{"floor":9,"key":"Cables"},{"floor":19,"key":"Bottled Tornado"}],"event_choices":[{"damage_healed":0,"gold_gain":0,"player_choice":"Gave Potion","damage_taken":0,"relics_obtained":["Ice Cream"],"max_hp_gain":0,"max_hp_loss":0,"event_name":"WeMeetAgain","floor":3,"gold_loss":0}],"is_beta":false,"boss_relics":[{"not_picked":["Eternal Feather","Black Star"],"picked":"Cursed Key"}],"items_purged_floors":[],"is_endless":false,"potions_floor_spawned":[1,8,10,20,21,22],"killed_by":"Gremlin Leader","ascension_level":20}