{"gold_per_floor":[112,112,187,201,201,201,217,243,270,288,300,25,25,25,25,126,126,141,141,156,231,251,251,268,281,281,281,311,311,341,352,352,449,449,463,481,385,398,418,418,429,446,471,408,408,408,408,428,428,428],"floor_reached":50,"playtime":9589,"items_purged":["Defend_R","Dual Wield","Power Through"],"score":560,"play_id":"9af6de65-59cf-438b-8de9-c0dd12a8299c","local_time":"20190706220057","is_ascension_mode":true,"campfire_choices":[{"data":"Double Tap","floor":6,"key":"SMITH"},{"data":"Clash","floor":13,"key":"SMITH"},{"data":"Barricade","floor":15,"key":"SMITH"},{"data":"Flex","floor":23,"key":"SMITH"},{"data":"Bite","floor":27,"key":"SMITH"},{"data":"Bite","floor":29,"key":"SMITH"},{"data":"Bite","floor":32,"key":"SMITH"},{"floor":40,"key":"REST"},{"floor":45,"key":"REST"},{"data":"Demon Form","floor":47,"key":"SMITH"},{"data":"Rage","floor":49,"key":"SMITH"}],"neow_cost":"PERCENT_DAMAGE","seed_source_timestamp":557754780951003,"circlet_count":0,"master_deck":["Defend_R","Defend_R","Defend_R","Bash","Double Tap+1","Clash+1","Flex+1","Bash","Anger","Shrug It Off","Barricade+1","Twin Strike","Heavy Blade","Demon Form+1","Shrug It Off","Bite+1","Bite+1","Bite+1","Bite","Bite","Headbutt","Iron Wave+1","Uppercut","Clash+1","Impervious","Headbutt+1","Double Tap","Battle Trance+1","Enlightenment","Carnage+1","Rage+1","Shrug It Off+1","Shrug It Off+1","Infernal Blade+1"],"relics":["Burning Blood","Orichalcum","Membership Card","Centennial Puzzle","Mark of Pain","Bag of Marbles","Omamori","Ancient Tea Set","Runic Cube","Pen Nib"],"potions_floor_usage":[8,16,16],"damage_taken":[{"damage":7,"enemies":"Small Slimes","floor":1,"turns":4},{"damage":0,"enemies":"Cultist","floor":4,"turns":2},{"damage":6,"enemies":"Jaw Worm","floor":7,"turns":3},{"damage":26,"enemies":"Lagavulin","floor":8,"turns":6},{"damage":2,"enemies":"Lots of Slimes","floor":10,"turns":2},{"damage":4,"enemies":"Looter","floor":11,"turns":2},{"damage":51,"enemies":"The Guardian","floor":16,"turns":13},{"damage":21,"enemies":"3 Byrds","floor":18,"turns":6},{"damage":14,"enemies":"Shell Parasite","floor":20,"turns":6},{"damage":32,"enemies":"Snake Plant","floor":22,"turns":5},{"damage":20,"enemies":"Centurion and Healer","floor":24,"turns":4},{"damage":43,"enemies":"3 Cultists","floor":25,"turns":6},{"damage":33,"enemies":"Slavers","floor":28,"turns":7},{"damage":19,"enemies":"Gremlin Leader","floor":30,"turns":6},{"damage":8,"enemies":"Chosen and Byrds","floor":31,"turns":5},{"damage":24,"enemies":"Champ","floor":33,"turns":9},{"damage":2,"enemies":"Orb Walker","floor":35,"turns":2},{"damage":56,"enemies":"3 Darklings","floor":36,"turns":10},{"damage":40,"enemies":"4 Shapes","floor":38,"turns":5},{"damage":39,"enemies":"Transient","floor":39,"turns":5},{"damage":25,"enemies":"Jaw Worm Horde","floor":41,"turns":6},{"damage":36,"enemies":"Spire Growth","floor":42,"turns":6},{"damage":9,"enemies":"Maw","floor":48,"turns":5},{"damage":79,"enemies":"Donu and Deca","floor":50,"turns":6}],"seed_played":"8362217381862808437","potions_obtained":[{"floor":4,"key":"GamblersBrew"},{"floor":7,"key":"BloodPotion"},{"floor":11,"key":"GamblersBrew"},{"floor":18,"key":"LiquidBronze"},{"floor":20,"key":"Explosive Potion"},{"floor":24,"key":"SpeedPotion"},{"floor":33,"key":"GamblersBrew"},{"floor":35,"key":"Poison Potion"},{"floor":36,"key":"AttackPotion"},{"floor":38,"key":"Fire Potion"}],"is_trial":false,"path_per_floor":["M","?","?","M","?","R","M","E","T","M","M","$","R","?","R","B",null,"M","?","M","?","M","R","M","M","T","R","E","R","E","M","R","B",null,"M","M","$","M","M","R","M","M","T","$","R","?","R","M","R","B"],"character_chosen":"IRONCLAD","items_purchased":["Membership Card","Enlightenment"],"campfire_rested":2,"item_purchase_floors":[12,37],"current_hp_per_floor":[55,55,44,50,50,50,50,50,50,56,60,60,60,60,60,17,80,65,65,75,67,59,59,61,46,46,46,42,42,50,57,57,54,80,80,54,54,38,19,43,43,31,31,31,55,55,55,68,68,0],"gold":428,"neow_bonus":"THREE_RARE_CARDS","is_prod":false,"is_daily":false,"chose_seed":false,"campfire_upgraded":9,"win_rate":0,"timestamp":1562468457,"path_taken":["M","?","?","M","?","R","?","E","T","?","M","$","R","?","R","BOSS","M","?","M","?","M","R","M","M","T","R","E","R","E","M","R","BOSS","M","M","$","M","M","R","?","M","T","$","R","?","R","M","R","BOSS"],"build_version":"2019-07-05","purchased_purges":3,"victory":false,"max_hp_per_floor":[80,80,80,80,80,80,80,80,80,80,80,80,80,80,80,80,80,80,80,80,80,80,80,80,80,80,80,80,80,80,80,80,80,80,80,80,80,80,80,80,80,80,80,80,80,80,80,80,80,80],"card_choices":[{"not_picked":["Fiend Fire","Juggernaut"],"picked":"Double Tap","floor":0},{"not_picked":["Warcry","Iron Wave"],"picked":"Clash","floor":1},{"not_picked":["Armaments","Cleave"],"picked":"Flex","floor":4},{"not_picked":["Entrench","Second Wind"],"picked":"Shrug It Off","floor":7},{"not_picked":["Blood for Blood","Twin Strike"],"picked":"Barricade","floor":8},{"not_picked":["Spot Weakness","True Grit"],"picked":"Twin Strike","floor":10},{"not_picked":["Twin Strike","Flex"],"picked":"Heavy Blade","floor":11},{"not_picked":["Juggernaut","Dark Embrace"],"picked":"Demon Form","floor":16},{"not_picked":["Flame Barrier","True Grit"],"picked":"Shrug It Off","floor":18},{"not_picked":["Uppercut","Warcry+1"],"picked":"Headbutt","floor":20},{"not_picked":["Rampage+1","Twin Strike+1"],"picked":"Iron Wave+1","floor":22},{"not_picked":["Pommel Strike","Reckless Charge"],"picked":"Dual Wield","floor":24},{"not_picked":["Feel No Pain","True Grit"],"picked":"Uppercut","floor":25},{"not_picked":["Ghostly Armor","Perfected Strike"],"picked":"Clash+1","floor":28},{"not_picked":["Perfected Strike","Whirlwind"],"picked":"Impervious","floor":30},{"not_picked":["Armaments","Bloodletting"],"picked":"Headbutt+1","floor":31},{"not_picked":["Juggernaut","Reaper"],"picked":"Double Tap","floor":33},{"not_picked":["Intimidate","Heavy Blade+1"],"picked":"Battle Trance+1","floor":35},{"not_picked":["Disarm","Hemokinesis"],"picked":"Power Through","floor":36},{"not_picked":["Twin Strike","Corruption"],"picked":"Carnage+1","floor":38},{"not_picked":["Fire Breathing+1","Flex"],"picked":"Rage","floor":39},{"not_picked":["Cleave","Anger+1"],"picked":"Shrug It Off+1","floor":41},{"not_picked":["Cleave","True Grit+1"],"picked":"Shrug It Off+1","floor":42},{"not_picked":["Double Tap","Uppercut+1"],"picked":"Infernal Blade+1","floor":48}],"player_experience":25069,"relics_obtained":[{"floor":8,"key":"Orichalcum"},{"floor":9,"key":"Blood Vial"},{"floor":26,"key":"Bag of Marbles"},{"floor":28,"key":"Omamori"},{"floor":30,"key":"Ancient Tea Set"},{"floor":43,"key":"Pen Nib"}],"event_choices":[{"damage_healed":0,"gold_gain":0,"player_choice":"Ignored","damage_taken":0,"max_hp_gain":0,"max_hp_loss":0,"event_name":"Liars Game","floor":2,"gold_loss":0},{"damage_healed":0,"gold_gain":75,"player_choice":"Gather Gold","damage_taken":11,"max_hp_gain":0,"max_hp_loss":0,"event_name":"World of Goop","floor":3,"gold_loss":0},{"damage_healed":0,"gold_gain":0,"player_choice":"2 cards matched","damage_taken":0,"max_hp_gain":0,"max_hp_loss":0,"event_name":"Match and Keep!","floor":5,"gold_loss":0,"cards_obtained":["Bash","Anger"]},{"damage_healed":0,"gold_gain":0,"player_choice":"Searched \u00271\u0027 times","damage_taken":0,"relics_obtained":["Centennial Puzzle"],"max_hp_gain":0,"max_hp_loss":0,"event_name":"Dead Adventurer","floor":14,"gold_loss":0},{"damage_healed":0,"gold_gain":0,"player_choice":"Became a vampire (Vial)","damage_taken":0,"max_hp_gain":0,"max_hp_loss":0,"event_name":"Vampires","floor":19,"relics_lost":["Blood Vial"],"gold_loss":0,"cards_obtained":["Bite","Bite","Bite","Bite","Bite"]},{"damage_healed":0,"gold_gain":75,"player_choice":"Touch","damage_taken":8,"max_hp_gain":0,"max_hp_loss":0,"event_name":"FaceTrader","floor":21,"gold_loss":0},{"damage_healed":0,"gold_gain":0,"player_choice":"Ignored","damage_taken":0,"max_hp_gain":0,"max_hp_loss":0,"event_name":"Tomb of Lord Red Mask","floor":46,"gold_loss":0}],"is_beta":false,"boss_relics":[{"not_picked":["Busted Crown","Sozu"],"picked":"Mark of Pain"},{"not_picked":["Lizard Tail","Tiny House"],"picked":"Runic Cube"}],"items_purged_floors":[12,37,44],"is_endless":false,"potions_floor_spawned":[4,7,11,18,20,24,33,35,36,38],"killed_by":"Donu and Deca","ascension_level":1}