{"gold_per_floor":[115,115,40,40,40,74,74,74,127,46,46,70,70,70,70,70],"floor_reached":16,"playtime":104,"items_purged":["Strike_G"],"score":238,"play_id":"de340d1c-d935-4971-8d51-7eb0cfc39c69","local_time":"20190305215716","is_ascension_mode":true,"campfire_choices":[{"data":"Deadly Poison","floor":7,"key":"SMITH"},{"data":"Well Laid Plans","floor":13,"key":"SMITH"},{"floor":15,"key":"RECALL"}],"neow_cost":"NONE","seed_source_timestamp":38752715605147,"circlet_count":0,"master_deck":["AscendersBane","Defend_G","Defend_G+1","Defend_G","Defend_G","Defend_G+1","Strike_G","Strike_G","Survivor","Neutralize","Deadly Poison+1","Infinite Blades","Well Laid Plans+1"],"special_seed":0,"relics":["Ring of the Snake","NeowsBlessing","Bottled Flame","Omamori","Golden Idol"],"potions_floor_usage":[],"damage_taken":[{"damage":0.0,"enemies":"Small Slimes","floor":1.0,"turns":1.0},{"damage":0,"enemies":"Lagavulin","floor":6,"turns":1},{"damage":0,"enemies":"2 Louse","floor":12,"turns":1},{"damage":0,"enemies":"Slime Boss","floor":16,"turns":1}],"seed_played":"1493583398885197924","potions_obtained":[],"is_trial":false,"path_per_floor":["M","?","$","?","?","E","R","?","T","$","?","M","R","$","R","B"],"character_chosen":"THE_SILENT","items_purchased":["Well Laid Plans"],"campfire_rested":0,"item_purchase_floors":[10],"current_hp_per_floor":[59,59,59,52,57,57,57,36,36,36,36,36,36,36,36,36],"gold":70,"neow_bonus":"THREE_ENEMY_KILL","is_prod":false,"is_daily":false,"chose_seed":false,"campfire_upgraded":2,"win_rate":0,"timestamp":1551794236,"path_taken":["M","?","$","?","?","E","R","?","T","$","?","?","R","?","R","BOSS"],"build_version":"2019-01-23","purchased_purges":1,"victory":false,"max_hp_per_floor":[66,66,66,66,71,71,71,71,71,71,64,64,64,64,64,64],"card_choices":[{"not_picked":["Bane","Dodge and Roll"],"picked":"Deadly Poison","floor":1.0},{"not_picked":["Dagger Throw","Quick Slash"],"picked":"Infinite Blades","floor":6},{"not_picked":["Underhanded Strike","Concentrate","Slice"],"picked":"SKIP","floor":12}],"player_experience":3342240,"relics_obtained":[{"floor":6,"key":"Bottled Flame"},{"floor":9,"key":"Omamori"}],"event_choices":[{"cards_removed":["Strike_G"],"damage_healed":0,"gold_gain":0,"player_choice":"Forget","damage_taken":0,"max_hp_gain":0,"max_hp_loss":0,"event_name":"Living Wall","floor":2,"gold_loss":0},{"cards_removed":["Strike_G"],"damage_healed":0,"gold_gain":0,"player_choice":"Card Removal","damage_taken":7,"max_hp_gain":0,"max_hp_loss":0,"event_name":"Golden Wing","floor":4,"gold_loss":0},{"damage_healed":0,"gold_gain":0,"player_choice":"Donut","damage_taken":0,"max_hp_gain":5,"max_hp_loss":0,"event_name":"Big Fish","floor":5,"gold_loss":0},{"damage_healed":0,"gold_gain":0,"player_choice":"Entered Light","damage_taken":21,"max_hp_gain":0,"max_hp_loss":0,"event_name":"Shining Light","floor":8,"gold_loss":0,"cards_upgraded":["Defend_G","Defend_G"]},{"damage_healed":0,"gold_gain":0,"player_choice":"Lose Max HP","damage_taken":0,"relics_obtained":["Golden Idol"],"max_hp_gain":0,"max_hp_loss":7,"event_name":"Golden Idol","floor":11,"gold_loss":0}],"is_beta":false,"boss_relics":[],"items_purged_floors":[3],"is_endless":false,"potions_floor_spawned":[],"killed_by":"Slime Boss","ascension_level":20}