{"gold_per_floor":[119,44,55,55,75,75,106,106,130,163,195,207,280,307,319,402,414,440,466,478],"floor_reached":20,"playtime":597,"items_purged":[],"score":368,"play_id":"4d8c8d45-8bdf-464c-9596-263de9215a7c","local_time":"20190218174117","is_ascension_mode":true,"campfire_choices":[{"data":"Neutralize","floor":6.0,"key":"SMITH"},{"data":"Noxious Fumes","floor":8.0,"key":"SMITH"},{"data":"Deadly Poison","floor":12.0,"key":"SMITH"},{"data":"Reflex","floor":15,"key":"SMITH"}],"neow_cost":"NONE","seed_source_timestamp":34287653335668,"circlet_count":0,"master_deck":["AscendersBane","Defend_G","Defend_G","Defend_G","Defend_G","Strike_G+1","Strike_G+1","Survivor","Neutralize+1","Masterful Stab+1","Dagger Throw+1","Choke+1","Reflex+1","Noxious Fumes+1","Deadly Poison+1","Concentrate","Infinite Blades","Grand Finale","Prepared"],"special_seed":0,"relics":["Astrolabe","Whetstone","Oddly Smooth Stone","MawBank","Regal Pillow","Philosopher\u0027s Stone"],"potions_floor_usage":[13,18],"damage_taken":[{"damage":0.0,"enemies":"2 Louse","floor":1.0,"turns":1.0},{"damage":0.0,"enemies":"Jaw Worm","floor":3.0,"turns":2.0},{"damage":0.0,"enemies":"Cultist","floor":5.0,"turns":4.0},{"damage":19.0,"enemies":"3 Sentries","floor":7.0,"turns":10.0},{"damage":3.0,"enemies":"Lagavulin","floor":10.0,"turns":5.0},{"damage":0.0,"enemies":"Looter","floor":11.0,"turns":1.0},{"damage":6,"enemies":"Gremlin Nob","floor":13,"turns":3},{"damage":10,"enemies":"3 Louse","floor":14,"turns":3},{"damage":17,"enemies":"The Guardian","floor":16,"turns":9},{"damage":16,"enemies":"Chosen","floor":18,"turns":6},{"damage":16,"enemies":"Spheric Guardian","floor":19,"turns":4},{"damage":0,"enemies":"Cultist and Chosen","floor":20,"turns":1}],"seed_played":"6976769484164894921","potions_obtained":[{"floor":3.0,"key":"SmokeBomb"},{"floor":10.0,"key":"Poison Potion"},{"floor":11.0,"key":"GhostInAJar"},{"floor":14,"key":"Dexterity Potion"}],"is_trial":false,"path_per_floor":["M","?","M","$","M","R","E","R","T","E","M","R","?","M","R","B",null,"M","M","M"],"character_chosen":"THE_SILENT","items_purchased":[],"campfire_rested":0,"item_purchase_floors":[],"current_hp_per_floor":[59,59,59,59,59,59,40,40,40,37,37,37,31,21,21,4,51,35,19,19],"gold":478,"neow_bonus":"BOSS_RELIC","is_prod":false,"is_daily":false,"chose_seed":false,"campfire_upgraded":4,"win_rate":0,"timestamp":1550482877,"path_taken":["M","?","M","$","M","R","E","R","T","E","M","R","?","M","R","BOSS","M","M","M"],"build_version":"2019-01-23","purchased_purges":0,"victory":false,"max_hp_per_floor":[66,66,66,66,66,66,66,66,66,66,66,66,66,66,66,66,66,66,66,66],"card_choices":[{"not_picked":["Flying Knee","Poisoned Stab","Expertise"],"picked":"SKIP","floor":1.0},{"not_picked":["Flying Knee","Deflect"],"picked":"Reflex","floor":3.0},{"not_picked":["Dagger Throw","Prepared","Dodge and Roll"],"picked":"SKIP","floor":5.0},{"not_picked":["Bullet Time","Deadly Poison"],"picked":"Noxious Fumes","floor":7.0},{"not_picked":["Slice","Quick Slash","Blade Dance"],"picked":"SKIP","floor":10.0},{"not_picked":["Skewer","Backstab"],"picked":"Deadly Poison","floor":11.0},{"not_picked":["PiercingWail","Prepared"],"picked":"Concentrate","floor":13},{"not_picked":["Dagger Throw","Dodge and Roll"],"picked":"Infinite Blades","floor":14},{"not_picked":["Burst","Adrenaline"],"picked":"Grand Finale","floor":16},{"not_picked":["Dagger Throw+1","Terror","Cloak And Dagger"],"picked":"SKIP","floor":18},{"not_picked":["Skewer","Underhanded Strike"],"picked":"Prepared","floor":19}],"player_experience":2911980,"relics_obtained":[{"floor":7.0,"key":"Whetstone"},{"floor":9.0,"key":"Oddly Smooth Stone"},{"floor":10.0,"key":"MawBank"},{"floor":13,"key":"Regal Pillow"}],"event_choices":[{"cards_removed":["Strike_G"],"damage_healed":0.0,"max_hp_gain":0.0,"max_hp_loss":0.0,"gold_gain":0.0,"event_name":"The Cleric","player_choice":"Card Removal","floor":2.0,"gold_loss":75.0,"damage_taken":0.0},{"damage_healed":0,"gold_gain":0,"player_choice":"Searched \u00271\u0027 times","damage_taken":0,"max_hp_gain":0,"max_hp_loss":0,"event_name":"Dead Adventurer","floor":13,"gold_loss":0}],"is_beta":false,"boss_relics":[{"not_picked":["Black Star","Ectoplasm"],"picked":"Philosopher\u0027s Stone"}],"items_purged_floors":[],"is_endless":false,"potions_floor_spawned":[3,10,11,14],"killed_by":"Cultist and Chosen","ascension_level":20}