{"gold_per_floor":[117,137,154,79,90,90,90,90,90,90,90,105,119,149,149,226,226,241,241,252,352,352,352,365,365,665,683,683,683,717,736,736,811,811,829,571,583,602,190,190,217,97,97,108,143,143,155,189,189,189,189,189,189,49,77,77],"floor_reached":57,"playtime":2033,"items_purged":["Defend_G","Pain","Defend_G","Strike_G","Defend_G"],"score":3209,"play_id":"ffbfedb1-1e00-4c1c-a2ef-ddc3f1ce5a38","local_time":"20190103221252","is_ascension_mode":true,"campfire_choices":[{"data":"Neutralize","floor":6.0,"key":"SMITH"},{"data":"Tools of the Trade","floor":8.0,"key":"SMITH"},{"data":"Survivor","floor":11.0,"key":"SMITH"},{"data":"Bouncing Flask","floor":15.0,"key":"SMITH"},{"data":"Wraith Form v2","floor":23,"key":"SMITH"},{"data":"Malaise","floor":25,"key":"SMITH"},{"data":"Catalyst","floor":28,"key":"SMITH"},{"data":"Burst","floor":32,"key":"SMITH"},{"data":"Wraith Form v2","floor":40,"key":"SMITH"},{"floor":46,"key":"RECALL"},{"floor":49,"key":"DIG"},{"floor":53,"key":"DIG"}],"neow_cost":"NONE","seed_source_timestamp":34944895493453,"circlet_count":0,"master_deck":["AscendersBane","Defend_G","Defend_G","Strike_G","Survivor+1","Neutralize+1","Backstab","Tools of the Trade+1","Deadly Poison","Bouncing Flask+1","Corpse Explosion","Wraith Form v2+1","Finisher","Flying Knee","Malaise+1","Catalyst+1","Burst+1","Venomology","Wraith Form v2+1"],"special_seed":0,"relics":["Ring of the Snake","NeowsBlessing","Snake Skull","Singing Bowl","Bag of Preparation","Coffee Dripper","Turnip","The Courier","WarpedTongs","Old Coin","FaceOfCleric","Happy Flower","Runic Pyramid","Toy Ornithopter","Strange Spoon","Shovel","Du-Vu Doll","Sundial","The Specimen","Kunai","Ninja Scroll"],"potions_floor_usage":[30,30,33,33,37,37,38,38,41,41,41,44,45,47,48,50,51,55,56,56],"damage_taken":[{"damage":0.0,"enemies":"Small Slimes","floor":1.0,"turns":1.0},{"damage":0.0,"enemies":"Cultist","floor":2.0,"turns":1.0},{"damage":0.0,"enemies":"2 Louse","floor":3.0,"turns":1.0},{"damage":4.0,"enemies":"Red Slaver","floor":5.0,"turns":4.0},{"damage":14.0,"enemies":"Large Slime","floor":12.0,"turns":9.0},{"damage":9.0,"enemies":"Lots of Slimes","floor":13.0,"turns":5.0},{"damage":9.0,"enemies":"Lagavulin","floor":14.0,"turns":6.0},{"damage":10.0,"enemies":"The Guardian","floor":16.0,"turns":7.0},{"damage":12.0,"enemies":"2 Thieves","floor":18.0,"turns":4.0},{"damage":0.0,"enemies":"Spheric Guardian","floor":20.0,"turns":2.0},{"damage":11,"enemies":"Colosseum Slavers","floor":21,"turns":3},{"damage":0,"enemies":"Colosseum Nobs","floor":21,"turns":2},{"damage":6,"enemies":"Snake Plant","floor":24,"turns":5},{"damage":7,"enemies":"Shelled Parasite and Fungi","floor":27,"turns":6},{"damage":18,"enemies":"Slavers","floor":30,"turns":4},{"damage":2,"enemies":"Chosen and Byrds","floor":31,"turns":3},{"damage":2,"enemies":"Champ","floor":33,"turns":5},{"damage":10,"enemies":"Orb Walker","floor":35,"turns":3},{"damage":3,"enemies":"3 Darklings","floor":37,"turns":2},{"damage":0,"enemies":"Transient","floor":38,"turns":6},{"damage":0,"enemies":"Reptomancer","floor":41,"turns":6},{"damage":0,"enemies":"Maw","floor":44,"turns":3},{"damage":0,"enemies":"Nemesis","floor":45,"turns":5},{"damage":0,"enemies":"Spire Growth","floor":47,"turns":1},{"damage":0,"enemies":"Giant Head","floor":48,"turns":5},{"damage":1,"enemies":"Awakened One","floor":50,"turns":8},{"damage":0,"enemies":"Time Eater","floor":51,"turns":4},{"damage":2,"enemies":"Shield and Spear","floor":55,"turns":4},{"damage":81,"enemies":"The Heart","floor":56,"turns":7}],"seed_played":"-6225146905998032443","potions_obtained":[{"floor":3.0,"key":"LiquidBronze"},{"floor":14.0,"key":"EntropicBrew"},{"floor":31,"key":"Swift Potion"},{"floor":33,"key":"PowerPotion"},{"floor":47,"key":"Poison Potion"}],"is_trial":false,"path_per_floor":["M","M","M","$","M","R","?","R","T","?","R","M","M","E","R","B",null,"M","?","M","?","?","R","M","R","T","M","R","?","E","M","R","B",null,"M","$","M","M","$","R","E","$","T","M","E","R","M","E","R","B","B",null,"R","$","E","B",null],"character_chosen":"THE_SILENT","items_purchased":["Toy Ornithopter","Wraith Form v2","Strange Spoon"],"campfire_rested":0,"item_purchase_floors":[36,39,39],"current_hp_per_floor":[59,59,59,59,55,55,55,55,55,55,55,41,32,23,23,13,53,43,43,45,34,34,34,30,30,30,23,23,23,6,7,7,6,59,52,52,62,75,75,75,89,89,89,92,95,95,98,101,101,101,103,103,103,103,104,34],"gold":77,"neow_bonus":"THREE_ENEMY_KILL","is_prod":false,"is_daily":false,"chose_seed":false,"campfire_upgraded":9,"win_rate":0,"timestamp":1546524772,"path_taken":["M","M","M","$","M","R","?","R","T","?","R","M","M","E","R","BOSS","M","?","M","?","?","R","M","R","T","?","R","?","E","M","R","BOSS","M","$","M","M","$","R","E","$","T","M","E","R","M","E","R","BOSS","BOSS","R","$","E","BOSS"],"build_version":"2018-12-20","purchased_purges":5,"victory":true,"max_hp_per_floor":[66,66,66,66,66,66,66,66,66,66,66,66,66,66,66,66,66,68,68,70,70,70,70,72,72,72,72,72,72,73,76,76,77,77,80,80,83,86,86,86,89,89,89,92,95,95,98,101,101,102,103,103,103,103,106,107],"card_choices":[{"not_picked":["Prepared","Poisoned Stab"],"picked":"Backstab","floor":1.0},{"not_picked":["Quick Slash","Deflect","Dodge and Roll"],"picked":"SKIP","floor":2.0},{"not_picked":["Outmaneuver","Sucker Punch","Cloak And Dagger"],"picked":"SKIP","floor":3.0},{"not_picked":["Heel Hook","Quick Slash","Choke"],"picked":"SKIP","floor":5.0},{"not_picked":["Leg Sweep","All Out Attack"],"picked":"Deadly Poison","floor":12.0},{"not_picked":["Leg Sweep","Expertise"],"picked":"Bouncing Flask","floor":13.0},{"not_picked":["Underhanded Strike","Acrobatics"],"picked":"Corpse Explosion","floor":14.0},{"not_picked":["Doppelganger","Glass Knife"],"picked":"Wraith Form v2","floor":16.0},{"not_picked":["Outmaneuver+1","Bane","Dodge and Roll"],"picked":"Singing Bowl","floor":18.0},{"not_picked":["Deflect","Prepared","Quick Slash"],"picked":"Singing Bowl","floor":20.0},{"not_picked":["Leg Sweep","Acrobatics"],"picked":"Malaise","floor":21},{"not_picked":["Predator","Prepared","Dagger Throw"],"picked":"Singing Bowl","floor":24},{"not_picked":["Quick Slash","Slice"],"picked":"Catalyst","floor":27},{"not_picked":["Dodge and Roll+1","Leg Sweep"],"picked":"Burst","floor":30},{"not_picked":["Distraction","Deflect","Bane"],"picked":"Singing Bowl","floor":31},{"not_picked":["Bullet Time","Envenom"],"picked":"Venomology","floor":33},{"not_picked":["Outmaneuver+1","Dodge and Roll","Prepared"],"picked":"Singing Bowl","floor":35},{"not_picked":["Masterful Stab","Blur","Finisher+1"],"picked":"Singing Bowl","floor":37},{"not_picked":["Deflect","Poisoned Stab+1","Acrobatics"],"picked":"Singing Bowl","floor":38},{"not_picked":["Predator","Dash","Concentrate"],"picked":"Singing Bowl","floor":41},{"not_picked":["Dodge and Roll","Blur","Cloak And Dagger"],"picked":"Singing Bowl","floor":44},{"not_picked":["PiercingWail","Poisoned Stab","Dagger Throw"],"picked":"Singing Bowl","floor":45},{"not_picked":["PiercingWail","Outmaneuver","Underhanded Strike"],"picked":"Singing Bowl","floor":47},{"not_picked":["Bane","Unload","Masterful Stab"],"picked":"Singing Bowl","floor":48},{"not_picked":["Predator+1","Accuracy+1","PiercingWail"],"picked":"Singing Bowl","floor":55}],"player_experience":1707125,"relics_obtained":[{"floor":9.0,"key":"Snake Skull"},{"floor":14.0,"key":"Bag of Preparation"},{"floor":21,"key":"Turnip"},{"floor":21,"key":"The Courier"},{"floor":26,"key":"Old Coin"},{"floor":30,"key":"Happy Flower"},{"floor":41,"key":"Shovel"},{"floor":45,"key":"Du-Vu Doll"},{"floor":48,"key":"Sundial"},{"floor":49,"key":"The Specimen"},{"floor":53,"key":"Kunai"},{"floor":55,"key":"Ninja Scroll"}],"event_choices":[{"damage_healed":0.0,"max_hp_gain":0.0,"max_hp_loss":0.0,"gold_gain":0.0,"cards_transformed":["Strike_G"],"event_name":"Living Wall","player_choice":"Change","floor":7.0,"gold_loss":0.0,"damage_taken":0.0,"cards_obtained":["Tools of the Trade"]},{"damage_healed":0.0,"max_hp_gain":0.0,"max_hp_loss":0.0,"gold_gain":0.0,"event_name":"Dead Adventurer","player_choice":"Searched \u00271\u0027 times","floor":10.0,"gold_loss":0.0,"damage_taken":0.0,"relics_obtained":["Singing Bowl"]},{"damage_healed":0.0,"max_hp_gain":0.0,"max_hp_loss":0.0,"gold_gain":0.0,"cards_transformed":["Strike_G","Strike_G"],"event_name":"Drug Dealer","player_choice":"Became Test Subject","floor":19.0,"gold_loss":0.0,"damage_taken":0.0,"cards_obtained":["Finisher","Flying Knee"]},{"damage_healed":0,"gold_gain":0,"player_choice":"Fight","damage_taken":0,"max_hp_gain":0,"max_hp_loss":0,"event_name":"Colosseum","floor":21,"gold_loss":0},{"damage_healed":0,"gold_gain":0,"player_choice":"Fought Nobs","damage_taken":0,"max_hp_gain":0,"max_hp_loss":0,"event_name":"Colosseum","floor":21,"gold_loss":0},{"damage_healed":0,"gold_gain":0,"player_choice":"Rummage","damage_taken":0,"relics_obtained":["WarpedTongs"],"max_hp_gain":0,"max_hp_loss":0,"event_name":"Accursed Blacksmith","floor":22,"gold_loss":0,"cards_obtained":["Pain"]},{"damage_healed":0,"gold_gain":0,"player_choice":"Trade","damage_taken":0,"relics_obtained":["FaceOfCleric"],"max_hp_gain":0,"max_hp_loss":0,"event_name":"FaceTrader","floor":29,"gold_loss":0}],"is_beta":false,"boss_relics":[{"not_picked":["Lizard Tail","Orrery"],"picked":"Coffee Dripper"},{"not_picked":["Busted Crown","Velvet Choker"],"picked":"Runic Pyramid"}],"items_purged_floors":[4,36,39,42,54],"is_endless":false,"potions_floor_spawned":[3,14,16,20,27,31,33,41,45,47,48,55],"ascension_level":20}