{"gold_per_floor":[116,33,33,53,128,128,161,161,213,231,245,277,297,328,328,402,402,414,414,464,475,525,525,558,558,558,591,604,95,113,145,145,222,222,242,116,116,129,184,184,199,421,468,468,481,481,506,506,506,506,506,506,506,82,115,115],"floor_reached":57,"playtime":4311,"items_purged":["Strike_R","Parasite","Wild Strike+1"],"score":2872,"play_id":"95d7c0ed-9db7-4a00-bf57-b144f7c25334","local_time":"20190313000019","is_ascension_mode":true,"campfire_choices":[{"data":"Bash","floor":6.0,"key":"SMITH"},{"floor":8.0,"key":"REST"},{"data":"Flex","floor":15.0,"key":"SMITH"},{"data":"Fiend Fire","floor":23.0,"key":"SMITH"},{"data":"Offering","floor":25.0,"key":"SMITH"},{"data":"Chrysalis","floor":32.0,"key":"SMITH"},{"data":"Dual Wield","floor":40.0,"key":"SMITH"},{"data":"Pommel Strike","floor":44.0,"key":"SMITH"},{"data":"Forethought","floor":46.0,"key":"SMITH"},{"floor":49.0,"key":"RECALL"},{"data":"Havoc","floor":53,"key":"SMITH"}],"neow_cost":"PERCENT_DAMAGE","seed_source_timestamp":0,"circlet_count":0,"master_deck":["AscendersBane","Defend_R","Defend_R","Defend_R","Bash+1","Carnage+1","Flex+1","Offering+1","Havoc+1","Fiend Fire+1","True Grit+1","Dual Wield+1","Chrysalis+1","Dark Embrace+1","Barricade","Shrug It Off+1","Body Slam","Forethought+1","Pommel Strike+1","Seeing Red","Havoc+1","Parasite"],"special_seed":0,"relics":["Burning Blood","Incense Burner","Orichalcum","Blood Vial","Boot","Cursed Key","Red Mask","Meat on the Bone","Shuriken","Membership Card","Pocketwatch","Whetstone","Astrolabe","Mango","Sundial","TheAbacus","Red Skull","StoneCalendar","Strawberry"],"potions_floor_usage":[56,56],"damage_taken":[{"damage":21.0,"enemies":"Jaw Worm","floor":1.0,"turns":5.0},{"damage":0.0,"enemies":"2 Louse","floor":4.0,"turns":3.0},{"damage":8.0,"enemies":"Gremlin Nob","floor":7.0,"turns":3.0},{"damage":3.0,"enemies":"Small Slimes","floor":10.0,"turns":3.0},{"damage":5.0,"enemies":"Blue Slaver","floor":11.0,"turns":4.0},{"damage":18.0,"enemies":"3 Sentries","floor":12.0,"turns":7.0},{"damage":10.0,"enemies":"3 Louse","floor":13.0,"turns":7.0},{"damage":11.0,"enemies":"Gremlin Nob","floor":14.0,"turns":4.0},{"damage":37.0,"enemies":"The Guardian","floor":16.0,"turns":6.0},{"damage":18.0,"enemies":"3 Byrds","floor":18.0,"turns":4.0},{"damage":11.0,"enemies":"2 Thieves","floor":21.0,"turns":3.0},{"damage":23.0,"enemies":"Masked Bandits","floor":24.0,"turns":4.0},{"damage":6.0,"enemies":"Gremlin Leader","floor":27.0,"turns":2.0},{"damage":10.0,"enemies":"Snecko","floor":28.0,"turns":3.0},{"damage":23.0,"enemies":"Snake Plant","floor":30.0,"turns":4.0},{"damage":10.0,"enemies":"Book of Stabbing","floor":31.0,"turns":2.0},{"damage":6.0,"enemies":"Champ","floor":33.0,"turns":5.0},{"damage":7.0,"enemies":"3 Darklings","floor":35.0,"turns":2.0},{"damage":2.0,"enemies":"Orb Walker","floor":38.0,"turns":3.0},{"damage":22.0,"enemies":"2 Orb Walkers","floor":39.0,"turns":2.0},{"damage":6.0,"enemies":"Spire Growth","floor":41.0,"turns":3.0},{"damage":21.0,"enemies":"Transient","floor":45.0,"turns":6.0},{"damage":9.0,"enemies":"Reptomancer","floor":47.0,"turns":2.0},{"damage":25.0,"enemies":"Time Eater","floor":50.0,"turns":9.0},{"damage":50,"enemies":"Awakened One","floor":51,"turns":9},{"damage":10,"enemies":"Shield and Spear","floor":55,"turns":2},{"damage":69,"enemies":"The Heart","floor":56,"turns":6}],"seed_played":"4321486808695542208","potions_obtained":[{"floor":10.0,"key":"Weak Potion"},{"floor":11.0,"key":"SpeedPotion"},{"floor":14.0,"key":"Fire Potion"},{"floor":16.0,"key":"Strength Potion"},{"floor":27.0,"key":"PowerPotion"},{"floor":30.0,"key":"Explosive Potion"},{"floor":35.0,"key":"Ancient Potion"}],"is_trial":false,"path_per_floor":["M","$","?","M","?","R","E","R","T","M","M","E","M","E","R","B",null,"M","?","?","M","?","R","?","R","T","E","M","$","M","E","R","B",null,"M","$","?","M","?","R","M","?","T","R","M","R","E","?","R","B","B",null,"R","$","E","B",null],"character_chosen":"IRONCLAD","items_purchased":["Carnage","Membership Card","Chrysalis","Pocketwatch","Forethought","Pommel Strike","TheAbacus","Red Skull","StoneCalendar"],"campfire_rested":1,"item_purchase_floors":[2,29,29,29,36,36,54,54,54],"current_hp_per_floor":[35,35,35,41,30,30,28,50,50,53,54,42,40,37,37,8,58,48,48,48,45,45,45,30,30,30,44,54,54,51,49,49,51,69,74,74,74,76,74,74,76,76,76,76,63,63,62,62,62,57,27,74,74,74,79,30],"gold":115,"neow_bonus":"REMOVE_TWO","is_prod":false,"is_daily":false,"chose_seed":false,"campfire_upgraded":9,"win_rate":0,"timestamp":1552406419,"path_taken":["M","$","?","M","?","R","E","R","T","M","M","E","M","E","R","BOSS","M","?","?","?","?","R","?","R","T","E","M","$","M","E","R","BOSS","M","$","?","M","?","R","M","?","T","R","M","R","E","?","R","BOSS","BOSS","R","$","E","BOSS"],"build_version":"2019-01-23","purchased_purges":3,"victory":true,"max_hp_per_floor":[75,75,75,75,75,75,75,75,75,75,75,75,75,75,75,75,75,75,75,75,75,75,75,75,75,75,75,75,75,75,75,75,75,75,79,76,76,76,90,90,90,90,90,90,90,90,90,90,90,90,90,90,90,90,97,97],"card_choices":[{"not_picked":["Anger","Wild Strike","Dual Wield"],"picked":"SKIP","floor":1.0},{"not_picked":["Dual Wield","Feel No Pain","Fire Breathing"],"picked":"SKIP","floor":4.0},{"not_picked":["Sword Boomerang","Whirlwind","Anger"],"picked":"SKIP","floor":7.0},{"not_picked":["Hemokinesis","Fire Breathing"],"picked":"Flex","floor":10.0},{"not_picked":["Fire Breathing","Body Slam"],"picked":"Offering","floor":11.0},{"not_picked":["Blood for Blood","Clash"],"picked":"Havoc","floor":12.0},{"not_picked":["Combust","Heavy Blade","Wild Strike"],"picked":"SKIP","floor":13.0},{"not_picked":["Blood for Blood","Clash"],"picked":"Fiend Fire","floor":14.0},{"not_picked":["Armaments","Warcry","Clothesline"],"picked":"SKIP","floor":18.0},{"not_picked":["Flame Barrier","Reckless Charge"],"picked":"True Grit+1","floor":21.0},{"not_picked":["Uppercut","Dual Wield","Spot Weakness+1"],"picked":"SKIP","floor":27.0},{"not_picked":["Uppercut","Spot Weakness+1"],"picked":"Dual Wield","floor":27.0},{"not_picked":["Carnage+1","Heavy Blade","Sever Soul"],"picked":"SKIP","floor":28.0},{"not_picked":["Metallicize","Armaments","Headbutt"],"picked":"SKIP","floor":30.0},{"not_picked":["Metallicize","Armaments","Headbutt"],"picked":"SKIP","floor":30.0},{"not_picked":["Clothesline","Cleave+1"],"picked":"Dark Embrace","floor":31.0},{"not_picked":["Fiend Fire","Demon Form"],"picked":"Barricade","floor":33.0},{"not_picked":["Pummel+1","Clothesline+1"],"picked":"Body Slam","floor":35.0},{"not_picked":["Shrug It Off","Clash"],"picked":"Seeing Red","floor":38.0},{"not_picked":["Cleave","Shrug It Off"],"picked":"Havoc+1","floor":41.0},{"not_picked":["True Grit+1","Ghostly Armor","Corruption"],"picked":"SKIP","floor":45.0},{"not_picked":["Body Slam","Shockwave","Cleave+1"],"picked":"SKIP","floor":47.0},{"not_picked":["Immolate","Brutality","Pummel"],"picked":"SKIP","floor":55},{"not_picked":["Immolate","Brutality","Pummel"],"picked":"SKIP","floor":55}],"player_experience":3532561,"relics_obtained":[{"floor":7.0,"key":"Incense Burner"},{"floor":9.0,"key":"Orichalcum"},{"floor":12.0,"key":"Blood Vial"},{"floor":14.0,"key":"Boot"},{"floor":24.0,"key":"Red Mask"},{"floor":26.0,"key":"Meat on the Bone"},{"floor":27.0,"key":"Shuriken"},{"floor":31.0,"key":"Whetstone"},{"floor":39.0,"key":"Mango"},{"floor":47.0,"key":"Sundial"},{"floor":55,"key":"Strawberry"}],"event_choices":[{"damage_healed":0.0,"max_hp_gain":0.0,"max_hp_loss":0.0,"gold_gain":0.0,"event_name":"Living Wall","player_choice":"Grow","floor":3.0,"gold_loss":0.0,"damage_taken":0.0,"cards_upgraded":["Carnage"]},{"damage_healed":0.0,"max_hp_gain":0.0,"max_hp_loss":0.0,"gold_gain":75.0,"event_name":"World of Goop","player_choice":"Gather Gold","floor":5.0,"gold_loss":0.0,"damage_taken":11.0},{"damage_healed":0.0,"max_hp_gain":0.0,"max_hp_loss":0.0,"gold_gain":0.0,"event_name":"Cursed Tome","player_choice":"Ignored","floor":19.0,"gold_loss":0.0,"damage_taken":0.0},{"damage_healed":0.0,"max_hp_gain":0.0,"max_hp_loss":0.0,"gold_gain":100.0,"event_name":"The Joust","player_choice":"Bet on Murderer","floor":20.0,"gold_loss":50.0,"damage_taken":0.0},{"damage_healed":0.0,"max_hp_gain":0.0,"max_hp_loss":0.0,"gold_gain":50.0,"event_name":"Nest","player_choice":"Stole From Cult","floor":22.0,"gold_loss":0.0,"damage_taken":0.0},{"damage_healed":0.0,"max_hp_gain":0.0,"max_hp_loss":0.0,"gold_gain":0.0,"event_name":"Masked Bandits","player_choice":"Fought Bandits","floor":24.0,"gold_loss":0.0,"damage_taken":0.0},{"cards_removed":["Feed"],"damage_healed":0.0,"max_hp_gain":0.0,"max_hp_loss":0.0,"gold_gain":0.0,"event_name":"Falling","player_choice":"Removed Attack","floor":37.0,"gold_loss":0.0,"damage_taken":0.0},{"damage_healed":0.0,"max_hp_gain":0.0,"max_hp_loss":0.0,"gold_gain":0.0,"event_name":"Mysterious Sphere","player_choice":"Fight","floor":39.0,"gold_loss":0.0,"damage_taken":0.0},{"damage_healed":0.0,"max_hp_gain":0.0,"max_hp_loss":0.0,"gold_gain":222.0,"event_name":"Tomb of Lord Red Mask","player_choice":"Wore Mask","floor":42.0,"gold_loss":0.0,"damage_taken":0.0},{"damage_healed":0.0,"max_hp_gain":0.0,"max_hp_loss":0.0,"gold_gain":0.0,"event_name":"Upgrade Shrine","player_choice":"Upgraded","floor":48.0,"gold_loss":0.0,"damage_taken":0.0,"cards_upgraded":["Dark Embrace"]}],"is_beta":false,"boss_relics":[{"not_picked":["Busted Crown","Philosopher\u0027s Stone"],"picked":"Cursed Key"},{"not_picked":["Velvet Choker","Mark of Pain"],"picked":"Astrolabe"}],"items_purged_floors":[29,36,54],"is_endless":false,"potions_floor_spawned":[10,11,12,14,16,27,28,30,35,38,55],"ascension_level":20}