{"gold_per_floor":[361,210,227,302,320,320,350,350,350,380,380,395,395,408,408,508,508,521,533,533,533,413,413,431,443,493,528,126,126,138,138,138,242,242,259,59,0,12,32,32,32,65,65,99,115,146,146,158,158,158],"floor_reached":51,"playtime":2753,"items_purged":["Shame","Strike_G"],"score":1185,"play_id":"643426c7-eb34-4b31-9e55-fd25475a8bd0","local_time":"20190313145041","is_ascension_mode":true,"campfire_choices":[{"data":"Calculated Gamble","floor":6.0,"key":"SMITH"},{"data":"Neutralize","floor":8.0,"key":"SMITH"},{"data":"Concentrate","floor":11.0,"key":"SMITH"},{"data":"Backflip","floor":15.0,"key":"SMITH"},{"data":"Envenom","floor":23.0,"key":"SMITH"},{"data":"Cloak And Dagger","floor":29.0,"key":"SMITH"},{"data":"Terror","floor":32.0,"key":"SMITH"},{"data":"Wraith Form v2","floor":40.0,"key":"SMITH"},{"data":"Catalyst","floor":47.0,"key":"SMITH"},{"data":"Tactician","floor":49.0,"key":"SMITH"}],"neow_cost":"CURSE","seed_source_timestamp":148893802706477,"circlet_count":0,"master_deck":["AscendersBane","Defend_G","Defend_G","Defend_G","Defend_G","Defend_G","Strike_G","Strike_G","Survivor+1","Neutralize+1","Infinite Blades","Backflip+1","Escape Plan","Calculated Gamble+1","Acrobatics","Concentrate+1","Flechettes","Choke","Envenom+1","Cloak And Dagger+1","Cloak And Dagger+1","Noxious Fumes","Terror+1","Ghostly","Ghostly","Ghostly","Ghostly","Ghostly","Wraith Form v2+1","Tactician+1","Prepared+1","Catalyst+1","Bullet Time","Infinite Blades+1","Blade Dance+1","Finisher","Footwork"],"special_seed":0,"relics":["Ring of the Snake","Calipers","Question Card","Sundial","Coffee Dripper","Juzu Bracelet","Omamori","The Specimen","War Paint","Black Star","OrangePellets","Red Mask","Snake Skull","Anchor","Boot","Paper Crane","Meat on the Bone","Strawberry"],"potions_floor_usage":[50],"damage_taken":[{"damage":2.0,"enemies":"Small Slimes","floor":1.0,"turns":4.0},{"damage":2.0,"enemies":"Jaw Worm","floor":3.0,"turns":6.0},{"damage":0.0,"enemies":"Cultist","floor":5.0,"turns":4.0},{"damage":21.0,"enemies":"Lagavulin","floor":7.0,"turns":8.0},{"damage":9.0,"enemies":"3 Sentries","floor":10.0,"turns":9.0},{"damage":11.0,"enemies":"3 Louse","floor":12.0,"turns":6.0},{"damage":0.0,"enemies":"Large Slime","floor":14.0,"turns":8.0},{"damage":5.0,"enemies":"The Guardian","floor":16.0,"turns":13.0},{"damage":0.0,"enemies":"Shell Parasite","floor":18.0,"turns":6.0},{"damage":6.0,"enemies":"Chosen","floor":19.0,"turns":6.0},{"damage":19.0,"enemies":"Snake Plant","floor":24.0,"turns":7.0},{"damage":15.0,"enemies":"3 Cultists","floor":25.0,"turns":5.0},{"damage":5.0,"enemies":"Slavers","floor":27.0,"turns":8.0},{"damage":0.0,"enemies":"Centurion and Healer","floor":30.0,"turns":7.0},{"damage":6.0,"enemies":"Collector","floor":33.0,"turns":7.0},{"damage":2.0,"enemies":"Orb Walker","floor":35.0,"turns":6.0},{"damage":0.0,"enemies":"3 Darklings","floor":38.0,"turns":6.0},{"damage":10.0,"enemies":"Sphere and 2 Shapes","floor":39.0,"turns":12.0},{"damage":3.0,"enemies":"Nemesis","floor":42.0,"turns":9.0},{"damage":6.0,"enemies":"Giant Head","floor":44.0,"turns":11.0},{"damage":1.0,"enemies":"Spire Growth","floor":45.0,"turns":7.0},{"damage":4.0,"enemies":"Nemesis","floor":46.0,"turns":7.0},{"damage":1.0,"enemies":"Jaw Worm Horde","floor":48.0,"turns":5.0},{"damage":16,"enemies":"Donu and Deca","floor":50,"turns":9}],"seed_played":"-2823752474738439612","potions_obtained":[{"floor":5.0,"key":"Fire Potion"},{"floor":7.0,"key":"Fire Potion"},{"floor":13.0,"key":"Explosive Potion"},{"floor":13.0,"key":"Fire Potion"},{"floor":13.0,"key":"GamblersBrew"},{"floor":14.0,"key":"FearPotion"},{"floor":16.0,"key":"Fire Potion"},{"floor":19.0,"key":"Fire Potion"},{"floor":24.0,"key":"Swift Potion"},{"floor":27.0,"key":"Poison Potion"},{"floor":30.0,"key":"Poison Potion"},{"floor":35.0,"key":"SteroidPotion"},{"floor":45.0,"key":"Strength Potion"},{"floor":46.0,"key":"PowerPotion"}],"is_trial":false,"path_per_floor":["M","$","M","?","M","R","E","R","T","E","R","M","?","M","R","B",null,"M","M","?","?","?","R","M","M","T","E","$","R","M","?","R","B",null,"M","$","?","M","M","R","?","E","T","E","M","E","R","M","R","B",null],"character_chosen":"THE_SILENT","items_purchased":["Backflip","Strength Potion","Cloak And Dagger","Noxious Fumes","War Paint","SkillPotion","OrangePellets"],"campfire_rested":0,"item_purchase_floors":[2,2,28,28,28,28,36],"current_hp_per_floor":[61,61,59,48,48,48,27,27,27,18,18,7,7,7,7,2,53,53,47,47,47,47,47,28,13,13,8,8,8,8,8,8,2,27,25,25,25,25,15,15,15,12,12,6,5,8,8,19,19,15],"gold":158,"neow_bonus":"TWO_FIFTY_GOLD","is_prod":false,"is_daily":false,"chose_seed":false,"campfire_upgraded":10,"win_rate":0,"timestamp":1552456241,"path_taken":["M","$","M","?","M","R","E","R","T","E","R","M","?","M","R","BOSS","M","M","?","?","?","R","M","M","T","E","$","R","M","?","R","BOSS","M","$","?","M","M","R","?","E","T","E","M","E","R","M","R","BOSS"],"build_version":"2019-01-23","purchased_purges":2,"victory":true,"max_hp_per_floor":[70,70,70,70,70,70,70,70,70,70,70,70,70,70,70,70,70,70,70,70,70,70,70,70,70,70,70,70,70,70,35,35,35,35,35,35,35,35,35,35,35,35,35,35,35,42,42,42,42,42],"card_choices":[{"not_picked":["Flying Knee","Outmaneuver"],"picked":"Infinite Blades","floor":1.0},{"not_picked":["Dagger Throw","Dagger Spray"],"picked":"Escape Plan","floor":3.0},{"not_picked":["Dash","Outmaneuver"],"picked":"Calculated Gamble","floor":5.0},{"not_picked":["Masterful Stab","Accuracy"],"picked":"Acrobatics","floor":7.0},{"not_picked":["Predator","Unload","Poisoned Stab"],"picked":"Concentrate","floor":10.0},{"not_picked":["Outmaneuver","Acrobatics","Dodge and Roll"],"picked":"Flechettes","floor":12.0},{"not_picked":["Acrobatics","Backflip","Deflect"],"picked":"Choke","floor":14.0},{"not_picked":["Storm of Steel","Bullet Time","Tools of the Trade"],"picked":"Envenom","floor":16.0},{"not_picked":["Blur+1","Acrobatics","Catalyst+1"],"picked":"Cloak And Dagger","floor":18.0},{"not_picked":["Outmaneuver+1","Slice","Deflect+1","Dagger Throw"],"picked":"SKIP","floor":19.0},{"not_picked":["Bane+1","Infinite Blades","Deadly Poison","Dodge and Roll"],"picked":"SKIP","floor":24.0},{"not_picked":["Dagger Throw+1","Underhanded Strike","Poisoned Stab+1","Bane"],"picked":"SKIP","floor":25.0},{"not_picked":["Envenom","Flying Knee","Endless Agony","Slice"],"picked":"SKIP","floor":27.0},{"not_picked":["Acrobatics","Underhanded Strike","Deadly Poison"],"picked":"Terror","floor":30.0},{"not_picked":["Die Die Die","Adrenaline","Bullet Time"],"picked":"Wraith Form v2","floor":33.0},{"not_picked":["Poisoned Stab","Slice","PiercingWail","Underhanded Strike"],"picked":"SKIP","floor":35.0},{"not_picked":["Flying Knee+1","Cloak And Dagger+1","Deadly Poison+1"],"picked":"Tactician","floor":38.0},{"not_picked":["Accuracy","PiercingWail","Quick Slash"],"picked":"Prepared+1","floor":39.0},{"not_picked":["Caltrops+1","Flying Knee+1","Infinite Blades+1"],"picked":"Bullet Time","floor":42.0},{"not_picked":["Finisher","Expertise","Phantasmal Killer"],"picked":"Infinite Blades+1","floor":44.0},{"not_picked":["Accuracy","Slice","Reflex"],"picked":"Blade Dance+1","floor":45.0},{"not_picked":["Prepared","Caltrops+1","Sucker Punch"],"picked":"Finisher","floor":46.0},{"not_picked":["Expertise","Escape Plan+1","Deadly Poison"],"picked":"Footwork","floor":48.0}],"player_experience":72041,"relics_obtained":[{"floor":7.0,"key":"Calipers"},{"floor":9.0,"key":"Question Card"},{"floor":10.0,"key":"Sundial"},{"floor":26.0,"key":"Omamori"},{"floor":27.0,"key":"The Specimen"},{"floor":42.0,"key":"Snake Skull"},{"floor":42.0,"key":"Anchor"},{"floor":44.0,"key":"Boot"},{"floor":44.0,"key":"Paper Crane"},{"floor":46.0,"key":"Meat on the Bone"},{"floor":46.0,"key":"Strawberry"}],"event_choices":[{"damage_healed":0.0,"max_hp_gain":0.0,"max_hp_loss":0.0,"gold_gain":75.0,"event_name":"World of Goop","player_choice":"Gather Gold","floor":4.0,"gold_loss":0.0,"damage_taken":11.0},{"damage_healed":0.0,"max_hp_gain":0.0,"max_hp_loss":0.0,"gold_gain":0.0,"event_name":"Lab","player_choice":"Got Potions","floor":13.0,"gold_loss":0.0,"damage_taken":0.0},{"cards_removed":["Strike_G"],"damage_healed":0.0,"max_hp_gain":0.0,"max_hp_loss":0.0,"gold_gain":0.0,"event_name":"Back to Basics","player_choice":"Elegance","floor":20.0,"gold_loss":0.0,"damage_taken":0.0},{"damage_healed":0.0,"max_hp_gain":0.0,"max_hp_loss":0.0,"gold_gain":0.0,"event_name":"Cursed Tome","player_choice":"Ignored","floor":21.0,"gold_loss":0.0,"damage_taken":0.0},{"damage_healed":0.0,"max_hp_gain":0.0,"max_hp_loss":0.0,"gold_gain":0.0,"event_name":"WeMeetAgain","player_choice":"Paid Gold","floor":22.0,"gold_loss":120.0,"damage_taken":0.0,"relics_obtained":["Juzu Bracelet"]},{"damage_healed":0.0,"max_hp_gain":0.0,"max_hp_loss":35.0,"gold_gain":0.0,"event_name":"Ghosts","player_choice":"Became a Ghost","floor":31.0,"gold_loss":0.0,"damage_taken":0.0,"cards_obtained":["Ghostly","Ghostly","Ghostly","Ghostly","Ghostly"]},{"damage_healed":0.0,"max_hp_gain":0.0,"max_hp_loss":0.0,"gold_gain":0.0,"event_name":"Tomb of Lord Red Mask","player_choice":"Paid","floor":37.0,"gold_loss":59.0,"damage_taken":0.0,"relics_obtained":["Red Mask"]},{"damage_healed":0.0,"max_hp_gain":0.0,"max_hp_loss":0.0,"gold_gain":0.0,"cards_transformed":["Strike_G"],"event_name":"Transmorgrifier","player_choice":"Transformed","floor":41.0,"gold_loss":0.0,"damage_taken":0.0,"cards_obtained":["Catalyst"]}],"is_beta":false,"boss_relics":[{"not_picked":["Ectoplasm","Eternal Feather"],"picked":"Coffee Dripper"},{"not_picked":["Velvet Choker","Runic Pyramid"],"picked":"Black Star"}],"items_purged_floors":[2,28],"is_endless":false,"potions_floor_spawned":[5,7,14,16,19,24,27,30,35,45,46],"ascension_level":10}