{"gold_per_floor":[110,34,54,54,66,95,106,106,106,135,153,24,56,56],"floor_reached":14,"playtime":505,"items_purged":["Strike_B"],"score":270,"play_id":"8629cb87-f849-4a8f-af78-a9210aec1174","local_time":"20190217231349","is_ascension_mode":true,"campfire_choices":[{"data":"Consume","floor":8.0,"key":"SMITH"}],"neow_cost":"NONE","seed_source_timestamp":0,"circlet_count":0,"master_deck":["AscendersBane","Strike_B+1","Strike_B+1","Defend_B","Defend_B","Defend_B","Defend_B","Zap","Dualcast","Recycle","Coolheaded","Sweeping Beam","Consume+1","Skim","BootSequence","Reinforced Body","Beam Cell","Cold Snap","Sunder","Turbo"],"special_seed":0,"relics":["Coffee Dripper","Whetstone","Matryoshka","The Courier"],"potions_floor_usage":[13,13],"damage_taken":[{"damage":1.0,"enemies":"Cultist","floor":1.0,"turns":4.0},{"damage":8.0,"enemies":"2 Louse","floor":3.0,"turns":3.0},{"damage":7.0,"enemies":"Small Slimes","floor":5.0,"turns":3.0},{"damage":13.0,"enemies":"Lagavulin","floor":6.0,"turns":8.0},{"damage":14.0,"enemies":"Exordium Wildlife","floor":7.0,"turns":5.0},{"damage":20.0,"enemies":"3 Sentries","floor":10.0,"turns":7.0},{"damage":0.0,"enemies":"Blue Slaver","floor":11.0,"turns":4.0},{"damage":0,"enemies":"Gremlin Nob","floor":13,"turns":3},{"damage":7,"enemies":"Large Slime","floor":14,"turns":2}],"seed_played":"-5542441897403073485","potions_obtained":[{"floor":3.0,"key":"Energy Potion"},{"floor":6.0,"key":"SpeedPotion"},{"floor":10.0,"key":"GamblersBrew"},{"floor":11.0,"key":"Poison Potion"}],"is_trial":false,"path_per_floor":["M","$","M","?","M","E","M","R","T","E","M","$","E","M"],"character_chosen":"DEFECT","items_purchased":["Coolheaded","Sweeping Beam","Sunder"],"campfire_rested":0,"item_purchase_floors":[2,2,12],"current_hp_per_floor":[63,63,55,55,48,35,21,21,21,1,1,1,1,0],"gold":56,"neow_bonus":"BOSS_RELIC","is_prod":false,"is_daily":false,"chose_seed":false,"campfire_upgraded":1,"win_rate":0,"timestamp":1550416429,"path_taken":["M","$","M","?","M","E","M","R","T","E","M","?","E","M"],"build_version":"2019-01-23","purchased_purges":1,"victory":false,"max_hp_per_floor":[71,71,71,71,71,71,71,71,71,71,71,71,71,71],"card_choices":[{"not_picked":["Sweeping Beam","Rebound"],"picked":"Recycle","floor":1.0},{"not_picked":["Gash","Conserve Battery"],"picked":"Consume","floor":3.0},{"not_picked":["Compile Driver","Coolheaded"],"picked":"BootSequence","floor":5.0},{"not_picked":["Cold Snap","Gash"],"picked":"Reinforced Body","floor":6.0},{"not_picked":["Reinforced Body","Chill"],"picked":"Beam Cell","floor":7.0},{"not_picked":["Aggregate","BootSequence"],"picked":"Cold Snap","floor":10.0},{"not_picked":["Rebound","Hyperbeam","Reprogram"],"picked":"SKIP","floor":11.0},{"not_picked":["Conserve Battery","Compile Driver"],"picked":"Turbo","floor":13}],"player_experience":805461,"relics_obtained":[{"floor":6.0,"key":"Whetstone"},{"floor":9.0,"key":"Matryoshka"},{"floor":10.0,"key":"The Courier"}],"event_choices":[{"damage_healed":0.0,"max_hp_gain":0.0,"max_hp_loss":0.0,"gold_gain":0.0,"cards_transformed":["Strike_B"],"event_name":"Transmorgrifier","player_choice":"Transformed","floor":4.0,"gold_loss":0.0,"damage_taken":0.0,"cards_obtained":["Skim"]}],"is_beta":false,"boss_relics":[],"items_purged_floors":[12],"is_endless":false,"potions_floor_spawned":[3,6,10,11],"killed_by":"Large Slime","ascension_level":20}