{"gold_per_floor":[110,120,120,38,38,68,80,80,103,115,55,71,102,122,122,193,193,163,176,176,4,4,4,4,37,62,62],"floor_reached":27,"playtime":808,"items_purged":["Defend_R","Defend_R"],"score":446,"play_id":"7e94575c-4d14-45cb-b19b-00f315e05428","local_time":"20180923145124","is_ascension_mode":true,"campfire_choices":[{"data":"Inflame","floor":8.0,"key":"SMITH"},{"data":"Disarm","floor":15.0,"key":"SMITH"},{"data":"Armaments","floor":23,"key":"SMITH"}],"neow_cost":"NONE","seed_source_timestamp":180661165645948,"circlet_count":0,"master_deck":["Strike_R","Strike_R","Strike_R","Defend_R","Defend_R+1","Bash","AscendersBane","Offering","Battle Trance+1","Inflame+1","Feel No Pain","Metallicize","Flex","Armaments+1","Shrug It Off","Thunderclap","Disarm+1","Flame Barrier","Double Tap","Heavy Blade+1","Discovery"],"special_seed":0,"relics":["Burning Blood","Red Skull","The Courier","War Paint","Incense Burner","White Beast Statue","Art of War","Happy Flower"],"potions_floor_usage":[25],"damage_taken":[{"damage":16.0,"enemies":"Small Slimes","floor":1.0,"turns":3.0},{"damage":7.0,"enemies":"Cultist","floor":2.0,"turns":3.0},{"damage":11.0,"enemies":"3 Sentries","floor":6.0,"turns":6.0},{"damage":4.0,"enemies":"2 Louse","floor":7.0,"turns":3.0},{"damage":6.0,"enemies":"Blue Slaver","floor":10.0,"turns":2.0},{"damage":6.0,"enemies":"Exordium Wildlife","floor":12.0,"turns":3.0},{"damage":18.0,"enemies":"Lagavulin","floor":13.0,"turns":6.0},{"damage":4.0,"enemies":"Gremlin Gang","floor":14.0,"turns":3.0},{"damage":6.0,"enemies":"Hexaghost","floor":16.0,"turns":10.0},{"damage":26,"enemies":"2 Thieves","floor":18,"turns":4},{"damage":12,"enemies":"Chosen","floor":19,"turns":3},{"damage":14,"enemies":"Book of Stabbing","floor":25,"turns":5},{"damage":26,"enemies":"Slavers","floor":27,"turns":1}],"seed_played":"-6510946360698648447","potions_obtained":[{"floor":2.0,"key":"Energy Potion"},{"floor":6.0,"key":"Fire Potion"},{"floor":7.0,"key":"SteroidPotion"},{"floor":18,"key":"BloodPotion"},{"floor":19,"key":"Ancient Potion"},{"floor":25,"key":"Poison Potion"}],"is_trial":false,"path_per_floor":["M","M","?","$","?","E","M","R","T","M","$","M","E","M","R","B",null,"M","M","?","$","?","R","?","E","T"],"character_chosen":"IRONCLAD","items_purchased":["Metallicize","Discovery"],"campfire_rested":0,"item_purchase_floors":[4,21],"current_hp_per_floor":[58,57,57,57,39,34,36,36,36,36,36,36,24,26,26,26,63,43,37,37,37,37,37,26,25,25,0],"gold":62,"neow_bonus":"ONE_RANDOM_RARE_CARD","is_prod":false,"is_daily":false,"chose_seed":false,"campfire_upgraded":3,"win_rate":0,"timestamp":1537685484,"path_taken":["M","M","?","$","?","E","M","R","T","M","$","M","E","?","R","BOSS","M","?","?","$","?","R","?","E","T","E"],"build_version":"2018-09-20","purchased_purges":2,"victory":false,"max_hp_per_floor":[75,75,75,75,75,75,75,75,75,75,75,75,75,75,75,75,75,75,75,75,75,75,75,75,75,75,75],"card_choices":[{"not_picked":["Headbutt","Clothesline"],"picked":"Battle Trance","floor":1.0},{"not_picked":["Pommel Strike","Seeing Red"],"picked":"Inflame","floor":2.0},{"not_picked":["Havoc","Pommel Strike"],"picked":"Flex","floor":6.0},{"not_picked":["Seeing Red","Perfected Strike"],"picked":"Armaments","floor":7.0},{"not_picked":["Armaments","Havoc"],"picked":"Shrug It Off","floor":10.0},{"not_picked":["Warcry","Wild Strike"],"picked":"Thunderclap","floor":12.0},{"not_picked":["Flame Barrier","Carnage"],"picked":"Disarm","floor":13.0},{"not_picked":["Intimidate","Entrench"],"picked":"Flame Barrier","floor":14.0},{"not_picked":["Dark Embrace","Exhume"],"picked":"Double Tap","floor":16.0},{"not_picked":["Second Wind","True Grit"],"picked":"Heavy Blade+1","floor":18},{"not_picked":["Disarm","Entrench","Carnage"],"picked":"SKIP","floor":19},{"not_picked":["Pommel Strike","Anger","Body Slam"],"picked":"SKIP","floor":25}],"player_experience":101993,"relics_obtained":[{"floor":6.0,"key":"The Courier"},{"floor":9.0,"key":"War Paint"},{"floor":13.0,"key":"Incense Burner"},{"floor":25,"key":"Art of War"},{"floor":26,"key":"Happy Flower"}],"event_choices":[{"event_name":"Transmorgrifier","player_choice":"Transform","floor":3.0,"damage_taken":0.0},{"event_name":"Scrap Ooze","player_choice":"success","floor":5.0,"damage_taken":18.0},{"event_name":"Back to Basics","player_choice":"Elegance","floor":20,"damage_taken":0},{"event_name":"Beggar","player_choice":"Ignored","floor":22,"damage_taken":0},{"event_name":"Wheel of Change","player_choice":"Damage","floor":24,"damage_taken":0}],"is_beta":false,"boss_relics":[{"not_picked":["Orrery","Runic Cube"],"picked":"White Beast Statue"}],"items_purged_floors":[11,21],"is_endless":false,"potions_floor_spawned":[2,6,7,12,18,19,25],"killed_by":"Slavers","ascension_level":17}