{"gold_per_floor":[112,37,37,53,63,63,91,91,91,16,16,16,30,87,87,164,164,184,204,23,23,23,23,43,73,97,111,111,142,155,181,181,260,260,278,278,278,297,310,310,341,361,361,375,375,375,407,418,418,418,418,418,418,46,80,80],"floor_reached":57,"playtime":4501,"items_purged":["Strike_B","Strike_B","Steam Power"],"score":3160,"play_id":"4aa4c573-351f-4b6f-b166-ef3a2d541af0","local_time":"20190511004703","is_ascension_mode":true,"campfire_choices":[{"data":"Dualcast","floor":6.0,"key":"SMITH"},{"data":"Coolheaded","floor":8.0,"key":"SMITH"},{"data":"Zap","floor":12.0,"key":"SMITH"},{"data":"Fission","floor":15.0,"key":"SMITH"},{"data":"Defragment","floor":23.0,"key":"SMITH"},{"data":"Fusion","floor":28.0,"key":"SMITH"},{"data":"Hologram","floor":32.0,"key":"SMITH"},{"data":"Skim","floor":40.0,"key":"SMITH"},{"data":"Recycle","floor":45.0,"key":"SMITH"},{"floor":49.0,"key":"RECALL"},{"data":"Recycle","floor":53.0,"key":"SMITH"}],"neow_cost":"NONE","seed_source_timestamp":11003136734071,"circlet_count":0,"master_deck":["AscendersBane","Zap+1","Dualcast+1","Self Repair","White Noise","Ball Lightning+1","Coolheaded+1","Fission+1","Electrodynamics","Hologram+1","Fusion+1","Defragment+1","Skim+1","Coolheaded+1","Undo","Creative AI","Amplify","Rip and Tear","Recycle+1","Compile Driver","AscendersBane","Buffer","Glacier","Loop+1","Recycle+1","Defragment","Reboot"],"special_seed":0,"relics":["Cracked Core","NeowsBlessing","Vajra","Tiny Chest","Nuclear Battery","Symbiotic Virus","Bag of Preparation","Ancient Tea Set","Gremlin Horn","Pandora\u0027s Box","Ginger","Lantern","FossilizedHelix","Anchor","Art of War"],"potions_floor_usage":[56],"damage_taken":[{"damage":0.0,"enemies":"2 Louse","floor":1.0,"turns":1.0},{"damage":0.0,"enemies":"Small Slimes","floor":4.0,"turns":1.0},{"damage":0.0,"enemies":"Cultist","floor":5.0,"turns":1.0},{"damage":48.0,"enemies":"Gremlin Nob","floor":7.0,"turns":4.0},{"damage":6.0,"enemies":"Blue Slaver","floor":13.0,"turns":3.0},{"damage":24.0,"enemies":"3 Sentries","floor":14.0,"turns":8.0},{"damage":7.0,"enemies":"The Guardian","floor":16.0,"turns":11.0},{"damage":8.0,"enemies":"2 Thieves","floor":18.0,"turns":3.0},{"damage":13.0,"enemies":"Shell Parasite","floor":19.0,"turns":4.0},{"damage":0.0,"enemies":"3 Cultists","floor":24.0,"turns":2.0},{"damage":0.0,"enemies":"Slavers","floor":25.0,"turns":2.0},{"damage":6.0,"enemies":"Centurion and Healer","floor":27.0,"turns":2.0},{"damage":10.0,"enemies":"Book of Stabbing","floor":29.0,"turns":4.0},{"damage":11.0,"enemies":"Snake Plant","floor":30.0,"turns":2.0},{"damage":0.0,"enemies":"Slavers","floor":31.0,"turns":2.0},{"damage":31.0,"enemies":"Collector","floor":33.0,"turns":9.0},{"damage":0.0,"enemies":"3 Shapes","floor":35.0,"turns":2.0},{"damage":0.0,"enemies":"Orb Walker","floor":38.0,"turns":2.0},{"damage":0.0,"enemies":"Jaw Worm Horde","floor":39.0,"turns":1.0},{"damage":0.0,"enemies":"Reptomancer","floor":41.0,"turns":5.0},{"damage":0.0,"enemies":"Sphere and 2 Shapes","floor":42.0,"turns":1.0},{"damage":0.0,"enemies":"3 Darklings","floor":44.0,"turns":2.0},{"damage":0.0,"enemies":"Nemesis","floor":47.0,"turns":9.0},{"damage":0.0,"enemies":"Transient","floor":48.0,"turns":6.0},{"damage":12.0,"enemies":"Time Eater","floor":50.0,"turns":14.0},{"damage":0.0,"enemies":"Awakened One","floor":51.0,"turns":10.0},{"damage":0,"enemies":"Shield and Spear","floor":55,"turns":6},{"damage":0,"enemies":"The Heart","floor":56,"turns":9}],"seed_played":"-7617288401895969314","potions_obtained":[{"floor":1.0,"key":"Regen Potion"},{"floor":13.0,"key":"LiquidBronze"},{"floor":18.0,"key":"FairyPotion"},{"floor":27.0,"key":"PowerPotion"},{"floor":30.0,"key":"Block Potion"}],"is_trial":false,"path_per_floor":["M","?","?","M","M","R","E","R","T","$","?","R","M","E","R","B",null,"M","M","$","?","?","R","M","E","T","M","R","E","M","E","R","B",null,"M","?","?","M","M","R","E","M","T","M","R","?","E","M","R","B","B",null,"R","$","E","B",null],"character_chosen":"DEFECT","items_purchased":["Defragment","GamblersBrew","Anchor"],"campfire_rested":0,"item_purchase_floors":[20,54,54],"current_hp_per_floor":[64,64,64,71,71,71,30,30,30,30,9,9,10,8,8,8,55,54,48,48,48,48,48,55,55,55,56,56,53,49,49,49,25,60,71,71,71,71,71,71,71,71,71,71,71,67,67,67,67,67,67,67,67,67,67,67],"gold":80,"neow_bonus":"THREE_ENEMY_KILL","is_prod":false,"is_daily":false,"chose_seed":false,"campfire_upgraded":10,"win_rate":0,"timestamp":1557506823,"path_taken":["M","?","?","?","M","R","E","R","T","$","?","R","M","E","R","BOSS","M","M","$","?","?","R","M","E","T","M","R","E","M","E","R","BOSS","BOSS","M","?","?","?","M","R","E","M","T","M","R","?","E","M","R","BOSS","BOSS","R","$","E","BOSS"],"build_version":"2019-01-23","purchased_purges":3,"victory":true,"max_hp_per_floor":[71,71,71,71,71,71,71,71,71,71,71,71,71,71,71,71,71,71,71,71,71,71,71,71,71,71,71,71,71,71,71,71,71,71,71,71,71,71,71,71,71,71,71,71,71,67,67,67,67,67,67,67,67,67,67,67],"card_choices":[{"not_picked":["Leap","Coolheaded"],"picked":"Self Repair","floor":1.0},{"not_picked":["Turbo","Steam"],"picked":"White Noise","floor":4.0},{"not_picked":["Genetic Algorithm","Leap"],"picked":"Ball Lightning","floor":5.0},{"not_picked":["Double Energy","Turbo"],"picked":"Coolheaded","floor":7.0},{"not_picked":["Ball Lightning","Sweeping Beam","Barrage"],"picked":"SKIP","floor":13.0},{"not_picked":["Barrage","Reboot"],"picked":"Fission","floor":14.0},{"not_picked":["Reboot","Machine Learning"],"picked":"Electrodynamics","floor":16.0},{"not_picked":["Steam Power","Go for the Eyes"],"picked":"Hologram","floor":18.0},{"not_picked":["Ball Lightning","Darkness"],"picked":"Fusion","floor":19.0},{"not_picked":["Conserve Battery","Turbo"],"picked":"Coolheaded+1","floor":24.0},{"not_picked":["Ball Lightning","Beam Cell","Stack"],"picked":"SKIP","floor":25.0},{"not_picked":["Conserve Battery","Streamline","Force Field"],"picked":"SKIP","floor":27.0},{"not_picked":["Barrage","Ball Lightning"],"picked":"Undo","floor":29.0},{"not_picked":["Sweeping Beam","Static Discharge"],"picked":"Creative AI","floor":30.0},{"not_picked":["Doom and Gloom","Compile Driver","Scrape+1"],"picked":"SKIP","floor":31.0},{"not_picked":["Multi-Cast","Buffer"],"picked":"Amplify","floor":33.0},{"not_picked":["Chaos","Ball Lightning","Sweeping Beam"],"picked":"SKIP","floor":35.0},{"not_picked":["Coolheaded","Conserve Battery","Cold Snap"],"picked":"SKIP","floor":38.0},{"not_picked":["Hologram","Melter","Coolheaded"],"picked":"SKIP","floor":39.0},{"not_picked":["Reprogram","Ball Lightning"],"picked":"Buffer","floor":41.0},{"not_picked":["Steam","Sweeping Beam"],"picked":"Glacier","floor":42.0},{"not_picked":["Turbo","Hologram"],"picked":"Loop+1","floor":44.0},{"not_picked":["Redo+1","Go for the Eyes"],"picked":"Recycle","floor":47.0},{"not_picked":["Leap","Genetic Algorithm+1"],"picked":"Defragment","floor":48.0},{"not_picked":["Reprogram","Coolheaded"],"picked":"Reboot","floor":55}],"player_experience":4677451,"relics_obtained":[{"floor":7.0,"key":"Vajra"},{"floor":14.0,"key":"Tiny Chest"},{"floor":25.0,"key":"Symbiotic Virus"},{"floor":26.0,"key":"Bag of Preparation"},{"floor":29.0,"key":"Ancient Tea Set"},{"floor":31.0,"key":"Gremlin Horn"},{"floor":41.0,"key":"Ginger"},{"floor":43.0,"key":"Lantern"},{"floor":47.0,"key":"FossilizedHelix"},{"floor":55,"key":"Art of War"}],"event_choices":[{"cards_removed":["Strike_B"],"damage_healed":0.0,"max_hp_gain":0.0,"max_hp_loss":0.0,"gold_gain":0.0,"event_name":"The Cleric","player_choice":"Card Removal","floor":2.0,"gold_loss":75.0,"damage_taken":0.0},{"cards_removed":["Defend_B"],"damage_healed":0.0,"max_hp_gain":0.0,"max_hp_loss":0.0,"gold_gain":0.0,"event_name":"Purifier","player_choice":"Purged","floor":3.0,"gold_loss":0.0,"damage_taken":0.0},{"damage_healed":0.0,"max_hp_gain":0.0,"max_hp_loss":0.0,"gold_gain":0.0,"event_name":"Shining Light","player_choice":"Entered Light","floor":11.0,"gold_loss":0.0,"damage_taken":21.0,"cards_upgraded":["Ball Lightning","Defend_B"]},{"damage_healed":0.0,"max_hp_gain":0.0,"max_hp_loss":0.0,"gold_gain":0.0,"event_name":"The Library","player_choice":"Read","floor":21.0,"gold_loss":0.0,"damage_taken":0.0,"cards_obtained":["Skim"]},{"damage_healed":0.0,"max_hp_gain":0.0,"max_hp_loss":0.0,"gold_gain":0.0,"event_name":"The Mausoleum","player_choice":"Ignored","floor":22.0,"gold_loss":0.0,"damage_taken":0.0},{"damage_healed":0.0,"max_hp_gain":0.0,"max_hp_loss":0.0,"gold_gain":0.0,"event_name":"Tomb of Lord Red Mask","player_choice":"Ignored","floor":36.0,"gold_loss":0.0,"damage_taken":0.0},{"damage_healed":0.0,"max_hp_gain":0.0,"max_hp_loss":0.0,"gold_gain":0.0,"event_name":"Duplicator","player_choice":"Copied","floor":37.0,"gold_loss":0.0,"damage_taken":0.0,"cards_obtained":["AscendersBane"]},{"damage_healed":0.0,"max_hp_gain":0.0,"max_hp_loss":4.0,"gold_gain":0.0,"event_name":"Winding Halls","player_choice":"Max HP","floor":46.0,"gold_loss":0.0,"damage_taken":0.0}],"is_beta":false,"boss_relics":[{"not_picked":["Eternal Feather","Astrolabe"],"picked":"Nuclear Battery"},{"not_picked":["Philosopher\u0027s Stone","Runic Dome"],"picked":"Pandora\u0027s Box"}],"items_purged_floors":[10,20,54],"is_endless":false,"potions_floor_spawned":[1,13,18,27,30,35,39,55],"ascension_level":20}