{"gold_per_floor":[114,64,81,81,81,81,100,100,149,161,261,186,199,210,210,306,306,323,341,367,267,287,287,298,298,321,196,196,196,196,231,231,327,327,347,197,197,207,57,57,57,57,57,75,75,94,111,126,126,126],"floor_reached":51,"playtime":1568,"items_purged":["Strike_G","Defend_G","Strike_G","Defend_G"],"score":782,"play_id":"9574c597-defa-4e78-88d9-7cd8baeaa023","local_time":"20181101002403","is_ascension_mode":false,"campfire_choices":[{"data":"Corpse Explosion","floor":6.0,"key":"SMITH"},{"data":"Neutralize","floor":8.0,"key":"SMITH"},{"data":"Footwork","floor":15.0,"key":"SMITH"},{"data":"Well Laid Plans","floor":23,"key":"SMITH"},{"data":"Footwork","floor":25,"key":"SMITH"},{"data":"Survivor","floor":28,"key":"SMITH"},{"data":"Night Terror","floor":30,"key":"SMITH"},{"data":"Leg Sweep","floor":32,"key":"SMITH"},{"data":"Malaise","floor":40,"key":"SMITH"},{"data":"Footwork","floor":49,"key":"SMITH"}],"neow_cost":"TEN_PERCENT_HP_LOSS","seed_source_timestamp":52021742475677,"circlet_count":0,"master_deck":["Survivor+1","Neutralize+1","Footwork+1","Corpse Explosion+1","Well Laid Plans+1","Footwork+1","Leg Sweep+1","Footwork+1","Deflect+1"],"special_seed":0,"relics":["Ring of the Snake","FossilizedHelix","Centennial Puzzle","Orrery","Red Mask","Vajra","Bottled Tornado","Coffee Dripper","Bag of Marbles","Paper Crane"],"potions_floor_usage":[20,31,50,50],"damage_taken":[{"damage":0.0,"enemies":"Small Slimes","floor":1.0,"turns":4.0},{"damage":0.0,"enemies":"Jaw Worm","floor":3.0,"turns":5.0},{"damage":0.0,"enemies":"Cultist","floor":7.0,"turns":3.0},{"damage":0.0,"enemies":"Red Slaver","floor":10.0,"turns":6.0},{"damage":0.0,"enemies":"2 Fungi Beasts","floor":13.0,"turns":3.0},{"damage":0.0,"enemies":"Exordium Thugs","floor":14.0,"turns":3.0},{"damage":0.0,"enemies":"The Guardian","floor":16.0,"turns":11.0},{"damage":0.0,"enemies":"Spheric Guardian","floor":18.0,"turns":6.0},{"damage":0.0,"enemies":"Chosen","floor":19.0,"turns":7.0},{"damage":0,"enemies":"Masked Bandits","floor":20,"turns":2},{"damage":0,"enemies":"Shelled Parasite and Fungi","floor":22,"turns":9},{"damage":0,"enemies":"Centurion and Healer","floor":24,"turns":5},{"damage":8,"enemies":"Slavers","floor":31,"turns":5},{"damage":12,"enemies":"Champ","floor":33,"turns":19},{"damage":0,"enemies":"Orb Walker","floor":35,"turns":6},{"damage":0,"enemies":"3 Darklings","floor":38,"turns":4},{"damage":0,"enemies":"Transient","floor":44,"turns":5},{"damage":0,"enemies":"Maw","floor":46,"turns":9},{"damage":0,"enemies":"Spire Growth","floor":47,"turns":6},{"damage":0,"enemies":"Transient","floor":48,"turns":5},{"damage":0,"enemies":"Donu and Deca","floor":50,"turns":8}],"seed_played":"7665347849692853474","potions_obtained":[{"floor":1.0,"key":"EssenceOfSteel"},{"floor":7.0,"key":"AttackPotion"},{"floor":10.0,"key":"Block Potion"},{"floor":31,"key":"Poison Potion"},{"floor":33,"key":"Block Potion"}],"is_trial":false,"path_per_floor":["M","?","M","?","T","R","M","R","T","M","?","$","M","M","R","B",null,"M","M","?","$","M","R","M","R","T","$","R","?","R","E","R","B",null,"M","$","?","M","$","R","?","R","T","M","R","M","M","M","R","B"],"character_chosen":"THE_SILENT","items_purchased":["Bag of Marbles"],"campfire_rested":0,"item_purchase_floors":[39],"current_hp_per_floor":[63,63,63,63,63,63,63,63,63,63,63,63,63,63,63,63,63,63,63,63,63,63,63,63,63,63,63,63,63,63,55,55,43,63,63,63,63,63,63,63,73,73,73,73,73,73,73,73,73,73],"gold":126,"neow_bonus":"REMOVE_TWO","is_prod":false,"is_daily":false,"chose_seed":false,"campfire_upgraded":10,"win_rate":0,"timestamp":1541003043,"path_taken":["M","?","?","?","?","R","M","R","T","M","?","$","M","M","R","BOSS","M","M","?","$","M","R","M","R","T","$","R","?","R","E","R","BOSS","M","$","?","M","$","R","?","R","T","?","R","M","M","M","R","BOSS"],"build_version":"2018-10-25v2","purchased_purges":4,"victory":true,"max_hp_per_floor":[63,63,63,63,63,63,63,63,63,63,63,63,63,63,63,63,63,63,63,63,63,63,63,63,63,63,63,63,63,63,63,63,63,63,63,63,63,63,63,63,73,73,73,73,73,73,73,73,73,73],"card_choices":[{"not_picked":["Flying Knee","Finisher"],"picked":"Footwork","floor":1.0},{"not_picked":["Calculated Gamble","Acrobatics","Flying Knee"],"picked":"SKIP","floor":3.0},{"not_picked":["PiercingWail","Heel Hook","Outmaneuver"],"picked":"SKIP","floor":7.0},{"not_picked":["PiercingWail","Acrobatics","Distraction"],"picked":"SKIP","floor":10.0},{"not_picked":["Acrobatics","Endless Agony","Slice"],"picked":"SKIP","floor":13.0},{"not_picked":["Endless Agony","Flying Knee","Outmaneuver"],"picked":"SKIP","floor":14.0},{"not_picked":["Backstab","Expertise"],"picked":"Well Laid Plans","floor":17.0},{"not_picked":["Heel Hook+1","Dagger Throw","Dagger Spray"],"picked":"SKIP","floor":18.0},{"not_picked":["Backflip+1","Wraith Form v2"],"picked":"Footwork","floor":19.0},{"not_picked":["Skewer","Dash+1","Caltrops+1"],"picked":"SKIP","floor":22},{"not_picked":["Predator","Terror+1","Bane"],"picked":"SKIP","floor":24},{"not_picked":["Dagger Spray","Cloak And Dagger+1","Backflip+1"],"picked":"SKIP","floor":31},{"not_picked":["Glass Knife","Bullet Time"],"picked":"Malaise","floor":33},{"not_picked":["Slice+1","Accuracy+1","Setup"],"picked":"SKIP","floor":35},{"not_picked":["Predator+1","Acrobatics","Blade Dance+1"],"picked":"SKIP","floor":38},{"not_picked":["Crippling Poison","Outmaneuver+1","Predator"],"picked":"SKIP","floor":44},{"not_picked":["Dash+1","Terror","Deflect"],"picked":"SKIP","floor":46},{"not_picked":["Dodge and Roll","Skewer+1"],"picked":"Footwork","floor":47},{"not_picked":["Setup","Calculated Gamble+1"],"picked":"Deflect+1","floor":48}],"player_experience":797033,"relics_obtained":[{"floor":5.0,"key":"FossilizedHelix"},{"floor":9.0,"key":"Centennial Puzzle"},{"floor":20,"key":"Red Mask"},{"floor":26,"key":"Vajra"},{"floor":31,"key":"Bottled Tornado"},{"floor":43,"key":"Paper Crane"}],"event_choices":[{"cards_removed":["Defend_G"],"damage_healed":0.0,"max_hp_gain":0.0,"max_hp_loss":0.0,"gold_gain":0.0,"event_name":"The Cleric","player_choice":"Card Removal","floor":2.0,"gold_loss":50.0,"damage_taken":0.0},{"damage_healed":0.0,"max_hp_gain":0.0,"max_hp_loss":0.0,"gold_gain":0.0,"cards_transformed":["Strike_G"],"event_name":"Transmorgrifier","player_choice":"Transformed","floor":4.0,"gold_loss":0.0,"damage_taken":0.0,"cards_obtained":["Corpse Explosion"]},{"damage_healed":0.0,"max_hp_gain":0.0,"max_hp_loss":0.0,"gold_gain":100.0,"event_name":"Golden Shrine","player_choice":"Pray","floor":11.0,"gold_loss":0.0,"damage_taken":0.0},{"damage_healed":0,"gold_gain":0,"player_choice":"Fought Bandits","damage_taken":0,"max_hp_gain":0,"max_hp_loss":0,"event_name":"Masked Bandits","floor":20,"gold_loss":0},{"damage_healed":0,"gold_gain":0,"cards_transformed":["Defend_G","Strike_G"],"player_choice":"Became Test Subject","damage_taken":0,"max_hp_gain":0,"max_hp_loss":0,"event_name":"Drug Dealer","floor":29,"gold_loss":0,"cards_obtained":["Night Terror","Leg Sweep"]},{"cards_removed":["Night Terror"],"damage_healed":0,"gold_gain":0,"player_choice":"Purged","damage_taken":0,"max_hp_gain":0,"max_hp_loss":0,"event_name":"Purifier","floor":37,"gold_loss":0},{"cards_removed":["Malaise"],"damage_healed":0,"gold_gain":0,"player_choice":"Offered Rare","damage_taken":0,"max_hp_gain":10,"max_hp_loss":0,"event_name":"Bonfire Elementals","floor":41,"gold_loss":0}],"is_beta":false,"boss_relics":[{"not_picked":["Tiny House","Eternal Feather"],"picked":"Orrery"},{"not_picked":["Runic Dome","Sozu"],"picked":"Coffee Dripper"}],"items_purged_floors":[12,21,27,36],"is_endless":false,"potions_floor_spawned":[1,7,10,13,18,19,31,33,38,48],"ascension_level":0}