{"gold_per_floor":[11,11,22,22,40,40,40,40,40,75,90,15,15,28,28,126,126,138,157,167,43,57,57,68,68,94,94,109,109,109,25,25,127,127,147,164,164,39,39,71,83,95,107,119,142,173,185,34,34,34],"floor_reached":51,"playtime":1611,"items_purged":["Decay","Strike_B","Strike_B","Strike_B","Strike_B"],"score":700,"play_id":"db66c09d-ca7c-4c93-9a8f-652f98c6fbde","local_time":"20190616205505","is_ascension_mode":false,"campfire_choices":[{"data":"Dualcast","floor":6.0,"key":"SMITH"},{"data":"Zap","floor":8.0,"key":"SMITH"},{"data":"Fission","floor":13.0,"key":"SMITH"},{"data":"Recycle","floor":15.0,"key":"SMITH"},{"data":"Biased Cognition","floor":23.0,"key":"SMITH"},{"data":"Coolheaded","floor":25.0,"key":"SMITH"},{"data":"Streamline","floor":27.0,"key":"SMITH"},{"data":"Heatsinks","floor":29.0,"key":"SMITH"},{"data":"Defragment","floor":32.0,"key":"SMITH"},{"data":"Defragment","floor":41.0,"key":"SMITH"},{"data":"Discovery","floor":44,"key":"SMITH"},{"data":"Capacitor","floor":49,"key":"SMITH"}],"neow_cost":"NO_GOLD","seed_source_timestamp":46585841211562,"circlet_count":0,"master_deck":["Defend_B","Defend_B","Defend_B","Defend_B","Zap+1","Electrodynamics","Streamline+1","Ball Lightning","Self Repair","Recycle+1","Fission+1","Cold Snap","Biased Cognition+1","Chill","Auto Shields","Compile Driver","Reinforced Body+1","Coolheaded+1","Heatsinks+1","Defragment+1","Seek","Hologram+1","Coolheaded+1","Defragment+1","Discovery+1","Master of Strategy","Panache","Clumsy","Capacitor+1"],"special_seed":0,"relics":["Cracked Core","Gremlin Horn","Prayer Wheel","Busted Crown","Smiling Mask","Cursed Key","MawBank","Kunai"],"potions_floor_usage":[50,50,50],"damage_taken":[{"damage":0.0,"enemies":"Small Slimes","floor":1.0,"turns":2.0},{"damage":9.0,"enemies":"2 Louse","floor":3.0,"turns":2.0},{"damage":0.0,"enemies":"Cultist","floor":5.0,"turns":2.0},{"damage":23.0,"enemies":"Gremlin Nob","floor":10.0,"turns":4.0},{"damage":0.0,"enemies":"Gremlin Gang","floor":11.0,"turns":1.0},{"damage":2.0,"enemies":"Blue Slaver","floor":14.0,"turns":2.0},{"damage":35.0,"enemies":"The Guardian","floor":16.0,"turns":11.0},{"damage":5.0,"enemies":"Spheric Guardian","floor":18.0,"turns":3.0},{"damage":15.0,"enemies":"2 Thieves","floor":19.0,"turns":2.0},{"damage":0.0,"enemies":"Centurion and Healer","floor":20.0,"turns":3.0},{"damage":16.0,"enemies":"Cultist and Chosen","floor":22.0,"turns":6.0},{"damage":1.0,"enemies":"Sentry and Sphere","floor":24.0,"turns":3.0},{"damage":9.0,"enemies":"Snake Plant","floor":28.0,"turns":3.0},{"damage":41.0,"enemies":"Champ","floor":33.0,"turns":12.0},{"damage":0.0,"enemies":"3 Shapes","floor":35.0,"turns":2.0},{"damage":0.0,"enemies":"Orb Walker","floor":36.0,"turns":2.0},{"damage":0.0,"enemies":"Giant Head","floor":40.0,"turns":8.0},{"damage":0,"enemies":"4 Shapes","floor":45,"turns":1},{"damage":0,"enemies":"Maw","floor":46,"turns":4},{"damage":11,"enemies":"Donu and Deca","floor":50,"turns":4}],"seed_played":"3245789076096228161","potions_obtained":[{"floor":10.0,"key":"FocusPotion"},{"floor":11.0,"key":"Energy Potion"},{"floor":18.0,"key":"PowerPotion"},{"floor":33.0,"key":"Swift Potion"},{"floor":35.0,"key":"FocusPotion"}],"is_trial":false,"path_per_floor":["M","?","M","?","M","R","?","R","T","E","M","$","R","M","R","B",null,"M","M","M","$","M","R","M","R","T","R","M","R","?","$","R","B",null,"M","M","?","$","?","E","R","?","T","R","M","M","?","$","R","B",null],"character_chosen":"DEFECT","items_purchased":["Compile Driver","Defragment","Defragment","Capacitor","Ancient Potion"],"campfire_rested":0,"item_purchase_floors":[21,31,38,48,48],"current_hp_per_floor":[75,80,71,71,71,71,71,71,71,55,55,55,55,60,60,32,80,80,65,72,72,63,63,69,69,69,69,67,67,67,67,67,33,80,80,80,80,80,80,80,80,70,70,70,70,77,76,76,76,72],"gold":34,"neow_bonus":"THREE_RARE_CARDS","is_prod":false,"is_daily":false,"chose_seed":false,"campfire_upgraded":12,"win_rate":0,"timestamp":1560689705,"path_taken":["M","?","M","?","M","R","?","R","T","E","M","$","R","M","R","BOSS","M","M","M","$","?","R","M","R","T","R","?","R","?","$","R","BOSS","M","M","?","$","?","E","R","?","T","R","M","?","?","$","R","BOSS"],"build_version":"2019-01-23","purchased_purges":5,"victory":true,"max_hp_per_floor":[75,80,80,80,80,80,80,80,80,80,80,80,80,80,80,80,80,80,80,80,80,80,80,80,80,80,80,80,80,80,80,80,80,80,80,80,80,80,80,80,80,80,80,80,80,80,76,76,76,76],"card_choices":[{"not_picked":["Creative AI","Machine Learning"],"picked":"Electrodynamics","floor":0.0},{"not_picked":["Barrage","Redo"],"picked":"Streamline","floor":1.0},{"not_picked":["Streamline","Scrape"],"picked":"Ball Lightning","floor":3.0},{"not_picked":["Chaos","Leap"],"picked":"Self Repair","floor":5.0},{"not_picked":["Force Field","Melter","Rebound"],"picked":"SKIP","floor":10.0},{"not_picked":["Turbo","Genetic Algorithm"],"picked":"Recycle","floor":11.0},{"not_picked":["Loop","Cold Snap"],"picked":"Fission","floor":11.0},{"not_picked":["Gash","Turbo"],"picked":"Cold Snap","floor":14.0},{"not_picked":["Hello World","Sweeping Beam","Barrage"],"picked":"SKIP","floor":14.0},{"not_picked":["All For One","Multi-Cast"],"picked":"Biased Cognition","floor":16.0},{"not_picked":["Redo"],"picked":"SKIP","floor":18.0},{"not_picked":["Barrage"],"picked":"SKIP","floor":18.0},{"not_picked":[],"picked":"Chill","floor":19.0},{"not_picked":[],"picked":"Auto Shields","floor":19.0},{"not_picked":["Double Energy+1"],"picked":"SKIP","floor":20.0},{"not_picked":["Static Discharge"],"picked":"SKIP","floor":20.0},{"not_picked":[],"picked":"Reinforced Body+1","floor":22.0},{"not_picked":["Gash"],"picked":"SKIP","floor":22.0},{"not_picked":[],"picked":"Coolheaded","floor":24.0},{"not_picked":["Stack"],"picked":"SKIP","floor":24.0},{"not_picked":[],"picked":"Heatsinks","floor":28.0},{"not_picked":["FTL"],"picked":"SKIP","floor":28.0},{"not_picked":[],"picked":"Seek","floor":33.0},{"not_picked":[],"picked":"Hologram+1","floor":35.0},{"not_picked":["Doom and Gloom+1"],"picked":"SKIP","floor":35.0},{"not_picked":["Doom and Gloom+1"],"picked":"SKIP","floor":35.0},{"not_picked":[],"picked":"Coolheaded+1","floor":36.0},{"not_picked":["Double Energy+1"],"picked":"SKIP","floor":36.0},{"not_picked":["Steam+1"],"picked":"SKIP","floor":40.0},{"not_picked":[],"picked":"Discovery","floor":42.0},{"not_picked":[],"picked":"Master of Strategy","floor":42.0},{"not_picked":[],"picked":"Panache","floor":42.0},{"not_picked":["Force Field"],"picked":"SKIP","floor":45},{"not_picked":["Steam"],"picked":"SKIP","floor":45},{"not_picked":["Coolheaded"],"picked":"SKIP","floor":46},{"not_picked":["Steam Power"],"picked":"SKIP","floor":46}],"player_experience":5324303,"relics_obtained":[{"floor":9.0,"key":"Gremlin Horn"},{"floor":10.0,"key":"Prayer Wheel"},{"floor":26.0,"key":"Smiling Mask"},{"floor":40.0,"key":"MawBank"},{"floor":43,"key":"Kunai"}],"event_choices":[{"damage_healed":0.0,"max_hp_gain":5.0,"max_hp_loss":0.0,"gold_gain":0.0,"event_name":"Big Fish","player_choice":"Donut","floor":2.0,"gold_loss":0.0,"damage_taken":0.0},{"damage_healed":0.0,"max_hp_gain":0.0,"max_hp_loss":0.0,"gold_gain":0.0,"event_name":"Liars Game","player_choice":"Ignored","floor":4.0,"gold_loss":0.0,"damage_taken":0.0},{"damage_healed":0.0,"max_hp_gain":0.0,"max_hp_loss":0.0,"gold_gain":0.0,"event_name":"Wheel of Change","player_choice":"Cursed","floor":7.0,"gold_loss":0.0,"damage_taken":0.0,"cards_obtained":["Decay"]},{"damage_healed":0.0,"max_hp_gain":0.0,"max_hp_loss":0.0,"gold_gain":0.0,"event_name":"Vampires","player_choice":"Ignored","floor":30.0,"gold_loss":0.0,"damage_taken":0.0},{"damage_healed":0.0,"max_hp_gain":0.0,"max_hp_loss":0.0,"gold_gain":0.0,"event_name":"Tomb of Lord Red Mask","player_choice":"Ignored","floor":37.0,"gold_loss":0.0,"damage_taken":0.0},{"cards_removed":["Dualcast"],"damage_healed":0.0,"max_hp_gain":0.0,"max_hp_loss":0.0,"gold_gain":0.0,"event_name":"Falling","player_choice":"Removed Skill","floor":39.0,"gold_loss":0.0,"damage_taken":0.0},{"damage_healed":0.0,"max_hp_gain":0.0,"max_hp_loss":0.0,"gold_gain":0.0,"event_name":"SensoryStone","player_choice":"Memory 3","floor":42.0,"gold_loss":0.0,"damage_taken":10.0},{"damage_healed":0,"gold_gain":0,"player_choice":"Max HP","damage_taken":0,"max_hp_gain":0,"max_hp_loss":4,"event_name":"Winding Halls","floor":47,"gold_loss":0}],"is_beta":false,"boss_relics":[{"not_picked":["Eternal Feather","Velvet Choker"],"picked":"Busted Crown"},{"not_picked":["Tiny House","Black Star"],"picked":"Cursed Key"}],"items_purged_floors":[12,21,31,38,48],"is_endless":false,"potions_floor_spawned":[10,11,18,28,33,35,40],"ascension_level":0}