{"gold_per_floor":[117,137,187,204,222,222,233,265,290,300,327,252,252,34,34,34],"floor_reached":16,"playtime":423,"items_purged":["Strike_B"],"score":224,"play_id":"a47a4570-7ddd-4fd1-b1e1-47f3c3b97d6d","local_time":"20190223005455","is_ascension_mode":true,"campfire_choices":[{"data":"Defragment","floor":6.0,"key":"SMITH"},{"data":"Chaos","floor":13.0,"key":"SMITH"},{"data":"Coolheaded","floor":15.0,"key":"SMITH"}],"neow_cost":"NONE","seed_source_timestamp":449820265064757,"circlet_count":0,"master_deck":["AscendersBane","Strike_B","Strike_B","Defend_B","Defend_B","Defend_B","Defend_B","Zap","Dualcast","Defragment+1","Reinforced Body","Coolheaded","Capacitor","Leap","Turbo","Chaos+1","Cold Snap","Glacier","Coolheaded+1"],"special_seed":0,"relics":["Cracked Core","NeowsBlessing","Ancient Tea Set","Anchor","Strawberry"],"potions_floor_usage":[16,16],"damage_taken":[{"damage":0.0,"enemies":"2 Louse","floor":1.0,"turns":1.0},{"damage":0.0,"enemies":"Cultist","floor":2.0,"turns":1.0},{"damage":0.0,"enemies":"Small Slimes","floor":4.0,"turns":1.0},{"damage":10.0,"enemies":"Blue Slaver","floor":5.0,"turns":4.0},{"damage":5.0,"enemies":"2 Fungi Beasts","floor":7.0,"turns":4.0},{"damage":7.0,"enemies":"3 Sentries","floor":8.0,"turns":11.0},{"damage":6.0,"enemies":"Looter","floor":10.0,"turns":4.0},{"damage":4.0,"enemies":"Lagavulin","floor":11.0,"turns":6.0},{"damage":39,"enemies":"Hexaghost","floor":16,"turns":9}],"seed_played":"-9058248554549559527","potions_obtained":[{"floor":2.0,"key":"Dexterity Potion"},{"floor":5.0,"key":"Fire Potion"},{"floor":7.0,"key":"AttackPotion"},{"floor":10.0,"key":"Ancient Potion"},{"floor":11.0,"key":"SteroidPotion"}],"is_trial":false,"path_per_floor":["M","M","?","M","M","R","M","E","T","M","E","?","R","$","R","B"],"character_chosen":"DEFECT","items_purchased":["Glacier","Coolheaded"],"campfire_rested":0,"item_purchase_floors":[14,14],"current_hp_per_floor":[64,64,64,64,54,54,49,42,42,36,39,39,39,39,39,0],"gold":34,"neow_bonus":"THREE_ENEMY_KILL","is_prod":false,"is_daily":false,"chose_seed":false,"campfire_upgraded":3,"win_rate":0,"timestamp":1550854495,"path_taken":["M","M","?","M","M","R","?","E","T","M","E","?","R","$","R","BOSS"],"build_version":"2019-01-23","purchased_purges":1,"victory":false,"max_hp_per_floor":[71,71,71,71,71,71,71,71,71,71,78,78,78,78,78,78],"card_choices":[{"not_picked":["Streamline","Ball Lightning"],"picked":"Defragment","floor":1.0},{"not_picked":["Redo","Scrape"],"picked":"Reinforced Body","floor":2.0},{"not_picked":["Conserve Battery","Doom and Gloom"],"picked":"Coolheaded","floor":4.0},{"not_picked":["Stack","Steam"],"picked":"Capacitor","floor":5.0},{"not_picked":["Gash","Steam"],"picked":"Leap","floor":7.0},{"not_picked":["Machine Learning","Go for the Eyes"],"picked":"Turbo","floor":8.0},{"not_picked":["Static Discharge","Hello World"],"picked":"Chaos","floor":10.0},{"not_picked":["Turbo","Go for the Eyes"],"picked":"Cold Snap","floor":11.0}],"player_experience":922697,"relics_obtained":[{"floor":8.0,"key":"Ancient Tea Set"},{"floor":9.0,"key":"Anchor"},{"floor":11.0,"key":"Strawberry"}],"event_choices":[{"damage_healed":0.0,"max_hp_gain":0.0,"max_hp_loss":0.0,"gold_gain":50.0,"event_name":"Golden Shrine","player_choice":"Pray","floor":3.0,"gold_loss":0.0,"damage_taken":0.0},{"cards_removed":["Strike_B"],"damage_healed":0.0,"max_hp_gain":0.0,"max_hp_loss":0.0,"gold_gain":0.0,"event_name":"The Cleric","player_choice":"Card Removal","floor":12.0,"gold_loss":75.0,"damage_taken":0.0}],"is_beta":false,"boss_relics":[],"items_purged_floors":[14],"is_endless":false,"potions_floor_spawned":[2,5,7,10,11],"killed_by":"Hexaghost","ascension_level":20}