{"gold_per_floor":[113,126,126,146,146,171,171,171],"floor_reached":8,"playtime":265,"items_purged":[],"score":112,"play_id":"1720d2d6-2a47-4a3f-a0ed-9e720d7e0b92","local_time":"20190731214655","is_ascension_mode":true,"campfire_choices":[{"floor":7,"key":"REST"}],"neow_cost":"NONE","seed_source_timestamp":37430185650087,"circlet_count":0,"master_deck":["AscendersBane","Strike_G","Strike_G","Strike_G","Strike_G","Strike_G","Defend_G","Defend_G","Defend_G","Defend_G","Defend_G","Survivor","Neutralize","Backflip","Dagger Spray","Malaise","All Out Attack+1"],"relics":["Ring of the Snake","NeowsBlessing","Molten Egg 2","Ninja Scroll"],"potions_floor_usage":[6],"damage_taken":[{"damage":0,"enemies":"Cultist","floor":1,"turns":1},{"damage":0,"enemies":"2 Louse","floor":2,"turns":1},{"damage":0,"enemies":"Jaw Worm","floor":4,"turns":1},{"damage":35,"enemies":"3 Sentries","floor":6,"turns":13},{"damage":46,"enemies":"Gremlin Nob","floor":8,"turns":4}],"seed_played":"-370362530362409117","potions_obtained":[{"floor":1,"key":"SkillPotion"}],"is_trial":false,"path_per_floor":["M","M","?","M","?","E","R","E"],"character_chosen":"THE_SILENT","items_purchased":[],"campfire_rested":1,"item_purchase_floors":[],"current_hp_per_floor":[59,59,64,64,46,11,32,0],"gold":171,"neow_bonus":"THREE_ENEMY_KILL","is_prod":false,"is_daily":false,"chose_seed":false,"campfire_upgraded":0,"win_rate":0,"timestamp":1564602415,"path_taken":["M","?","?","M","?","E","R","E"],"build_version":"2019-07-17","purchased_purges":0,"victory":false,"max_hp_per_floor":[66,66,71,71,71,71,71,71],"card_choices":[{"not_picked":["Concentrate","Underhanded Strike"],"picked":"Backflip","floor":1},{"not_picked":["Terror","Quick Slash"],"picked":"Dagger Spray","floor":2},{"not_picked":["Cloak And Dagger","Dodge and Roll"],"picked":"Malaise","floor":4},{"not_picked":["Underhanded Strike+1","Crippling Poison"],"picked":"All Out Attack+1","floor":6}],"player_experience":802454,"relics_obtained":[{"floor":6,"key":"Ninja Scroll"}],"event_choices":[{"damage_healed":0,"gold_gain":0,"player_choice":"Donut","damage_taken":0,"max_hp_gain":5,"max_hp_loss":0,"event_name":"Big Fish","floor":3,"gold_loss":0},{"damage_healed":0,"gold_gain":0,"player_choice":"Success","damage_taken":18,"relics_obtained":["Molten Egg 2"],"max_hp_gain":0,"max_hp_loss":0,"event_name":"Scrap Ooze","floor":5,"gold_loss":0}],"is_beta":false,"boss_relics":[],"items_purged_floors":[],"is_endless":false,"potions_floor_spawned":[1],"killed_by":"Gremlin Nob","ascension_level":20}