{"path_per_floor":["M","M","M","?","T","E","M","E","T","R","E","M","$","?","R","B",null,"M","?","M","$","?","E","M","E","T","?","M","M","E","M","R","B",null,"M","?","?","M","M","E","$","?","T","M","E","?","R","M","R","B"],"character_chosen":"IRONCLAD","items_purchased":["Havoc","Shrug It Off","Combust","Perfected Strike","Du-Vu Doll","Inflame","Ancient Tea Set","Blood Vial","Clash+1","Heavy Blade+1","Infernal Blade","Flex","Transmutation","Panacea"],"gold_per_floor":[144,189,234,234,234,324,369,459,459,459,549,594,455,455,455,755,755,800,800,845,821,801,891,936,1026,1051,976,1021,1066,1156,1201,1201,1501,1501,1546,1546,1546,1591,1636,1726,567,567,567,612,1002,1122,1122,1167,1167,1167],"floor_reached":51,"campfire_rested":5,"playtime":1737,"item_purchase_floors":[13,13,13,21,41,41,41,41,41,41,41,41,41,41],"current_hp_per_floor":[80,80,80,80,80,80,56,55,55,79,79,80,80,80,80,45,80,58,58,49,49,49,32,29,25,25,25,31,37,32,38,62,32,80,80,80,70,80,80,74,74,74,74,77,80,80,80,80,80,52],"items_purged":[],"gold":1167,"score":1287,"play_id":"b891d9d1-7357-4cab-aacf-306b5cbbc611","local_time":"20180529111600","daily_mods":["Heirloom","Midas","Hoarder"],"is_prod":false,"is_daily":true,"chose_seed":false,"is_ascension_mode":false,"campfire_upgraded":0,"win_rate":0,"timestamp":1527563760,"campfire_choices":[{"floor":10,"key":"REST"},{"floor":15,"key":"REST"},{"floor":32,"key":"REST"},{"floor":47,"key":"REST"},{"floor":49,"key":"REST"}],"path_taken":["M","M","M","?","?","E","?","E","T","R","E","?","$","?","R","BOSS","M","?","M","$","?","E","M","E","T","?","M","M","E","M","R","BOSS","M","?","?","M","M","E","$","?","T","M","E","?","R","M","R","BOSS"],"build_version":"2018-05-27","seed_source_timestamp":0,"purchased_purges":0,"victory":true,"master_deck":["Strike_R","Strike_R","Strike_R","Strike_R","Strike_R","Defend_R+1","Defend_R","Defend_R","Defend_R","Bash","Pommel Strike","Pommel Strike","Pommel Strike","Burning Pact","Burning Pact","Twin Strike","Twin Strike","Twin Strike","Pommel Strike","Pommel Strike","Pommel Strike","Thunderclap","Thunderclap","Thunderclap","Intimidate+1","Intimidate","Intimidate","Seeing Red","Seeing Red","Seeing Red","Ghostly Armor","Ghostly Armor","Ghostly Armor","Perfected Strike","Perfected Strike","Perfected Strike","Havoc","Havoc","Havoc","Shrug It Off","Shrug It Off","Shrug It Off","Combust","Combust","Combust","Regret","Regret","Bloodletting","Bloodletting","Bloodletting","Reaper","Reaper","Reaper","Shockwave+1","Shockwave+1","Shockwave+1","Intimidate","Intimidate","Intimidate","Ghostly Armor","Ghostly Armor","Ghostly Armor","Perfected Strike","Perfected Strike","Perfected Strike","Shockwave","Shockwave","Shockwave","Shrug It Off+1","Shrug It Off+1","Shrug It Off+1","Limit Break","Limit Break","Limit Break","Wild Strike","Wild Strike","Wild Strike","Corruption","Corruption","Body Slam+1","Body Slam+1","Body Slam+1","Battle Trance","Battle Trance","Battle Trance","Perfected Strike+1","Perfected Strike+1","Perfected Strike+1","Double Tap","Double Tap","Double Tap","Flame Barrier","Flame Barrier","Flame Barrier","Reckless Charge+1","Reckless Charge+1","Reckless Charge+1","Second Wind","Second Wind","Second Wind","Entrench","Entrench","Entrench","Pommel Strike+1","Pommel Strike+1","Pommel Strike+1","Fiend Fire+1","Fiend Fire+1","Fiend Fire+1","Madness","Madness","Madness","Madness","Madness","Madness","Wild Strike+1","Wild Strike+1","Wild Strike+1","Rampage+1","Rampage+1","Rampage+1","Dual Wield","Dual Wield","Dual Wield","Inflame","Inflame","Inflame","Clash+1","Clash+1","Clash+1","Heavy Blade+1","Heavy Blade+1","Heavy Blade+1","Infernal Blade","Infernal Blade","Infernal Blade","Flex","Flex","Flex","Transmutation","Transmutation","Transmutation","Panacea","Panacea","Panacea","Twin Strike+1","Twin Strike+1","Twin Strike+1","Perfected Strike+1","Perfected Strike+1","Perfected Strike+1","Pommel Strike+1","Pommel Strike+1","Pommel Strike+1","Reckless Charge+1","Reckless Charge+1","Reckless Charge+1","Seeing Red","Seeing Red","Seeing Red","Rampage+1","Rampage+1","Rampage+1"],"max_hp_per_floor":[80,80,80,80,80,80,80,80,80,80,80,80,80,80,80,80,80,80,80,80,80,80,80,80,80,80,80,80,80,80,80,80,80,80,80,80,80,80,80,80,80,80,80,80,80,80,80,80,80,80],"relics":["Burning Blood","Ginger","Paper Frog","Dream Catcher","Bottled Flame","Matryoshka","Smiling Mask","Self Forming Clay","Black Star","Bronze Scales","War Paint","Anchor","Potion Belt","Art of War","Omamori","Toolbox","Molten Egg 2","Orrery","Bag of Preparation","Juzu Bracelet","Du-Vu Doll","Ancient Tea Set","Blood Vial","Singing Bowl","Pantograph","Champion Belt","Old Coin","Torii"],"card_choices":[{"not_picked":["Clothesline","Flame Barrier"],"picked":"Pommel Strike","floor":1},{"not_picked":["Flame Barrier","Blood for Blood"],"picked":"Burning Pact","floor":2},{"not_picked":["Dual Wield","Carnage"],"picked":"Twin Strike","floor":3},{"not_picked":["Intimidate","Anger"],"picked":"Pommel Strike","floor":6},{"not_picked":["Havoc","Sword Boomerang"],"picked":"Thunderclap","floor":7},{"not_picked":["Inflame","Body Slam"],"picked":"Intimidate","floor":8},{"not_picked":["Combust","Rupture"],"picked":"Seeing Red","floor":10},{"not_picked":["Flame Barrier","Flex"],"picked":"Ghostly Armor","floor":11},{"not_picked":["Pommel Strike","Seeing Red"],"picked":"Perfected Strike","floor":12},{"not_picked":["Immolate","Evolve"],"picked":"Bloodletting","floor":15},{"not_picked":["Impervious","Juggernaut"],"picked":"Reaper","floor":16},{"not_picked":["Clash","Body Slam"],"picked":"Shockwave+1","floor":18},{"not_picked":["Disarm","Warcry"],"picked":"Ghostly Armor","floor":20},{"not_picked":["Sword Boomerang","Headbutt"],"picked":"Shockwave","floor":23},{"not_picked":["Pommel Strike","Pummel"],"picked":"Shrug It Off+1","floor":24},{"not_picked":["Combust","Rampage+1"],"picked":"Limit Break","floor":25},{"not_picked":["Anger","Body Slam"],"picked":"Wild Strike","floor":28},{"not_picked":["Second Wind","Sever Soul"],"picked":"Corruption","floor":29},{"not_picked":["Sword Boomerang","Ghostly Armor"],"picked":"Body Slam+1","floor":30},{"not_picked":["Hemokinesis+1","Armaments+1"],"picked":"Battle Trance","floor":31},{"not_picked":["Reaper+1","True Grit"],"picked":"Perfected Strike+1","floor":32},{"not_picked":["Demon Form","Berserk"],"picked":"Double Tap","floor":33},{"not_picked":["Iron Wave+1","Shrug It Off"],"picked":"Flame Barrier","floor":34},{"not_picked":["Body Slam+1","Whirlwind+1"],"picked":"Reckless Charge+1","floor":34},{"not_picked":["Wild Strike+1","Ghostly Armor"],"picked":"Second Wind","floor":34},{"not_picked":["True Grit","Warcry"],"picked":"Entrench","floor":34},{"not_picked":["Body Slam+1","Infernal Blade"],"picked":"Pommel Strike+1","floor":34},{"not_picked":["Cleave+1","Flex+1"],"picked":"Fiend Fire+1","floor":35},{"not_picked":["Anger+1","Body Slam+1"],"picked":"Wild Strike+1","floor":38},{"not_picked":["Blood for Blood+1","Clothesline+1"],"picked":"Rampage+1","floor":39},{"not_picked":["Searing Blow+1","Anger+1"],"picked":"Dual Wield","floor":40},{"not_picked":["Anger+1","Thunderclap+1"],"picked":"Twin Strike+1","floor":44},{"not_picked":["Heavy Blade+1","Clothesline+1"],"picked":"Perfected Strike+1","floor":45},{"not_picked":["Entrench","Shrug It Off+1"],"picked":"Pommel Strike+1","floor":46},{"not_picked":["Shrug It Off","Wild Strike+1"],"picked":"Reckless Charge+1","floor":47},{"not_picked":["Clash+1","Exhume"],"picked":"Seeing Red","floor":48},{"not_picked":["True Grit","Whirlwind+1"],"picked":"Rampage+1","floor":49}],"player_experience":508295,"potions_floor_usage":[6,8,8,11,16,23,25,35,50,50,50,50,50],"damage_taken":[{"damage":0,"enemies":"2 Louse","floor":1,"turns":2},{"damage":1,"enemies":"Cultist","floor":2,"turns":3},{"damage":1,"enemies":"Jaw Worm","floor":3,"turns":3},{"damage":6,"enemies":"Gremlin Nob","floor":6,"turns":3},{"damage":30,"enemies":"Exordium Thugs","floor":7,"turns":4},{"damage":7,"enemies":"3 Sentries","floor":8,"turns":4},{"damage":6,"enemies":"Lagavulin","floor":11,"turns":5},{"damage":0,"enemies":"Lots of Slimes","floor":12,"turns":1},{"damage":41,"enemies":"The Guardian","floor":16,"turns":9},{"damage":28,"enemies":"Shell Parasite","floor":18,"turns":7},{"damage":15,"enemies":"3 Byrds","floor":20,"turns":5},{"damage":30,"enemies":"Slavers","floor":23,"turns":7},{"damage":9,"enemies":"3 Cultists","floor":24,"turns":5},{"damage":31,"enemies":"Gremlin Leader","floor":25,"turns":6},{"damage":0,"enemies":"Centurion and Healer","floor":28,"turns":2},{"damage":7,"enemies":"Snecko","floor":29,"turns":5},{"damage":11,"enemies":"Book of Stabbing","floor":30,"turns":3},{"damage":0,"enemies":"Snake Plant","floor":31,"turns":1},{"damage":36,"enemies":"Collector","floor":33,"turns":4},{"damage":0,"enemies":"3 Darklings","floor":35,"turns":3},{"damage":5,"enemies":"3 Shapes","floor":38,"turns":3},{"damage":0,"enemies":"Spire Growth","floor":39,"turns":1},{"damage":12,"enemies":"Giant Head","floor":40,"turns":6},{"damage":5,"enemies":"Transient","floor":44,"turns":5},{"damage":3,"enemies":"2 Orb Walkers","floor":45,"turns":2},{"damage":3,"enemies":"…Ò√ÿ‘≤«Ú","floor":46,"turns":3},{"damage":0,"enemies":"Flame Bruiser 2 Orb","floor":48,"turns":1},{"damage":42,"enemies":"Time Eater","floor":50,"turns":6}],"relics_obtained":[{"floor":5,"key":"Paper Frog"},{"floor":6,"key":"Dream Catcher"},{"floor":8,"key":"Bottled Flame"},{"floor":9,"key":"Matryoshka"},{"floor":11,"key":"Smiling Mask"},{"floor":23,"key":"Bronze Scales"},{"floor":23,"key":"War Paint"},{"floor":25,"key":"Anchor"},{"floor":25,"key":"Potion Belt"},{"floor":26,"key":"Art of War"},{"floor":26,"key":"Omamori"},{"floor":30,"key":"Toolbox"},{"floor":30,"key":"Molten Egg 2"},{"floor":40,"key":"Bag of Preparation"},{"floor":40,"key":"Juzu Bracelet"},{"floor":43,"key":"Singing Bowl"},{"floor":43,"key":"Pantograph"},{"floor":45,"key":"Champion Belt"},{"floor":45,"key":"Old Coin"},{"floor":46,"key":"Torii"}],"event_choices":[{"event_name":"Purifier","player_choice":"One Purge","floor":4,"damage_taken":0},{"event_name":"Big Fish","player_choice":"Box","floor":14,"damage_taken":0},{"event_name":"The Library","player_choice":"Read","floor":19,"damage_taken":0},{"event_name":"The Woman in Blue","player_choice":"Bought 1 Potion","floor":22,"damage_taken":0},{"event_name":"Beggar","player_choice":"Gave Gold","floor":27,"damage_taken":0},{"event_name":"Tomb of Lord Red Mask","player_choice":"Ignored","floor":36,"damage_taken":0},{"event_name":"Winding Halls","player_choice":"Embrace Madness","floor":37,"damage_taken":0},{"event_name":"Mysterious Sphere","player_choice":"Fight","floor":46,"damage_taken":0}],"boss_relics":[{"not_picked":["Snecko Eye","Ectoplasm"],"picked":"Black Star"},{"not_picked":["Eternal Feather","Tiny House"],"picked":"Orrery"}],"items_purged_floors":[],"potions_floor_spawned":[1,2,7,8,11,18,20,24,29,33,35,45,46,48],"seed_played":"1251829673718243193","ascension_level":0,"potions_obtained":[{"floor":1,"key":"EssenceOfSteel"},{"floor":2,"key":"PowerPotion"},{"floor":7,"key":"SkillPotion"},{"floor":8,"key":"Ancient Potion"},{"floor":11,"key":"FearPotion"},{"floor":18,"key":"Explosive Potion"},{"floor":20,"key":"BloodPotion"},{"floor":22,"key":"Poison Potion"},{"floor":24,"key":"SteroidPotion"},{"floor":29,"key":"GamblersBrew"},{"floor":33,"key":"SteroidPotion"},{"floor":35,"key":"Regen Potion"},{"floor":45,"key":"Block Potion"},{"floor":46,"key":"Fire Potion"},{"floor":48,"key":"Ancient Potion"}],"is_trial":false}