{"gold_per_floor":[110,129,139,139,155,155,43,55,55,89,114,156,128,140],"floor_reached":14,"playtime":317,"items_purged":["Strike_G"],"score":184,"play_id":"f8c92438-8d89-4360-a6b0-6366fe619c15","local_time":"20190205001844","is_ascension_mode":true,"campfire_choices":[{"data":"Neutralize","floor":6.0,"key":"SMITH"}],"neow_cost":"NONE","seed_source_timestamp":0,"circlet_count":0,"master_deck":["AscendersBane","Defend_G","Defend_G","Defend_G","Defend_G","Defend_G","Strike_G","Strike_G","Strike_G","Strike_G","Survivor","Neutralize+1","Flying Knee","Skewer","Acrobatics"],"special_seed":0,"relics":["Ring of the Snake","NeowsBlessing","MawBank","Incense Burner"],"potions_floor_usage":[10,10,14],"damage_taken":[{"damage":0.0,"enemies":"Small Slimes","floor":1.0,"turns":1.0},{"damage":0.0,"enemies":"Cultist","floor":2.0,"turns":1.0},{"damage":0.0,"enemies":"Jaw Worm","floor":3.0,"turns":1.0},{"damage":9.0,"enemies":"3 Louse","floor":5.0,"turns":4.0},{"damage":19,"enemies":"Exordium Wildlife","floor":8,"turns":5},{"damage":20,"enemies":"Lagavulin","floor":10,"turns":5},{"damage":8,"enemies":"Exordium Thugs","floor":11,"turns":4},{"damage":1,"enemies":"Looter","floor":13,"turns":4},{"damage":0,"enemies":"Gremlin Nob","floor":14,"turns":3}],"seed_played":"1308877789520108442","potions_obtained":[{"floor":1.0,"key":"Fire Potion"},{"floor":2.0,"key":"GamblersBrew"},{"floor":4.0,"key":"SteroidPotion"},{"floor":10,"key":"EssenceOfSteel"},{"floor":11,"key":"SmokeBomb"}],"is_trial":false,"path_per_floor":["M","M","M","?","M","R","$","M","T","E","M","?","M","E"],"character_chosen":"THE_SILENT","items_purchased":["Skewer"],"campfire_rested":0,"item_purchase_floors":[7],"current_hp_per_floor":[59,59,59,59,50,50,50,31,31,11,3,3,2,2],"gold":140,"neow_bonus":"THREE_ENEMY_KILL","is_prod":false,"is_daily":false,"chose_seed":false,"campfire_upgraded":1,"win_rate":0,"timestamp":1549297124,"path_taken":["M","M","M","?","M","R","$","?","T","E","M","?","M","E"],"build_version":"2019-01-23","purchased_purges":1,"victory":false,"max_hp_per_floor":[66,66,66,66,66,66,66,66,66,66,66,66,66,66],"card_choices":[{"not_picked":["Endless Agony","Outmaneuver"],"picked":"Flying Knee","floor":1.0},{"not_picked":["Distraction","Underhanded Strike","Bane"],"picked":"SKIP","floor":2.0},{"not_picked":["Terror","Concentrate","Catalyst"],"picked":"SKIP","floor":3.0},{"not_picked":["Terror","Finisher","Bane"],"picked":"SKIP","floor":5.0},{"not_picked":["Dodge and Roll","Poisoned Stab","Riddle With Holes"],"picked":"SKIP","floor":8},{"not_picked":["Glass Knife","Catalyst"],"picked":"Acrobatics","floor":10},{"not_picked":["Dodge and Roll","Terror","Bane"],"picked":"SKIP","floor":11},{"not_picked":["Cloak And Dagger","Night Terror","Sucker Punch"],"picked":"SKIP","floor":13}],"player_experience":1418120,"relics_obtained":[{"floor":10,"key":"MawBank"}],"event_choices":[{"damage_healed":0.0,"max_hp_gain":0.0,"max_hp_loss":0.0,"gold_gain":0.0,"event_name":"Lab","player_choice":"Got Potions","floor":4.0,"gold_loss":0.0,"damage_taken":0.0},{"damage_healed":0,"gold_gain":30,"player_choice":"Searched \u00272\u0027 times","damage_taken":0,"relics_obtained":["Incense Burner"],"max_hp_gain":0,"max_hp_loss":0,"event_name":"Dead Adventurer","floor":12,"gold_loss":0}],"is_beta":true,"boss_relics":[],"items_purged_floors":[7],"is_endless":false,"potions_floor_spawned":[1,2,10,11],"killed_by":"Gremlin Nob","ascension_level":20}