{"gold_per_floor":[109,109,184,184,200,200,231,231,257,268,268,268,284,294,294,396,396,416,273,287,302,202,202,212,137,137,154,172,272,272,272,272,375,375,395,190,205,126,141,141,141,72,95,5,22,22,35,53,53,53],"floor_reached":51,"playtime":1801,"items_purged":["Strike_G","Strike_G","Strike_G+1"],"score":724,"play_id":"469c81b3-6779-455f-8cf2-70ebd7690252","local_time":"20181018090223","is_ascension_mode":false,"campfire_choices":[{"floor":6.0,"key":"REST"},{"data":"Leg Sweep","floor":8.0,"key":"SMITH"},{"data":"Predator","floor":11.0,"key":"SMITH"},{"data":"Accuracy","floor":15.0,"key":"SMITH"},{"floor":23.0,"key":"REST"},{"floor":30,"key":"REST"},{"floor":32,"key":"REST"},{"floor":40,"key":"REST"},{"floor":46,"key":"REST"},{"floor":49,"key":"REST"}],"neow_cost":"PERCENT_DAMAGE","seed_source_timestamp":149252713075,"circlet_count":0,"master_deck":["Defend_G","Survivor+1","Neutralize","Predator+1","Leg Sweep+1","Backstab","Infinite Blades","Backstab","Accuracy+1","Envenom","Cloak And Dagger+1","Infinite Blades","Bouncing Flask","Distraction+1","Backflip","Leg Sweep+1","Blade Dance+1","Backstab","Phantasmal Killer","Prepared+1","Infinite Blades","Corpse Explosion","Tools of the Trade+1","A Thousand Cuts+1","Backflip+1","Infinite Blades","Footwork","Infinite Blades","Backflip","Deflect+1","Accuracy","Bouncing Flask+1","Deadly Poison+1","Glass Knife","Blade Dance+1","Sucker Punch+1"],"special_seed":0,"relics":["Ring of the Snake","Regal Pillow","Dream Catcher","Boot","Fusion Hammer","Oddly Smooth Stone","WingedGreaves","Meat on the Bone","Astrolabe","Orichalcum"],"potions_floor_usage":[50,50,50],"damage_taken":[{"damage":0.0,"enemies":"Small Slimes","floor":1.0,"turns":5.0},{"damage":0.0,"enemies":"2 Louse","floor":5.0,"turns":2.0},{"damage":13.0,"enemies":"3 Sentries","floor":7.0,"turns":10.0},{"damage":0.0,"enemies":"Jaw Worm","floor":10.0,"turns":3.0},{"damage":0.0,"enemies":"3 Louse","floor":13.0,"turns":5.0},{"damage":3.0,"enemies":"Gremlin Gang","floor":14.0,"turns":5.0},{"damage":26.0,"enemies":"Slime Boss","floor":16.0,"turns":14.0},{"damage":9.0,"enemies":"2 Thieves","floor":18.0,"turns":5.0},{"damage":0.0,"enemies":"Chosen","floor":20.0,"turns":3.0},{"damage":3.0,"enemies":"Centurion and Healer","floor":21.0,"turns":6.0},{"damage":1.0,"enemies":"Snake Plant","floor":24.0,"turns":4.0},{"damage":1.0,"enemies":"Snecko","floor":27.0,"turns":3.0},{"damage":0.0,"enemies":"Sentry and Sphere","floor":28.0,"turns":5.0},{"damage":3,"enemies":"Colosseum Slavers","floor":29,"turns":3},{"damage":35,"enemies":"Colosseum Nobs","floor":29,"turns":5},{"damage":35,"enemies":"Champ","floor":33,"turns":8},{"damage":7,"enemies":"3 Darklings","floor":35,"turns":4},{"damage":10,"enemies":"Orb Walker","floor":37,"turns":2},{"damage":14,"enemies":"3 Darklings","floor":39,"turns":3},{"damage":2,"enemies":"4 Shapes","floor":45,"turns":5},{"damage":13,"enemies":"Sphere and 2 Shapes","floor":47,"turns":5},{"damage":15,"enemies":"Spire Growth","floor":48,"turns":5},{"damage":38,"enemies":"Time Eater","floor":50,"turns":12}],"seed_played":"-8400984106473233723","potions_obtained":[{"floor":1.0,"key":"PowerPotion"},{"floor":10.0,"key":"Swift Potion"},{"floor":13.0,"key":"Strength Potion"},{"floor":14.0,"key":"Dexterity Potion"}],"is_trial":false,"path_per_floor":["M","?","?","?","M","R","E","R","T","M","R","?","M","M","R","B",null,"M","$","M","M","$","R","M","?","T","M","M","?","R","?","R","B",null,"M","$","M","$","M","R","T","$","T","?","M","R","M","M","R","B"],"character_chosen":"THE_SILENT","items_purchased":["Infinite Blades","Infinite Blades","Infinite Blades","Accuracy"],"campfire_rested":7,"item_purchase_floors":[19,36,38,42],"current_hp_per_floor":[63,46,38,35,35,75,62,62,62,62,62,55,55,52,52,26,84,75,75,75,72,72,84,83,83,83,82,82,44,84,84,84,49,84,77,77,67,67,53,84,84,84,84,84,82,84,71,56,84,46],"gold":53,"neow_bonus":"TWENTY_PERCENT_HP_BONUS","is_prod":false,"is_daily":false,"chose_seed":false,"campfire_upgraded":3,"win_rate":0,"timestamp":1539824543,"path_taken":["M","?","?","?","?","R","E","R","T","M","R","?","M","M","R","BOSS","M","$","M","M","$","R","M","?","T","M","?","?","R","?","R","BOSS","M","$","?","$","?","R","?","$","T","?","?","R","?","M","R","BOSS"],"build_version":"2018-10-11","purchased_purges":3,"victory":true,"max_hp_per_floor":[84,84,84,84,84,84,84,84,84,84,84,84,84,84,84,84,84,84,84,84,84,84,84,84,84,84,84,84,84,84,84,84,84,84,84,84,84,84,84,84,84,84,84,84,84,84,84,84,84,84],"card_choices":[{"not_picked":["Accuracy","PiercingWail"],"picked":"Predator","floor":1.0},{"not_picked":["Quick Slash","Dash"],"picked":"Leg Sweep","floor":5.0},{"not_picked":["Sucker Punch","Accuracy"],"picked":"Backstab","floor":7.0},{"not_picked":["Caltrops","Terror"],"picked":"Infinite Blades","floor":10.0},{"not_picked":["Flying Knee","Dagger Throw"],"picked":"Backstab","floor":13.0},{"not_picked":["Quick Slash","Terror"],"picked":"Accuracy","floor":14.0},{"not_picked":["Wraith Form v2","Unload"],"picked":"Envenom","floor":16.0},{"not_picked":["Prepared","Noxious Fumes"],"picked":"Cloak And Dagger+1","floor":18.0},{"not_picked":["Predator","Dagger Spray"],"picked":"Bouncing Flask","floor":20.0},{"not_picked":["Dodge and Roll","Escape Plan"],"picked":"Distraction+1","floor":21.0},{"not_picked":["Flechettes","Bouncing Flask"],"picked":"Backflip","floor":23.0},{"not_picked":["Blade Dance","Quick Slash+1"],"picked":"Leg Sweep+1","floor":24.0},{"not_picked":["Backflip","Deflect"],"picked":"Blade Dance+1","floor":27.0},{"not_picked":["Skewer","Eviscerate"],"picked":"Backstab","floor":28.0},{"not_picked":["Caltrops","Masterful Stab"],"picked":"Phantasmal Killer","floor":29},{"not_picked":["Sucker Punch","Expertise+1"],"picked":"Prepared+1","floor":30},{"not_picked":["Cloak And Dagger","Expertise+1"],"picked":"Infinite Blades","floor":32},{"not_picked":["Bullet Time","Unload"],"picked":"Corpse Explosion","floor":33},{"not_picked":["Cloak And Dagger","Quick Slash+1"],"picked":"Backflip+1","floor":35},{"not_picked":["Backflip","Dagger Throw"],"picked":"Footwork","floor":37},{"not_picked":["Slice+1","Bane+1"],"picked":"Backflip","floor":39},{"not_picked":["Choke+1","Endless Agony+1"],"picked":"Deflect+1","floor":40},{"not_picked":["Choke+1","Deadly Poison"],"picked":"Bouncing Flask+1","floor":45},{"not_picked":["Quick Slash","Endless Agony"],"picked":"Deadly Poison+1","floor":46},{"not_picked":["Underhanded Strike","Tactician"],"picked":"Glass Knife","floor":47},{"not_picked":["Riddle With Holes+1","Choke"],"picked":"Blade Dance+1","floor":48},{"not_picked":["Dagger Spray+1","Prepared+1"],"picked":"Sucker Punch+1","floor":49}],"player_experience":311360,"relics_obtained":[{"floor":7.0,"key":"Dream Catcher"},{"floor":9.0,"key":"Boot"},{"floor":26.0,"key":"Oddly Smooth Stone"},{"floor":29,"key":"WingedGreaves"},{"floor":29,"key":"Meat on the Bone"},{"floor":43,"key":"Orichalcum"}],"event_choices":[{"event_name":"Shining Light","player_choice":"Entered Light","floor":2.0,"damage_taken":0.0},{"event_name":"FaceTrader","player_choice":"Touch","floor":3.0,"damage_taken":0.0},{"event_name":"Scrap Ooze","player_choice":"success","floor":4.0,"damage_taken":3.0},{"event_name":"Golden Wing","player_choice":"Card Removal","floor":12.0,"damage_taken":0.0},{"event_name":"Beggar","player_choice":"Gave Gold","floor":25.0,"damage_taken":0.0},{"event_name":"Colosseum","player_choice":"Fight","floor":29,"damage_taken":0},{"event_name":"Colosseum","player_choice":"Fought Nobs","floor":29,"damage_taken":0},{"event_name":"Back to Basics","player_choice":"Elegance","floor":31,"damage_taken":0},{"event_name":"Designer","player_choice":"Full Service","floor":44,"damage_taken":0}],"is_beta":false,"boss_relics":[{"not_picked":["Ectoplasm","Black Star"],"picked":"Fusion Hammer"},{"not_picked":["Calling Bell","Eternal Feather"],"picked":"Astrolabe"}],"items_purged_floors":[19,22,36],"is_endless":false,"potions_floor_spawned":[1,10,13,14,20,24,29,33,35,47],"ascension_level":0}