{"gold_per_floor":[110,24,24,42,60,60,25,25,25,25,44,44,57,57,57,130,130,144,144,175,175,100,157,157,226,226,226,293,103,121,148,148,226,226,241,25,92,107,157,182,182,212,212,229,242,254,254,526,526,526,526],"floor_reached":52,"playtime":2612,"items_purged":["Defend_G","Defend_G"],"score":2005,"play_id":"b5d5b6b7-fbd1-4fa2-b243-3436d309de53","local_time":"20190105234435","is_ascension_mode":true,"campfire_choices":[{"data":"Bouncing Flask","floor":6,"key":"SMITH"},{"data":"Grand Finale","floor":8,"key":"SMITH"},{"data":"Envenom","floor":10,"key":"SMITH"},{"data":"Neutralize","floor":15,"key":"SMITH"},{"data":"Noxious Fumes","floor":24,"key":"SMITH"},{"data":"Doppelganger","floor":27,"key":"SMITH"},{"data":"Well Laid Plans","floor":32,"key":"SMITH"},{"data":"Catalyst","floor":41,"key":"SMITH"},{"data":"Wraith Form v2","floor":47,"key":"SMITH"},{"data":"Acrobatics","floor":49,"key":"SMITH"}],"neow_cost":"NONE","seed_source_timestamp":45418609501647,"circlet_count":0,"master_deck":["AscendersBane","Defend_G","Defend_G","Survivor","Neutralize+1","Envenom+1","Endless Agony","Grand Finale+1","Bouncing Flask+1","Adrenaline","Doppelganger+1","Adrenaline+1","Dash+1","Glass Knife+1","Dash","Noxious Fumes+1","Backflip+1","Well Laid Plans+1","Prepared+1","Acrobatics+1","Wraith Form v2+1","Catalyst+1","Bandage Up","Bandage Up"],"special_seed":0,"relics":["Ring of the Snake","Lantern","Pear","Astrolabe","Red Mask","SsserpentHead","Tiny Chest","Thread and Needle","Busted Crown","Medical Kit","Snake Skull","The Courier","Mercury Hourglass"],"potions_floor_usage":[18,23,42],"damage_taken":[{"damage":4.0,"enemies":"Cultist","floor":1.0,"turns":4.0},{"damage":0,"enemies":"2 Louse","floor":4,"turns":5},{"damage":9,"enemies":"Jaw Worm","floor":5,"turns":5},{"damage":3,"enemies":"Looter","floor":11,"turns":3},{"damage":14,"enemies":"Exordium Wildlife","floor":13,"turns":5},{"damage":20,"enemies":"Slime Boss","floor":16,"turns":6},{"damage":0,"enemies":"Spheric Guardian","floor":18,"turns":2},{"damage":0,"enemies":"Masked Bandits","floor":20,"turns":2},{"damage":13,"enemies":"Book of Stabbing","floor":23,"turns":3},{"damage":0,"enemies":"Shell Parasite","floor":25,"turns":3},{"damage":0,"enemies":"Snake Plant","floor":28,"turns":3},{"damage":0,"enemies":"3 Cultists","floor":30,"turns":2},{"damage":0,"enemies":"Gremlin Leader","floor":31,"turns":4},{"damage":43,"enemies":"Champ","floor":33,"turns":7},{"damage":0,"enemies":"3 Darklings","floor":35,"turns":3},{"damage":0,"enemies":"3 Shapes","floor":37,"turns":2},{"damage":0,"enemies":"Transient","floor":38,"turns":6},{"damage":0,"enemies":"Giant Head","floor":40,"turns":5},{"damage":3,"enemies":"Nemesis","floor":42,"turns":5},{"damage":0,"enemies":"Maw","floor":44,"turns":4},{"damage":9,"enemies":"Sphere and 2 Shapes","floor":45,"turns":3},{"damage":0,"enemies":"Spire Growth","floor":46,"turns":3},{"damage":28,"enemies":"Awakened One","floor":50,"turns":7},{"damage":20,"enemies":"Time Eater","floor":51,"turns":8}],"seed_played":"-8908263690556800165","potions_obtained":[{"floor":1.0,"key":"GamblersBrew"},{"floor":5,"key":"Fire Potion"},{"floor":20,"key":"FearPotion"},{"floor":30,"key":"Energy Potion"},{"floor":38,"key":"Swift Potion"},{"floor":44,"key":"Fire Potion"}],"is_trial":false,"path_per_floor":["M","$","?","M","M","R","?","R","T","R","M","?","M","T","R","B",null,"M","?","?","?","$","E","R","M","T","R","M","$","M","E","R","B",null,"M","$","M","M","?","E","R","E","T","M","M","M","R","?","R","B","B",null],"character_chosen":"THE_SILENT","items_purchased":["Grand Finale","Well Laid Plans","Medical Kit"],"campfire_rested":0,"item_purchase_floors":[2,29,36],"current_hp_per_floor":[55,55,55,55,46,46,62,62,62,62,59,59,45,55,55,35,66,66,66,66,66,66,53,53,53,53,53,53,53,53,53,53,10,60,60,60,60,60,50,58,58,63,63,71,67,75,75,75,75,48,36],"gold":526,"neow_bonus":"ONE_RANDOM_RARE_CARD","is_prod":false,"is_daily":false,"chose_seed":false,"campfire_upgraded":10,"win_rate":0,"timestamp":1546703075,"path_taken":["M","$","?","M","M","R","?","R","T","R","?","?","M","?","R","BOSS","M","?","?","?","$","E","R","?","T","R","?","$","M","E","R","BOSS","M","$","?","M","?","E","R","E","T","M","M","M","R","?","R","BOSS","BOSS"],"build_version":"2019-01-03v4","purchased_purges":2,"victory":true,"max_hp_per_floor":[66,66,66,66,66,66,66,66,66,66,66,66,66,76,76,76,76,76,76,76,76,76,76,76,76,76,76,76,76,76,76,76,76,76,76,76,76,76,76,76,76,76,76,76,76,76,76,76,76,76,76],"card_choices":[{"not_picked":["Bane","Backflip"],"picked":"Endless Agony","floor":1.0},{"not_picked":["Tactician","Cloak And Dagger"],"picked":"Bouncing Flask","floor":4},{"not_picked":["Underhanded Strike","Dodge and Roll","Flying Knee"],"picked":"SKIP","floor":5},{"not_picked":["Underhanded Strike","Dagger Spray"],"picked":"Adrenaline","floor":11},{"not_picked":["Dagger Throw","Bane","Dagger Spray"],"picked":"SKIP","floor":13},{"not_picked":["A Thousand Cuts","Glass Knife"],"picked":"Doppelganger","floor":16},{"not_picked":["Quick Slash","PiercingWail","Dash"],"picked":"SKIP","floor":18},{"not_picked":["Skewer","Noxious Fumes","Slice+1"],"picked":"SKIP","floor":23},{"not_picked":["Heel Hook","Concentrate+1","Sucker Punch"],"picked":"SKIP","floor":25},{"not_picked":["Dash","Poisoned Stab"],"picked":"Backflip+1","floor":28},{"not_picked":["Crippling Poison+1","PiercingWail+1"],"picked":"Prepared+1","floor":30},{"not_picked":["Backstab","Deadly Poison"],"picked":"Acrobatics","floor":31},{"not_picked":["Bullet Time","Venomology"],"picked":"Wraith Form v2","floor":33},{"not_picked":["Slice"],"picked":"SKIP","floor":35},{"not_picked":["Underhanded Strike"],"picked":"SKIP","floor":37},{"not_picked":[],"picked":"Catalyst","floor":38},{"not_picked":[],"picked":"Bandage Up","floor":39},{"not_picked":[],"picked":"Bandage Up","floor":39},{"not_picked":["Blade Dance+1"],"picked":"SKIP","floor":40},{"not_picked":["Blade Dance"],"picked":"SKIP","floor":42},{"not_picked":["Blade Dance"],"picked":"SKIP","floor":42},{"not_picked":["Masterful Stab"],"picked":"SKIP","floor":44},{"not_picked":["All Out Attack"],"picked":"SKIP","floor":45},{"not_picked":["Deadly Poison"],"picked":"SKIP","floor":46}],"player_experience":1765904,"relics_obtained":[{"floor":9,"key":"Lantern"},{"floor":14,"key":"Pear"},{"floor":20,"key":"Red Mask"},{"floor":23,"key":"Tiny Chest"},{"floor":31,"key":"Thread and Needle"},{"floor":40,"key":"Snake Skull"},{"floor":42,"key":"The Courier"},{"floor":43,"key":"Mercury Hourglass"}],"event_choices":[{"cards_removed":["Strike_G"],"damage_healed":0.0,"max_hp_gain":0.0,"max_hp_loss":0.0,"gold_gain":0.0,"event_name":"Living Wall","player_choice":"Forget","floor":3.0,"gold_loss":0.0,"damage_taken":0.0},{"damage_healed":16,"gold_gain":0,"player_choice":"Healed","damage_taken":0,"max_hp_gain":0,"max_hp_loss":0,"event_name":"The Cleric","floor":7,"gold_loss":35},{"damage_healed":0,"gold_gain":0,"player_choice":"Ignored","damage_taken":0,"max_hp_gain":0,"max_hp_loss":0,"event_name":"Liars Game","floor":12,"gold_loss":0},{"damage_healed":0,"gold_gain":0,"cards_transformed":["Strike_G","Defend_G"],"player_choice":"Became Test Subject","damage_taken":0,"max_hp_gain":0,"max_hp_loss":0,"event_name":"Drug Dealer","floor":19,"gold_loss":0,"cards_obtained":["Dash","Noxious Fumes"]},{"damage_healed":0,"gold_gain":0,"player_choice":"Fought Bandits","damage_taken":0,"max_hp_gain":0,"max_hp_loss":0,"event_name":"Masked Bandits","floor":20,"gold_loss":0},{"damage_healed":0,"gold_gain":0,"player_choice":"Trade","damage_taken":0,"relics_obtained":["SsserpentHead"],"max_hp_gain":0,"max_hp_loss":0,"event_name":"FaceTrader","floor":21,"gold_loss":0},{"damage_healed":0,"gold_gain":0,"player_choice":"Memory 3","damage_taken":10,"max_hp_gain":0,"max_hp_loss":0,"event_name":"SensoryStone","floor":39,"gold_loss":0},{"damage_healed":0,"gold_gain":222,"player_choice":"Wore Mask","damage_taken":0,"max_hp_gain":0,"max_hp_loss":0,"event_name":"Tomb of Lord Red Mask","floor":48,"gold_loss":0}],"is_beta":false,"boss_relics":[{"not_picked":["WristBlade","Tiny House"],"picked":"Astrolabe"},{"not_picked":["Lizard Tail","Snecko Eye"],"picked":"Busted Crown"}],"items_purged_floors":[22,29],"is_endless":false,"potions_floor_spawned":[1,5,13,20,30,31,33,35,38,40,44],"ascension_level":20}