{"path_per_floor":["M","M","M","$","M","E","M","R","T","R","M","R","?","$","R","B",null,"M","$","?"],"character_chosen":"DEFECT","items_purchased":[],"gold_per_floor":[110,127,141,66,82,110,122,122,145,145,164,164,164,64,64,159,159,176,51,51,63],"floor_reached":21,"campfire_rested":2,"playtime":853,"current_hp_per_floor":[72,71,71,71,71,39,17,39,39,61,51,51,44,44,44,12,75,50,50,34,14],"items_purged":["Defend_B","Defend_B","Regret"],"gold":63,"score":181,"play_id":"0d822cc4-ecad-4a55-8316-bf9da23edaee","local_time":"20180429211941","is_prod":false,"is_daily":false,"chose_seed":false,"is_ascension_mode":false,"campfire_upgraded":2,"timestamp":1525029581,"path_taken":["M","M","M","$","M","E","M","R","T","R","M","R","?","$","R","BOSS","M","$","?","M"],"build_version":"2018-04-27v3","seed_source_timestamp":0,"purchased_purges":3,"victory":false,"master_deck":["Strike_B","Strike_B","Strike_B","Strike_B","Defend_B","Zap","Dualcast","Genetic Algorithm","Sunder","Turbo","Coolheaded","White Noise+1","Force Field","White Noise+1","Amplify","Parasite","Injury","Undo","Hologram"],"max_hp_per_floor":[75,75,75,75,75,75,75,75,75,75,75,75,75,75,75,75,75,75,75,75,75],"relics":["Philosopher\u0027s Stone","Torii","Ancient Tea Set","Calling Bell","Regal Pillow","Letter Opener","Unceasing Top","Nilry\u0027s Codex"],"card_choices":[{"not_picked":["Streamline","Melter"],"picked":"Genetic Algorithm","floor":1.0},{"not_picked":["Skim","Cold Snap"],"picked":"Sunder","floor":2.0},{"not_picked":["Impulse","Axe Kick"],"picked":"Turbo","floor":3.0},{"not_picked":["Reprogram","Axe Kick"],"picked":"Coolheaded","floor":5.0},{"not_picked":["Skim","Conserve Battery"],"picked":"White Noise","floor":6.0},{"not_picked":["Recycle","Barrage"],"picked":"Force Field","floor":7.0},{"not_picked":["Scrape","Axe Kick"],"picked":"White Noise","floor":11.0},{"not_picked":["Biased Cognition","Multi-Cast"],"picked":"Amplify","floor":16.0},{"not_picked":["Doom and Gloom","Ball Lightning"],"picked":"Undo","floor":18},{"not_picked":["Cold Snap","Axe Kick"],"picked":"Hologram","floor":21}],"player_experience":23559,"potions_floor_usage":[],"damage_taken":[{"damage":3.0,"enemies":"Jaw Worm","floor":1.0,"turns":4.0},{"damage":1.0,"enemies":"2 Louse","floor":2.0,"turns":3.0},{"damage":0.0,"enemies":"Small Slimes","floor":3.0,"turns":2.0},{"damage":0.0,"enemies":"Exordium Wildlife","floor":5.0,"turns":2.0},{"damage":32.0,"enemies":"Gremlin Nob","floor":6.0,"turns":4.0},{"damage":22.0,"enemies":"Large Slime","floor":7.0,"turns":5.0},{"damage":10.0,"enemies":"Blue Slaver","floor":11.0,"turns":4.0},{"damage":32.0,"enemies":"Slime Boss","floor":16.0,"turns":11.0},{"damage":25,"enemies":"2 Thieves","floor":18,"turns":4},{"damage":20,"enemies":"Spheric Guardian","floor":21,"turns":5}],"event_choices":[{"event_name":"Golden Wing","player_choice":"Card Removal","floor":13.0,"damage_taken":0.0},{"event_name":"Cursed Tome","player_choice":"Obtained Book","floor":20,"damage_taken":0}],"boss_relics":[{"not_picked":["Black Star","Inserter"],"picked":"Calling Bell"}],"potions_floor_spawned":[3,5,7],"seed_played":"6524250323702817843","killed_by":"Spheric Guardian","ascension_level":0,"is_trial":false}