{"gold_per_floor":[113,113,38,38,50,82,82,11,34,34,47,47,47,74,74,74],"floor_reached":16,"playtime":274,"items_purged":[],"score":273,"play_id":"cc630d5a-1092-472e-82fc-d66d376ff540","local_time":"20190209144653","is_ascension_mode":true,"campfire_choices":[{"data":"Power Through","floor":7.0,"key":"SMITH"},{"data":"Burning Pact","floor":10.0,"key":"SMITH"},{"data":"Immolate","floor":15.0,"key":"SMITH"}],"neow_cost":"NONE","seed_source_timestamp":1029132767580819,"circlet_count":0,"master_deck":["AscendersBane","Strike_R","Strike_R","Defend_R","Defend_R","Defend_R","Defend_R","Bash","Battle Trance","Power Through+1","Burning Pact+1","Immolate+1"],"special_seed":0,"relics":["Burning Blood","NeowsBlessing","Charon\u0027s Ashes","Blue Candle","Vajra","Ancient Tea Set"],"potions_floor_usage":[],"damage_taken":[{"damage":0.0,"enemies":"2 Louse","floor":1.0,"turns":1.0},{"damage":0.0,"enemies":"Jaw Worm","floor":5.0,"turns":1.0},{"damage":0.0,"enemies":"3 Sentries","floor":6.0,"turns":1.0},{"damage":0.0,"enemies":"Cultist","floor":11.0,"turns":4.0},{"damage":0.0,"enemies":"Lagavulin","floor":14.0,"turns":10.0},{"damage":0,"enemies":"Hexaghost","floor":16,"turns":4}],"seed_played":"-6204917211308757596","potions_obtained":[{"floor":5.0,"key":"SpeedPotion"},{"floor":6.0,"key":"EssenceOfSteel"}],"is_trial":false,"path_per_floor":["M","?","?","?","M","E","R","$","T","R","M","$","?","E","R","B"],"character_chosen":"IRONCLAD","items_purchased":["Burning Pact"],"campfire_rested":0,"item_purchase_floors":[8],"current_hp_per_floor":[74,67,67,22,28,34,34,34,34,34,40,40,40,46,46,46],"gold":74,"neow_bonus":"THREE_ENEMY_KILL","is_prod":false,"is_daily":false,"chose_seed":false,"campfire_upgraded":3,"win_rate":0,"timestamp":1549694813,"path_taken":["M","?","?","?","M","E","R","$","T","R","?","$","?","E","R","BOSS"],"build_version":"2019-01-23","purchased_purges":0,"victory":false,"max_hp_per_floor":[75,75,75,75,75,75,75,75,75,75,75,75,75,75,75,75],"card_choices":[{"not_picked":["Headbutt","Rupture"],"picked":"Battle Trance","floor":1.0},{"not_picked":["Metallicize","Shrug It Off"],"picked":"Power Through","floor":5.0},{"not_picked":["Seeing Red","Wild Strike","Shockwave"],"picked":"SKIP","floor":6.0},{"not_picked":["Whirlwind","Pommel Strike","Armaments"],"picked":"SKIP","floor":11.0},{"not_picked":["Headbutt","Rupture"],"picked":"Immolate","floor":14.0}],"player_experience":712787,"relics_obtained":[{"floor":6.0,"key":"Blue Candle"},{"floor":9.0,"key":"Vajra"},{"floor":14.0,"key":"Ancient Tea Set"}],"event_choices":[{"cards_removed":["Strike_R"],"damage_healed":0.0,"max_hp_gain":0.0,"max_hp_loss":0.0,"gold_gain":0.0,"event_name":"Golden Wing","player_choice":"Card Removal","floor":2.0,"gold_loss":0.0,"damage_taken":7.0},{"cards_removed":["Strike_R"],"damage_healed":0.0,"max_hp_gain":0.0,"max_hp_loss":0.0,"gold_gain":0.0,"event_name":"The Cleric","player_choice":"Card Removal","floor":3.0,"gold_loss":75.0,"damage_taken":0.0},{"damage_healed":0.0,"max_hp_gain":0.0,"max_hp_loss":0.0,"gold_gain":0.0,"event_name":"Scrap Ooze","player_choice":"Success","floor":4.0,"gold_loss":0.0,"damage_taken":45.0,"relics_obtained":["Charon\u0027s Ashes"]},{"cards_removed":["Strike_R"],"damage_healed":0.0,"max_hp_gain":0.0,"max_hp_loss":0.0,"gold_gain":0.0,"event_name":"Purifier","player_choice":"Purged","floor":13.0,"gold_loss":0.0,"damage_taken":0.0}],"is_beta":false,"boss_relics":[],"items_purged_floors":[],"is_endless":false,"potions_floor_spawned":[5,6],"killed_by":"Hexaghost","ascension_level":15}