{"gold_per_floor":[119,28,28,39,55,55,86,96,123,123,150,167,167,183,183,312,312,312,312,312,312,312,312,15,15,15,15,15,15,15,15,15,15,15,15,15,15,15,15,15,0,0,0,0,0,0,0,0],"floor_reached":48,"playtime":3180,"items_purged":["Writhe"],"score":535,"play_id":"04d684c1-5138-458f-986a-14b9342adc08","local_time":"20190724104648","is_ascension_mode":false,"campfire_choices":[{"floor":10,"key":"REST"},{"data":"Cloak And Dagger","floor":15,"key":"SMITH"},{"data":"Cloak And Dagger","floor":23,"key":"SMITH"},{"data":"Apotheosis","floor":25,"key":"SMITH"},{"floor":32,"key":"REST"},{"floor":40,"key":"REST"},{"floor":44,"key":"REST"}],"neow_cost":"NONE","seed_source_timestamp":1237211277319085,"circlet_count":0,"master_deck":["Strike_G","Strike_G","Strike_G","Defend_G","Defend_G","Defend_G","Survivor+1","Neutralize","Noxious Fumes+1","Blur+1","Envenom+1","Blade Dance+1","Blade Dance","Deadly Poison","Cloak And Dagger+1","Bane","Neutralize","Cloak And Dagger+1","Backflip","Glass Knife","Crippling Poison","Well Laid Plans","Noxious Fumes","Envenom","Blur","Necronomicurse","Quick Slash+1","Ghostly","Ghostly","Ghostly","Ghostly","Ghostly","Apotheosis+1","Accuracy","Prepared","Dodge and Roll","Backflip","Dash","Skewer","Burst","Noxious Fumes+1","Footwork","Madness","Madness","Cloak And Dagger","Backflip+1","Master of Strategy"],"relics":["Astrolabe","War Paint","Ancient Tea Set","Dream Catcher","Juzu Bracelet","Golden Idol","Ectoplasm","Necronomicon","Oddly Smooth Stone","Bottled Lightning","Paper Crane","White Beast Statue","Red Mask","Sundial"],"potions_floor_usage":[16,16,16,27,31,42,46],"damage_taken":[{"damage":4,"enemies":"Cultist","floor":1,"turns":5},{"damage":0,"enemies":"2 Louse","floor":4,"turns":2},{"damage":3,"enemies":"Small Slimes","floor":5,"turns":3},{"damage":9,"enemies":"Gremlin Nob","floor":7,"turns":4},{"damage":3,"enemies":"Looter","floor":8,"turns":3},{"damage":0,"enemies":"3 Sentries","floor":11,"turns":6},{"damage":4,"enemies":"Blue Slaver","floor":12,"turns":4},{"damage":2,"enemies":"2 Fungi Beasts","floor":14,"turns":3},{"damage":14,"enemies":"Hexaghost","floor":16,"turns":6},{"damage":29,"enemies":"Spheric Guardian","floor":18,"turns":6},{"damage":1,"enemies":"3 Byrds","floor":20,"turns":5},{"damage":2,"enemies":"Sentry and Sphere","floor":27,"turns":6},{"damage":4,"enemies":"Slavers","floor":28,"turns":7},{"damage":0,"enemies":"Snake Plant","floor":29,"turns":7},{"damage":1,"enemies":"Chosen and Byrds","floor":31,"turns":6},{"damage":4,"enemies":"Automaton","floor":33,"turns":6},{"damage":1,"enemies":"Orb Walker","floor":35,"turns":4},{"damage":0,"enemies":"3 Shapes","floor":36,"turns":6},{"damage":1,"enemies":"Maw","floor":42,"turns":9},{"damage":29,"enemies":"Spire Growth","floor":46,"turns":5},{"damage":20,"enemies":"3 Darklings","floor":48,"turns":4}],"seed_played":"-8609282188745289984","potions_obtained":[{"floor":1,"key":"Strength Potion"},{"floor":8,"key":"FearPotion"},{"floor":12,"key":"Dexterity Potion"},{"floor":14,"key":"AttackPotion"},{"floor":20,"key":"Explosive Potion"},{"floor":29,"key":"PowerPotion"},{"floor":35,"key":"GhostInAJar"},{"floor":36,"key":"Fire Potion"},{"floor":42,"key":"Strength Potion"},{"floor":45,"key":"FairyPotion"},{"floor":46,"key":"Fruit Juice"}],"is_trial":false,"path_per_floor":["M","$","?","M","M","?","E","M","T","R","E","M","?","M","R","B",null,"M","?","M","?","?","R","$","R","T","M","E","M","?","M","R","B",null,"M","M","?","?","$","R","?","M","T","R","?","M","?","M"],"character_chosen":"THE_SILENT","items_purchased":["Blade Dance","Deadly Poison","Apotheosis","Accuracy"],"campfire_rested":4,"item_purchase_floors":[2,2,24,24],"current_hp_per_floor":[66,66,63,63,60,60,51,48,48,69,69,65,48,46,46,32,70,41,25,24,24,24,24,24,24,24,22,18,18,14,13,25,21,40,39,39,39,34,34,40,40,39,39,40,40,16,16,0],"gold":0,"neow_bonus":"BOSS_RELIC","is_prod":false,"is_daily":false,"chose_seed":false,"campfire_upgraded":3,"win_rate":0.0,"timestamp":1563954408,"path_taken":["M","$","?","M","M","?","E","?","T","R","E","M","?","M","R","BOSS","M","?","M","?","?","R","$","R","T","M","E","M","?","M","R","BOSS","M","M","?","?","$","R","?","M","T","R","?","M","?","M"],"build_version":"2019-07-17","purchased_purges":1,"victory":false,"max_hp_per_floor":[70,70,70,70,70,70,70,70,70,70,70,70,70,70,70,70,70,70,70,70,70,35,35,35,35,35,35,35,35,40,40,40,40,40,40,40,40,40,40,40,40,40,40,40,40,45,45,45],"card_choices":[{"not_picked":["Well Laid Plans","Catalyst"],"picked":"Blade Dance","floor":1},{"not_picked":["Bane","Prepared"],"picked":"Cloak And Dagger","floor":4},{"not_picked":["Choke","Backflip"],"picked":"Bane","floor":5},{"not_picked":["Outmaneuver","Noxious Fumes"],"picked":"Cloak And Dagger","floor":7},{"not_picked":["Riddle With Holes","PiercingWail"],"picked":"Backflip","floor":8},{"not_picked":["Dodge and Roll","Footwork"],"picked":"Glass Knife","floor":10},{"not_picked":["Quick Slash","Prepared"],"picked":"Crippling Poison","floor":11},{"not_picked":["Masterful Stab","PiercingWail"],"picked":"Well Laid Plans","floor":12},{"not_picked":["Dodge and Roll","Underhanded Strike"],"picked":"Noxious Fumes","floor":14},{"not_picked":["Corpse Explosion","Unload"],"picked":"Envenom","floor":16},{"not_picked":["Blade Dance","Dodge and Roll"],"picked":"Blur","floor":18},{"not_picked":["Poisoned Stab","Riddle With Holes+1"],"picked":"Quick Slash+1","floor":20},{"not_picked":["Underhanded Strike","Flechettes+1"],"picked":"Prepared","floor":27},{"not_picked":["Heel Hook+1","Finisher"],"picked":"Dodge and Roll","floor":28},{"not_picked":["Quick Slash","Poisoned Stab"],"picked":"Backflip","floor":29},{"not_picked":["Underhanded Strike","Flying Knee"],"picked":"Dash","floor":31},{"not_picked":["Underhanded Strike","Crippling Poison"],"picked":"Skewer","floor":32},{"not_picked":["Die Die Die","Phantasmal Killer"],"picked":"Burst","floor":33},{"not_picked":["Predator","Deflect+1"],"picked":"Noxious Fumes+1","floor":35},{"not_picked":["All Out Attack","Underhanded Strike+1","Deflect"],"picked":"SKIP","floor":36},{"not_picked":["Deadly Poison+1","Escape Plan+1"],"picked":"Cloak And Dagger","floor":42},{"not_picked":["Dagger Spray","Unload"],"picked":"Backflip+1","floor":46},{"not_picked":["Thinking Ahead","Flash of Steel"],"picked":"Master of Strategy","floor":47}],"player_experience":93331,"relics_obtained":[{"floor":7,"key":"Ancient Tea Set"},{"floor":9,"key":"Dream Catcher"},{"floor":11,"key":"Juzu Bracelet"},{"floor":19,"key":"Necronomicon"},{"floor":26,"key":"Bottled Lightning"},{"floor":28,"key":"Paper Crane"},{"floor":43,"key":"Sundial"}],"event_choices":[{"damage_healed":0,"gold_gain":0,"player_choice":"Success","damage_taken":3,"relics_obtained":["War Paint"],"max_hp_gain":0,"max_hp_loss":0,"event_name":"Scrap Ooze","floor":3,"gold_loss":0},{"damage_healed":0,"gold_gain":0,"player_choice":"1 cards matched","damage_taken":0,"max_hp_gain":0,"max_hp_loss":0,"event_name":"Match and Keep!","floor":6,"gold_loss":0,"cards_obtained":["Neutralize"]},{"damage_healed":0,"gold_gain":0,"player_choice":"Take Damage","damage_taken":17,"relics_obtained":["Golden Idol"],"max_hp_gain":0,"max_hp_loss":0,"event_name":"Golden Idol","floor":13,"gold_loss":0},{"damage_healed":0,"gold_gain":0,"player_choice":"Obtained Book","damage_taken":16,"max_hp_gain":0,"max_hp_loss":0,"event_name":"Cursed Tome","floor":19,"gold_loss":0},{"damage_healed":0,"gold_gain":0,"player_choice":"Opened","damage_taken":0,"relics_obtained":["Oddly Smooth Stone"],"max_hp_gain":0,"max_hp_loss":0,"event_name":"The Mausoleum","floor":21,"gold_loss":0,"cards_obtained":["Writhe"]},{"damage_healed":0,"gold_gain":0,"player_choice":"Became a Ghost","damage_taken":0,"max_hp_gain":0,"max_hp_loss":35,"event_name":"Ghosts","floor":22,"gold_loss":0,"cards_obtained":["Ghostly","Ghostly","Ghostly","Ghostly","Ghostly"]},{"damage_healed":0,"gold_gain":0,"player_choice":"Shed Blood","damage_taken":9,"max_hp_gain":5,"max_hp_loss":0,"event_name":"Forgotten Altar","floor":30,"gold_loss":0},{"damage_healed":0,"gold_gain":0,"cards_transformed":["Strike_G"],"player_choice":"Transformed","damage_taken":0,"max_hp_gain":0,"max_hp_loss":0,"event_name":"Transmorgrifier","floor":37,"gold_loss":0,"cards_obtained":["Footwork"]},{"damage_healed":0,"gold_gain":0,"player_choice":"Embrace Madness","damage_taken":5,"max_hp_gain":0,"max_hp_loss":0,"event_name":"Winding Halls","floor":38,"gold_loss":0,"cards_obtained":["Madness","Madness"]},{"damage_healed":0,"gold_gain":0,"player_choice":"Paid","damage_taken":0,"relics_obtained":["Red Mask"],"max_hp_gain":0,"max_hp_loss":0,"event_name":"Tomb of Lord Red Mask","floor":41,"gold_loss":15},{"damage_healed":0,"gold_gain":0,"player_choice":"Got Potions","damage_taken":0,"max_hp_gain":0,"max_hp_loss":0,"event_name":"Lab","floor":45,"gold_loss":0},{"damage_healed":0,"gold_gain":0,"player_choice":"Memory 1","damage_taken":0,"max_hp_gain":0,"max_hp_loss":0,"event_name":"SensoryStone","floor":47,"gold_loss":0}],"is_beta":false,"boss_relics":[{"not_picked":["Runic Dome","Fusion Hammer"],"picked":"Ectoplasm"},{"not_picked":["Runic Pyramid","Coffee Dripper"],"picked":"White Beast Statue"}],"items_purged_floors":[24],"is_endless":false,"potions_floor_spawned":[1,8,12,14,20,29,35,36,42,46],"killed_by":"3 Darklings","ascension_level":0}