{"gold_per_floor":[112,112,112,54,54,85,10,29,104,104,118,118,118,130,130,204,204,204,62,62,62,62,62,62,62,62,62,62,62,62,62,62,62,62,62,62,62,62,62,62,62,62,62,62,62],"floor_reached":45,"playtime":1452,"items_purged":["Strike_G","Strike_G"],"score":1028,"play_id":"e9f1f2cb-1a7f-4c62-85b4-ac622166811a","local_time":"20181126230644","is_ascension_mode":true,"campfire_choices":[{"data":"Neutralize","floor":10,"key":"SMITH"},{"data":"Bouncing Flask","floor":12,"key":"SMITH"},{"data":"Deadly Poison","floor":15,"key":"SMITH"},{"data":"Burst","floor":23,"key":"SMITH"},{"data":"Leg Sweep","floor":28,"key":"SMITH"},{"data":"Catalyst","floor":32,"key":"SMITH"},{"data":"Sadistic Nature","floor":40,"key":"SMITH"},{"data":"Acrobatics","floor":42,"key":"SMITH"}],"neow_cost":"NONE","seed_source_timestamp":10535582976573,"circlet_count":0,"master_deck":["AscendersBane","Defend_G","Defend_G","Defend_G","Defend_G+1","Defend_G","Strike_G","Survivor","Neutralize+1","Expertise","Deadly Poison+1","Bouncing Flask+1","Masterful Stab+1","Burst+1","Leg Sweep+1","Blur+1","Backflip","Catalyst+1","Sadistic Nature+1","Finesse","Prepared+1","Acrobatics+1"],"relics":["Ring of the Snake","Art of War","Orichalcum","Molten Egg 2","Meat on the Bone","Ectoplasm","Enchiridion","Bottled Lightning","Sozu","War Paint"],"potions_floor_usage":[16,33,33],"damage_taken":[{"damage":2,"enemies":"2 Louse","floor":1,"turns":3},{"damage":37,"enemies":"3 Sentries","floor":6,"turns":16},{"damage":0,"enemies":"Cultist","floor":8,"turns":3},{"damage":1,"enemies":"Small Slimes","floor":11,"turns":3},{"damage":11,"enemies":"3 Louse","floor":14,"turns":9},{"damage":6,"enemies":"Hexaghost","floor":16,"turns":11},{"damage":28,"enemies":"Chosen","floor":18,"turns":4},{"damage":10,"enemies":"Spheric Guardian","floor":20,"turns":4},{"damage":0,"enemies":"Snecko","floor":24,"turns":5},{"damage":20,"enemies":"Snake Plant","floor":25,"turns":5},{"damage":12,"enemies":"Shelled Parasite and Fungi","floor":30,"turns":4},{"damage":0,"enemies":"Automaton","floor":33,"turns":6},{"damage":1,"enemies":"3 Shapes","floor":35,"turns":4},{"damage":1,"enemies":"3 Darklings","floor":38,"turns":7},{"damage":0,"enemies":"Transient","floor":39,"turns":5},{"damage":3,"enemies":"Giant Head","floor":41,"turns":5},{"damage":50,"enemies":"Reptomancer","floor":45,"turns":2}],"seed_played":"-7159427622450063643","potions_obtained":[{"floor":1,"key":"SpeedPotion"},{"floor":14,"key":"SkillPotion"},{"floor":24,"key":"Block Potion"},{"floor":25,"key":"PowerPotion"},{"floor":30,"key":"PowerPotion"}],"is_trial":false,"path_per_floor":["M","$","?","$","?","E","$","M","T","R","M","R","?","M","R","B",null,"M","$","M","?","?","R","M","M","T","?","R","T","M","$","R","B",null,"M","?","?","M","M","R","E","R","T","?","E"],"character_chosen":"THE_SILENT","items_purchased":["Deadly Poison","Leg Sweep"],"campfire_rested":0,"item_purchase_floors":[4,19],"current_hp_per_floor":[57,57,57,57,39,2,2,2,2,2,13,13,18,19,19,25,60,44,44,46,46,25,25,37,29,29,29,29,29,29,29,29,41,64,63,53,53,52,52,52,49,49,49,49,0],"gold":62,"neow_bonus":"RANDOM_COMMON_RELIC","is_prod":false,"is_daily":false,"chose_seed":false,"campfire_upgraded":8,"win_rate":0,"timestamp":1543244804,"path_taken":["M","$","?","?","?","E","$","M","T","R","M","R","?","M","R","BOSS","M","$","M","?","?","R","M","M","T","?","R","?","?","?","R","BOSS","M","?","?","?","M","R","E","R","T","?","E"],"build_version":"2018-11-15","purchased_purges":2,"victory":false,"max_hp_per_floor":[66,66,66,66,66,66,66,66,66,66,66,66,71,71,71,71,71,71,71,71,71,71,71,71,71,71,71,71,71,71,71,71,71,71,71,71,71,71,71,71,71,71,71,71,71],"card_choices":[{"not_picked":["Accuracy","Quick Slash","Expertise"],"picked":"SKIP","floor":1},{"not_picked":["Accuracy","Quick Slash"],"picked":"Expertise","floor":1},{"not_picked":["Dodge and Roll","Quick Slash"],"picked":"Bouncing Flask","floor":6},{"not_picked":["Cloak And Dagger","Outmaneuver","Sucker Punch+1"],"picked":"SKIP","floor":8},{"not_picked":["Deadly Poison","Dodge and Roll"],"picked":"Masterful Stab+1","floor":11},{"not_picked":["Deadly Poison","Slice+1","Setup"],"picked":"SKIP","floor":14},{"not_picked":["Wraith Form v2","Envenom"],"picked":"Burst","floor":16},{"not_picked":["Underhanded Strike+1","Bouncing Flask","Dagger Throw+1"],"picked":"SKIP","floor":18},{"not_picked":["Finisher+1","Crippling Poison+1"],"picked":"Blur","floor":20},{"not_picked":["Blur","Backstab+1"],"picked":"Backflip","floor":24},{"not_picked":["Infinite Blades+1","Backflip","Sucker Punch+1"],"picked":"SKIP","floor":25},{"not_picked":["Poisoned Stab+1","Prepared"],"picked":"Catalyst","floor":30},{"not_picked":["Choke+1","Endless Agony+1","Outmaneuver"],"picked":"SKIP","floor":35},{"not_picked":["Finesse","Good Instincts"],"picked":"Sadistic Nature","floor":36},{"not_picked":["Jack Of All Trades","Madness"],"picked":"Finesse","floor":36},{"not_picked":["Dagger Spray+1","Dagger Throw+1"],"picked":"Prepared+1","floor":38},{"not_picked":["Bane+1","Terror","Backstab+1"],"picked":"SKIP","floor":39},{"not_picked":["Prepared","Terror"],"picked":"Acrobatics","floor":41}],"player_experience":1164938,"relics_obtained":[{"floor":6,"key":"Molten Egg 2"},{"floor":9,"key":"Meat on the Bone"},{"floor":22,"key":"Enchiridion"},{"floor":29,"key":"Bottled Lightning"},{"floor":41,"key":"War Paint"}],"event_choices":[{"cards_removed":["Strike_G"],"damage_healed":0,"gold_gain":0,"player_choice":"Purged","damage_taken":0,"max_hp_gain":0,"max_hp_loss":0,"event_name":"Purifier","floor":3,"gold_loss":0},{"damage_healed":0,"gold_gain":0,"player_choice":"Success","damage_taken":18,"relics_obtained":["Orichalcum"],"max_hp_gain":0,"max_hp_loss":0,"event_name":"Scrap Ooze","floor":5,"gold_loss":0},{"damage_healed":0,"gold_gain":0,"player_choice":"Donut","damage_taken":0,"max_hp_gain":5,"max_hp_loss":0,"event_name":"Big Fish","floor":13,"gold_loss":0},{"damage_healed":0,"gold_gain":50,"player_choice":"Stole From Cult","damage_taken":0,"max_hp_gain":0,"max_hp_loss":0,"event_name":"Nest","floor":21,"gold_loss":0},{"damage_healed":0,"gold_gain":0,"player_choice":"Obtained Book","damage_taken":21,"max_hp_gain":0,"max_hp_loss":0,"event_name":"Cursed Tome","floor":22,"gold_loss":0},{"damage_healed":0,"gold_gain":0,"player_choice":"Ignored","damage_taken":0,"max_hp_gain":0,"max_hp_loss":0,"event_name":"Vampires","floor":27,"gold_loss":0},{"damage_healed":0,"gold_gain":0,"player_choice":"Memory 3","damage_taken":10,"max_hp_gain":0,"max_hp_loss":0,"event_name":"SensoryStone","floor":36,"gold_loss":0},{"damage_healed":0,"gold_gain":0,"player_choice":"Got Potions","damage_taken":0,"max_hp_gain":0,"max_hp_loss":0,"event_name":"Lab","floor":37,"gold_loss":0},{"cards_removed":["Strike_G"],"damage_healed":0,"gold_gain":0,"player_choice":"Purged","damage_taken":0,"max_hp_gain":0,"max_hp_loss":0,"event_name":"Purifier","floor":44,"gold_loss":0}],"is_beta":true,"boss_relics":[{"not_picked":["HoveringKite","Ring of the Serpent"],"picked":"Ectoplasm"},{"not_picked":["Calling Bell","Eternal Feather"],"picked":"Sozu"}],"items_purged_floors":[7,19],"is_endless":false,"potions_floor_spawned":[1,14,24,25,30,41],"killed_by":"Reptomancer","ascension_level":20}