{"gold_per_floor":[109,34,34,48,63,63,77,17,17,17],"floor_reached":10,"playtime":301,"items_purged":["Strike_G"],"score":116,"play_id":"2b152eca-9d20-4f6f-a274-0d972e541f67","local_time":"20190124185428","is_ascension_mode":true,"campfire_choices":[{"data":"Neutralize","floor":6,"key":"SMITH"}],"neow_cost":"PERCENT_DAMAGE","seed_source_timestamp":22867260460996,"circlet_count":0,"master_deck":["AscendersBane","Defend_G","Defend_G","Defend_G","Defend_G","Strike_G","Strike_G","Strike_G","Strike_G","Survivor","Neutralize+1","After Image","Catalyst"],"relics":["Ring of the Snake","Tough Bandages","Pantograph"],"potions_floor_usage":[7],"damage_taken":[{"damage":11,"enemies":"Small Slimes","floor":1,"turns":5},{"damage":1,"enemies":"Cultist","floor":4,"turns":5},{"damage":4,"enemies":"Jaw Worm","floor":5,"turns":7},{"damage":0,"enemies":"Gremlin Gang","floor":7,"turns":4},{"damage":1,"enemies":"Looter","floor":8,"turns":5},{"damage":0,"enemies":"Lagavulin","floor":10,"turns":1}],"seed_played":"-3573310560066962999","potions_obtained":[{"floor":1,"key":"EssenceOfSteel"},{"floor":4,"key":"Explosive Potion"},{"floor":5,"key":"Fire Potion"}],"is_trial":false,"path_per_floor":["M","$","?","M","M","R","M","M","T","E"],"character_chosen":"THE_SILENT","items_purchased":[],"campfire_rested":0,"item_purchase_floors":[],"current_hp_per_floor":[33,33,33,32,28,28,28,27,27,27],"gold":17,"neow_bonus":"ONE_RARE_RELIC","is_prod":false,"is_daily":false,"chose_seed":false,"campfire_upgraded":1,"win_rate":0,"timestamp":1548327268,"path_taken":["M","$","?","M","?","R","M","M","T","E"],"build_version":"2019-01-23","purchased_purges":1,"victory":false,"max_hp_per_floor":[66,66,66,66,66,66,66,66,66,66],"card_choices":[{"not_picked":["Sucker Punch","Dagger Spray","All Out Attack"],"picked":"SKIP","floor":1},{"not_picked":["Underhanded Strike","Accuracy","Dagger Throw"],"picked":"SKIP","floor":4},{"not_picked":["Crippling Poison","Bane"],"picked":"After Image","floor":5},{"not_picked":["Reflex","Acrobatics"],"picked":"Catalyst","floor":7},{"not_picked":["PiercingWail","Sucker Punch","Bane"],"picked":"SKIP","floor":8}],"player_experience":2207507,"relics_obtained":[{"floor":9,"key":"Pantograph"}],"event_choices":[{"cards_removed":["Defend_G"],"damage_healed":0,"gold_gain":0,"player_choice":"Card Removal","damage_taken":0,"max_hp_gain":0,"max_hp_loss":0,"event_name":"Wheel of Change","floor":3,"gold_loss":0}],"is_beta":false,"boss_relics":[],"items_purged_floors":[2],"is_endless":false,"potions_floor_spawned":[1,4,5],"killed_by":"Lagavulin","ascension_level":20}