{"gold_per_floor":[111,122,146,162,36,92,92,119,119,119,131,148,174,192,192,265,265,280,180,180,199,74,74,107,125,125,144,144,171,171,186,186,259,259,273,273,288,288,301,301,141,141,168,188,206,220,220,70,70,70,70,70,70,70,96,96],"floor_reached":57,"playtime":2871,"items_purged":["Strike_G","Strike_G","Strike_G","Defend_G"],"score":3228,"play_id":"bad5becb-3ce6-4fbc-b906-f47eaaa74918","local_time":"20190124160710","is_ascension_mode":true,"campfire_choices":[{"data":"Well Laid Plans","floor":7.0,"key":"SMITH"},{"data":"Calculated Gamble","floor":15.0,"key":"SMITH"},{"data":"Grand Finale","floor":23.0,"key":"SMITH"},{"data":"Acrobatics","floor":28.0,"key":"SMITH"},{"data":"Acrobatics","floor":30.0,"key":"SMITH"},{"data":"Well Laid Plans","floor":32.0,"key":"SMITH"},{"data":"Adrenaline","floor":40.0,"key":"SMITH"},{"data":"Adrenaline","floor":42.0,"key":"SMITH"},{"floor":47.0,"key":"RECALL"},{"data":"Adrenaline","floor":49.0,"key":"SMITH"},{"data":"Neutralize","floor":53.0,"key":"SMITH"}],"neow_cost":"NONE","seed_source_timestamp":9643754401597,"circlet_count":0,"master_deck":["AscendersBane","Defend_G","Defend_G","Defend_G","Survivor","Neutralize+1","Grand Finale+1","Well Laid Plans+1","Acrobatics+1","Well Laid Plans+1","Adrenaline+1","Adrenaline+1","Adrenaline+1","Acrobatics+1","Die Die Die+1","Corpse Explosion+1","Die Die Die+1","Adrenaline+1","Tactician+1"],"special_seed":0,"relics":["Ring of the Snake","NeowsBlessing","Bag of Preparation","Tiny Chest","Pen Nib","Paper Crane","Darkstone Periapt","Eternal Feather","Omamori","Gambling Chip","Astrolabe","Toxic Egg 2","Snake Skull","Vajra"],"potions_floor_usage":[],"damage_taken":[{"damage":0.0,"enemies":"Cultist","floor":1.0,"turns":1.0},{"damage":0.0,"enemies":"Small Slimes","floor":2.0,"turns":1.0},{"damage":0.0,"enemies":"Jaw Worm","floor":4.0,"turns":1.0},{"damage":4.0,"enemies":"Gremlin Nob","floor":6.0,"turns":3.0},{"damage":7.0,"enemies":"Lagavulin","floor":8.0,"turns":7.0},{"damage":1.0,"enemies":"Exordium Thugs","floor":11.0,"turns":2.0},{"damage":5.0,"enemies":"Lots of Slimes","floor":12.0,"turns":2.0},{"damage":0.0,"enemies":"3 Sentries","floor":13.0,"turns":1.0},{"damage":0.0,"enemies":"Looter","floor":14.0,"turns":1.0},{"damage":6.0,"enemies":"The Guardian","floor":16.0,"turns":12.0},{"damage":0.0,"enemies":"Chosen","floor":18.0,"turns":1.0},{"damage":0.0,"enemies":"Spheric Guardian","floor":21.0,"turns":2.0},{"damage":9.0,"enemies":"Book of Stabbing","floor":24.0,"turns":4.0},{"damage":0.0,"enemies":"Centurion and Healer","floor":25.0,"turns":3.0},{"damage":9.0,"enemies":"Shelled Parasite and Fungi","floor":27.0,"turns":2.0},{"damage":0.0,"enemies":"Gremlin Leader","floor":29.0,"turns":2.0},{"damage":0.0,"enemies":"Cultist and Chosen","floor":31.0,"turns":1.0},{"damage":0.0,"enemies":"Collector","floor":33.0,"turns":3.0},{"damage":0.0,"enemies":"Orb Walker","floor":35.0,"turns":1.0},{"damage":0.0,"enemies":"3 Shapes","floor":37.0,"turns":1.0},{"damage":0.0,"enemies":"Writhing Mass","floor":39.0,"turns":1.0},{"damage":0.0,"enemies":"Transient","floor":44.0,"turns":5.0},{"damage":0.0,"enemies":"Spire Growth","floor":45.0,"turns":1.0},{"damage":0.0,"enemies":"Maw","floor":46.0,"turns":1.0},{"damage":0.0,"enemies":"Awakened One","floor":50.0,"turns":2.0},{"damage":0.0,"enemies":"Donu and Deca","floor":51.0,"turns":1.0},{"damage":0.0,"enemies":"Shield and Spear","floor":55.0,"turns":1.0},{"damage":45,"enemies":"The Heart","floor":56,"turns":3}],"seed_played":"7627166864079862420","potions_obtained":[{"floor":2.0,"key":"Weak Potion"},{"floor":4.0,"key":"SteroidPotion"},{"floor":12.0,"key":"Weak Potion"},{"floor":14.0,"key":"GhostInAJar"},{"floor":18.0,"key":"GhostInAJar"}],"is_trial":false,"path_per_floor":["M","M","T","M","$","E","R","E","T","?","M","M","E","M","R","B",null,"M","$","?","M","$","R","E","M","T","M","R","E","R","M","R","B",null,"M","T","M","?","M","R","$","R","T","M","M","M","R","$","R","B","B",null,"R","$","E","B",null],"character_chosen":"THE_SILENT","items_purchased":["Acrobatics","Adrenaline+1"],"campfire_rested":0,"item_purchase_floors":[5,41],"current_hp_per_floor":[59,59,59,59,59,55,55,48,48,48,47,42,42,42,42,36,59,59,59,59,59,59,66,57,57,57,48,57,57,66,66,66,66,66,66,66,66,66,66,66,66,66,66,66,66,66,66,66,66,66,66,66,66,66,66,21],"gold":96,"neow_bonus":"THREE_ENEMY_KILL","is_prod":false,"is_daily":false,"chose_seed":false,"campfire_upgraded":10,"win_rate":0,"timestamp":1548317230,"path_taken":["M","?","?","?","$","E","R","E","T","?","M","M","E","M","R","BOSS","M","$","?","M","$","R","E","M","T","M","R","E","R","M","R","BOSS","M","?","?","?","M","R","$","R","T","M","M","M","R","$","R","BOSS","BOSS","R","$","E","BOSS"],"build_version":"2019-01-23","purchased_purges":4,"victory":true,"max_hp_per_floor":[66,66,66,66,66,66,66,66,66,66,66,66,66,66,66,66,66,66,66,66,66,66,66,66,66,66,66,66,66,66,66,66,66,66,66,66,66,66,66,66,66,66,66,66,66,66,66,66,66,66,66,66,66,66,66,66],"card_choices":[{"not_picked":["Dodge and Roll","Prepared","Heel Hook"],"picked":"SKIP","floor":1.0},{"not_picked":["Prepared","Quick Slash"],"picked":"Grand Finale","floor":2.0},{"not_picked":["Slice","Masterful Stab"],"picked":"Well Laid Plans","floor":4.0},{"not_picked":["Blur","Riddle With Holes","Slice"],"picked":"SKIP","floor":6.0},{"not_picked":["Backflip","Flying Knee"],"picked":"Calculated Gamble","floor":8.0},{"not_picked":["All Out Attack","Prepared","Deflect"],"picked":"SKIP","floor":11.0},{"not_picked":["Slice","Predator"],"picked":"Well Laid Plans","floor":12.0},{"not_picked":["Blade Dance","Infinite Blades","Flying Knee"],"picked":"SKIP","floor":13.0},{"not_picked":["Sucker Punch","Malaise","Escape Plan"],"picked":"SKIP","floor":14.0},{"not_picked":["Grand Finale","Storm of Steel"],"picked":"Adrenaline","floor":16.0},{"not_picked":["Flying Knee","Dodge and Roll","Bane"],"picked":"SKIP","floor":18.0},{"not_picked":["Riddle With Holes","Dagger Throw","PiercingWail"],"picked":"SKIP","floor":21.0},{"not_picked":["PiercingWail","Poisoned Stab"],"picked":"Adrenaline","floor":24.0},{"not_picked":["Caltrops","Deflect","Backflip"],"picked":"SKIP","floor":25.0},{"not_picked":["Dagger Spray+1","Envenom"],"picked":"Acrobatics","floor":27.0},{"not_picked":["Crippling Poison+1","Slice","Quick Slash"],"picked":"SKIP","floor":29.0},{"not_picked":["Outmaneuver","Underhanded Strike","Slice"],"picked":"SKIP","floor":31.0},{"not_picked":["Predator+1","Deadly Poison","Flying Knee"],"picked":"SKIP","floor":35.0},{"not_picked":["Sucker Punch","Underhanded Strike","Predator"],"picked":"SKIP","floor":37.0},{"not_picked":["Noxious Fumes+1","Sucker Punch","Blade Dance+1"],"picked":"SKIP","floor":39.0},{"not_picked":["Eviscerate","Prepared+1","Blade Dance+1"],"picked":"SKIP","floor":44.0},{"not_picked":["Dagger Throw+1","Deadly Poison+1"],"picked":"Tactician+1","floor":45.0},{"not_picked":["PiercingWail+1","Quick Slash+1","Caltrops+1"],"picked":"SKIP","floor":46.0},{"not_picked":["Night Terror+1","Outmaneuver+1","Backflip+1"],"picked":"SKIP","floor":55.0}],"player_experience":2196889,"relics_obtained":[{"floor":3.0,"key":"Bag of Preparation"},{"floor":6.0,"key":"Tiny Chest"},{"floor":8.0,"key":"Pen Nib"},{"floor":9.0,"key":"Paper Crane"},{"floor":13.0,"key":"Darkstone Periapt"},{"floor":24.0,"key":"Omamori"},{"floor":29.0,"key":"Gambling Chip"},{"floor":36.0,"key":"Toxic Egg 2"},{"floor":43.0,"key":"Snake Skull"},{"floor":55.0,"key":"Vajra"}],"event_choices":[{"damage_healed":0.0,"max_hp_gain":0.0,"max_hp_loss":0.0,"gold_gain":0.0,"event_name":"Liars Game","player_choice":"Ignored","floor":10.0,"gold_loss":0.0,"damage_taken":0.0},{"damage_healed":0.0,"max_hp_gain":0.0,"max_hp_loss":0.0,"gold_gain":0.0,"event_name":"Duplicator","player_choice":"Copied","floor":20.0,"gold_loss":0.0,"damage_taken":0.0,"cards_obtained":["Adrenaline"]},{"cards_removed":["Calculated Gamble"],"damage_healed":0.0,"max_hp_gain":0.0,"max_hp_loss":0.0,"gold_gain":0.0,"event_name":"Falling","player_choice":"Removed Skill","floor":38.0,"gold_loss":0.0,"damage_taken":0.0}],"is_beta":false,"boss_relics":[{"not_picked":["Runic Dome","Snecko Eye"],"picked":"Eternal Feather"},{"not_picked":["Cursed Key","Lizard Tail"],"picked":"Astrolabe"}],"items_purged_floors":[5,19,22,48],"is_endless":false,"potions_floor_spawned":[2,4,12,14,18,25,29,33,35,44,45],"ascension_level":20}