{"gold_per_floor":[119,119,119,135,100,130,32,32,85,85,116,116,187,208,208,301,301,301,59,59,59,59,59,59,59,59,59,59,59,59,59,59,59],"floor_reached":33,"playtime":1575,"items_purged":[],"score":632,"play_id":"9efe9614-7fe1-451a-8df4-77026c86f711","local_time":"20190801163801","is_ascension_mode":true,"campfire_choices":[{"floor":8.0,"key":"REST"},{"data":"Well Laid Plans","floor":10.0,"key":"SMITH"},{"floor":15,"key":"REST"},{"data":"Burst","floor":23,"key":"SMITH"},{"floor":27,"key":"REST"},{"floor":30,"key":"REST"},{"data":"Noxious Fumes","floor":32,"key":"SMITH"}],"neow_cost":"NONE","seed_source_timestamp":103924925945348,"circlet_count":0,"master_deck":["AscendersBane","Strike_G+1","Strike_G+1","Strike_G+1","Strike_G+1","Defend_G+1","Defend_G+1","Defend_G+1","Defend_G+1","Defend_G+1","Survivor","Neutralize","Infinite Blades+1","Infinite Blades","Well Laid Plans+1","Dagger Throw","Accuracy","Caltrops","Noxious Fumes+1","Die Die Die","Burst+1","Crippling Poison","Backflip","Panache","Corpse Explosion","Backflip","PiercingWail","Envenom"],"special_seed":0,"relics":["WristBlade","Boot","War Paint","Pen Nib","Golden Idol","PreservedInsect","Ectoplasm","Regal Pillow","Bronze Scales","Centennial Puzzle"],"potions_floor_usage":[11,13,16,33],"damage_taken":[{"damage":6.0,"enemies":"Cultist","floor":1.0,"turns":5.0},{"damage":0.0,"enemies":"2 Louse","floor":4.0,"turns":4.0},{"damage":27.0,"enemies":"3 Sentries","floor":6.0,"turns":8.0},{"damage":8,"enemies":"Gremlin Nob","floor":11,"turns":3},{"damage":17,"enemies":"Gremlin Nob","floor":13,"turns":4},{"damage":0,"enemies":"Small Slimes","floor":14,"turns":3},{"damage":3,"enemies":"Slime Boss","floor":16,"turns":6},{"damage":19,"enemies":"Chosen","floor":18,"turns":5},{"damage":0,"enemies":"Spheric Guardian","floor":22,"turns":3},{"damage":2,"enemies":"Snecko","floor":24,"turns":5},{"damage":16,"enemies":"Gremlin Leader","floor":25,"turns":5},{"damage":10,"enemies":"Snake Plant","floor":28,"turns":3},{"damage":21,"enemies":"Slavers","floor":29,"turns":2},{"damage":13,"enemies":"Centurion and Healer","floor":31,"turns":4},{"damage":46,"enemies":"Champ","floor":33,"turns":6}],"seed_played":"-3831670818638050902","potions_obtained":[{"floor":1.0,"key":"Ancient Potion"},{"floor":4.0,"key":"Weak Potion"},{"floor":6.0,"key":"FearPotion"},{"floor":14,"key":"Block Potion"},{"floor":28,"key":"Poison Potion"},{"floor":29,"key":"SpeedPotion"}],"is_trial":false,"path_per_floor":["M","?","?","M","?","E","$","R","T","R","E","?","?","M","R","B",null,"M","$","?","?","M","R","M","E","T","R","M","E","R","M","R","B"],"character_chosen":"THE_SILENT","items_purchased":["Dagger Throw","Accuracy","Backflip","Panache"],"campfire_rested":4,"item_purchase_floors":[7,7,19,19],"current_hp_per_floor":[53,53,46,46,62,35,35,54,54,54,46,23,6,6,25,22,55,36,36,36,36,36,36,34,18,18,52,42,21,55,42,42,0],"gold":59,"neow_bonus":"BOSS_RELIC","is_prod":false,"is_daily":false,"chose_seed":false,"campfire_upgraded":3,"win_rate":0,"timestamp":1564670281,"path_taken":["M","?","?","M","?","E","?","R","T","R","E","?","?","M","R","BOSS","M","$","?","?","M","R","M","E","T","R","M","E","R","M","R","BOSS"],"build_version":"2019-07-17","purchased_purges":0,"victory":false,"max_hp_per_floor":[66,66,66,66,66,66,66,66,66,66,66,66,66,66,66,66,66,66,66,66,66,66,66,66,66,66,66,66,66,66,66,66,66],"card_choices":[{"not_picked":["PiercingWail","Flying Knee"],"picked":"Infinite Blades","floor":1.0},{"not_picked":["Deflect","Reflex"],"picked":"Infinite Blades","floor":4.0},{"not_picked":["Quick Slash","Outmaneuver"],"picked":"Well Laid Plans","floor":6.0},{"not_picked":["Quick Slash","Expertise"],"picked":"Caltrops","floor":11},{"not_picked":["Expertise","Deadly Poison"],"picked":"Noxious Fumes","floor":13},{"not_picked":["PiercingWail","Flechettes"],"picked":"Die Die Die","floor":14},{"not_picked":["Doppelganger","Night Terror"],"picked":"Burst","floor":16},{"not_picked":["Blade Dance","Dodge and Roll"],"picked":"Crippling Poison","floor":18},{"not_picked":["Quick Slash+1","Acrobatics"],"picked":"Corpse Explosion","floor":22},{"not_picked":["Backstab","Dagger Spray+1","Calculated Gamble"],"picked":"SKIP","floor":24},{"not_picked":["Blade Dance","Bane+1"],"picked":"Backflip","floor":25},{"not_picked":["Slice","Deflect"],"picked":"PiercingWail","floor":28},{"not_picked":["Prepared","Blade Dance"],"picked":"Envenom","floor":29},{"not_picked":["Dagger Throw","Finisher","Bane"],"picked":"SKIP","floor":31}],"player_experience":807230,"relics_obtained":[{"floor":6.0,"key":"Boot"},{"floor":9.0,"key":"War Paint"},{"floor":11,"key":"Pen Nib"},{"floor":13,"key":"PreservedInsect"},{"floor":25,"key":"Regal Pillow"},{"floor":26,"key":"Bronze Scales"},{"floor":29,"key":"Centennial Puzzle"}],"event_choices":[{"damage_healed":0.0,"max_hp_gain":0.0,"max_hp_loss":0.0,"gold_gain":0.0,"event_name":"Living Wall","player_choice":"Grow","floor":2.0,"gold_loss":0.0,"damage_taken":0.0,"cards_upgraded":["Infinite Blades"]},{"cards_removed":["Strike_G"],"damage_healed":0.0,"max_hp_gain":0.0,"max_hp_loss":0.0,"gold_gain":0.0,"event_name":"Golden Wing","player_choice":"Card Removal","floor":3.0,"gold_loss":0.0,"damage_taken":7.0},{"damage_healed":16.0,"max_hp_gain":0.0,"max_hp_loss":0.0,"gold_gain":0.0,"event_name":"The Cleric","player_choice":"Healed","floor":5.0,"gold_loss":35.0,"damage_taken":0.0},{"damage_healed":0,"gold_gain":0,"player_choice":"Take Damage","damage_taken":23,"relics_obtained":["Golden Idol"],"max_hp_gain":0,"max_hp_loss":0,"event_name":"Golden Idol","floor":12,"gold_loss":0},{"damage_healed":0,"gold_gain":0,"player_choice":"Searched \u00271\u0027 times","damage_taken":0,"max_hp_gain":0,"max_hp_loss":0,"event_name":"Dead Adventurer","floor":13,"gold_loss":0},{"damage_healed":0,"gold_gain":0,"player_choice":"Simplicity","damage_taken":0,"max_hp_gain":0,"max_hp_loss":0,"event_name":"Back to Basics","floor":20,"gold_loss":0,"cards_upgraded":["Strike_G","Strike_G","Strike_G","Strike_G","Defend_G","Defend_G","Defend_G"]},{"damage_healed":0,"gold_gain":0,"player_choice":"Ignored","damage_taken":0,"max_hp_gain":0,"max_hp_loss":0,"event_name":"The Mausoleum","floor":21,"gold_loss":0}],"is_beta":false,"boss_relics":[{"not_picked":["Tiny House","Calling Bell"],"picked":"Ectoplasm"}],"items_purged_floors":[],"is_endless":false,"potions_floor_spawned":[1,4,6,14,28,29],"killed_by":"Champ","ascension_level":20}