{"gold_per_floor":[117,4,4,154,229,263,263,22,22,22,65,84,84,97,97,191,191,212,212,233,247,247,288,106,106,154,154],"floor_reached":27,"playtime":544,"items_purged":["Doubt","Strike_B"],"score":574,"play_id":"61f74d61-f505-49cd-ac9a-5eb212fad5b7","local_time":"20190301171801","is_ascension_mode":true,"campfire_choices":[{"data":"Zap","floor":7.0,"key":"SMITH"},{"data":"Loop","floor":13.0,"key":"SMITH"},{"data":"Darkness","floor":15.0,"key":"SMITH"},{"data":"Hologram","floor":25.0,"key":"SMITH"}],"neow_cost":"NONE","seed_source_timestamp":92581930264013,"circlet_count":0,"master_deck":["AscendersBane","Strike_B","Strike_B","Strike_B","Defend_B","Defend_B","Defend_B","Defend_B","Zap+1","Dualcast","Barrage","Loop+1","Steam","Compile Driver","All For One","Turbo","Skim","Darkness+1","Tempest","Conserve Battery+1","Meteor Strike","Hologram+1","Coolheaded"],"special_seed":0,"relics":["Cracked Core","NeowsBlessing","Golden Idol","Art of War","Meat on the Bone","Regal Pillow","Snecko Eye","Nilry\u0027s Codex","Letter Opener","Juzu Bracelet"],"potions_floor_usage":[27],"damage_taken":[{"damage":0.0,"enemies":"Small Slimes","floor":1.0,"turns":1.0},{"damage":0.0,"enemies":"3 Sentries","floor":6.0,"turns":1.0},{"damage":0.0,"enemies":"Gremlin Nob","floor":11.0,"turns":1.0},{"damage":0.0,"enemies":"2 Louse","floor":12.0,"turns":2.0},{"damage":1.0,"enemies":"Cultist","floor":14.0,"turns":3.0},{"damage":45.0,"enemies":"Hexaghost","floor":16.0,"turns":8.0},{"damage":0.0,"enemies":"Chosen","floor":18.0,"turns":3.0},{"damage":22.0,"enemies":"Spheric Guardian","floor":20.0,"turns":4.0},{"damage":18.0,"enemies":"Snecko","floor":21.0,"turns":3.0},{"damage":8.0,"enemies":"Gremlin Leader","floor":23.0,"turns":4.0},{"damage":16,"enemies":"Shelled Parasite and Fungi","floor":27,"turns":2}],"seed_played":"5047837788918674621","potions_obtained":[{"floor":12.0,"key":"Dexterity Potion"},{"floor":14.0,"key":"AttackPotion"},{"floor":16.0,"key":"Strength Potion"},{"floor":21.0,"key":"AttackPotion"}],"is_trial":false,"path_per_floor":["M","$","?","?","?","E","R","$","T","$","E","M","R","M","R","B",null,"M","?","M","M","?","E","$","R","T","M"],"character_chosen":"DEFECT","items_purchased":["Loop","Steam","All For One","Hologram","Coolheaded"],"campfire_rested":0,"item_purchase_floors":[2,2,8,24,24],"current_hp_per_floor":[64,64,64,64,53,53,53,53,53,53,53,53,53,52,52,19,53,53,32,22,16,12,16,16,16,16,0],"gold":154,"neow_bonus":"THREE_ENEMY_KILL","is_prod":false,"is_daily":false,"chose_seed":false,"campfire_upgraded":4,"win_rate":0,"timestamp":1551431881,"path_taken":["M","$","?","?","?","E","R","$","T","$","E","M","R","M","R","BOSS","M","?","M","M","?","E","$","R","T","M"],"build_version":"2019-01-23","purchased_purges":2,"victory":false,"max_hp_per_floor":[71,71,64,64,64,64,64,64,64,64,64,64,64,64,64,64,64,64,64,64,64,64,64,64,64,64,64],"card_choices":[{"not_picked":["Lockon","Compile Driver"],"picked":"Barrage","floor":1.0},{"not_picked":["Steam","Rip and Tear"],"picked":"Compile Driver","floor":6.0},{"not_picked":["Go for the Eyes","Scrape"],"picked":"Turbo","floor":11.0},{"not_picked":["Hologram","Streamline"],"picked":"Skim","floor":12.0},{"not_picked":["Steam","Leap"],"picked":"Darkness","floor":14.0},{"not_picked":["Ball Lightning","FTL"],"picked":"Tempest","floor":18.0},{"not_picked":["Barrage","Gash"],"picked":"Conserve Battery+1","floor":20.0},{"not_picked":["Cold Snap","Streamline+1","Barrage"],"picked":"SKIP","floor":21.0},{"not_picked":["Coolheaded","Chill+1"],"picked":"Meteor Strike","floor":23.0}],"player_experience":1056632,"relics_obtained":[{"floor":6.0,"key":"Art of War"},{"floor":9.0,"key":"Meat on the Bone"},{"floor":11.0,"key":"Regal Pillow"},{"floor":19.0,"key":"Nilry\u0027s Codex"},{"floor":23.0,"key":"Letter Opener"},{"floor":26.0,"key":"Juzu Bracelet"}],"event_choices":[{"damage_healed":0.0,"max_hp_gain":0.0,"max_hp_loss":7.0,"gold_gain":0.0,"event_name":"Golden Idol","player_choice":"Lose Max HP","floor":3.0,"gold_loss":0.0,"damage_taken":0.0,"relics_obtained":["Golden Idol"]},{"damage_healed":0.0,"max_hp_gain":0.0,"max_hp_loss":0.0,"gold_gain":150.0,"event_name":"Liars Game","player_choice":"AGREE","floor":4.0,"gold_loss":0.0,"damage_taken":0.0,"cards_obtained":["Doubt"]},{"damage_healed":0.0,"max_hp_gain":0.0,"max_hp_loss":0.0,"gold_gain":75.0,"event_name":"World of Goop","player_choice":"Gather Gold","floor":5.0,"gold_loss":0.0,"damage_taken":11.0},{"damage_healed":0.0,"max_hp_gain":0.0,"max_hp_loss":0.0,"gold_gain":0.0,"event_name":"Cursed Tome","player_choice":"Obtained Book","floor":19.0,"gold_loss":0.0,"damage_taken":21.0},{"damage_healed":0.0,"max_hp_gain":0.0,"max_hp_loss":0.0,"gold_gain":0.0,"event_name":"The Woman in Blue","player_choice":"Bought 0 Potions","floor":22.0,"gold_loss":0.0,"damage_taken":0.0}],"is_beta":false,"boss_relics":[{"not_picked":["FrozenCore","Ectoplasm"],"picked":"Snecko Eye"}],"items_purged_floors":[8,24],"is_endless":false,"potions_floor_spawned":[12,14,16,18,21],"killed_by":"Shelled Parasite and Fungi","ascension_level":20}