{"gold_per_floor":[17,17,17,32,45,45,65,82,105,166,166,176,176,196,196,196],"floor_reached":16,"playtime":481,"items_purged":[],"score":208,"play_id":"03b812b6-c807-4447-9d67-cdc7a05153bf","local_time":"20181228120348","is_ascension_mode":true,"campfire_choices":[{"data":"Poisoned Stab","floor":6.0,"key":"SMITH"},{"data":"Corpse Explosion","floor":11.0,"key":"SMITH"},{"data":"Neutralize","floor":15.0,"key":"SMITH"}],"neow_cost":"NO_GOLD","seed_source_timestamp":952785771223,"circlet_count":0,"master_deck":["AscendersBane","Defend_G","Defend_G","Defend_G+1","Defend_G","Strike_G","Strike_G","Strike_G+1","Strike_G","Survivor","Neutralize+1","Poisoned Stab+1","PiercingWail","Terror","PiercingWail","Corpse Explosion+1","Backflip"],"special_seed":0,"relics":["Ring of the Snake","Bag of Marbles","Tiny Chest"],"potions_floor_usage":[16],"damage_taken":[{"damage":0.0,"enemies":"2 Louse","floor":1.0,"turns":2.0},{"damage":0.0,"enemies":"Small Slimes","floor":4.0,"turns":3.0},{"damage":0.0,"enemies":"Jaw Worm","floor":5.0,"turns":5.0},{"damage":0.0,"enemies":"Blue Slaver","floor":7.0,"turns":4.0},{"damage":7.0,"enemies":"Exordium Thugs","floor":8.0,"turns":4.0},{"damage":19.0,"enemies":"3 Sentries","floor":10.0,"turns":12.0},{"damage":0.0,"enemies":"Gremlin Gang","floor":12.0,"turns":3.0},{"damage":0.0,"enemies":"3 Louse","floor":14.0,"turns":1.0},{"damage":25,"enemies":"Slime Boss","floor":16,"turns":6}],"seed_played":"1474002868168492104","potions_obtained":[{"floor":5.0,"key":"SneckoOil"},{"floor":7.0,"key":"Fire Potion"},{"floor":14.0,"key":"Poison Potion"}],"is_trial":false,"path_per_floor":["M","?","$","M","M","R","M","M","T","E","R","M","?","M","R","B"],"character_chosen":"THE_SILENT","items_purchased":[],"campfire_rested":0,"item_purchase_floors":[],"current_hp_per_floor":[59,39,39,39,39,39,39,32,32,13,13,13,35,35,35,10],"gold":196,"neow_bonus":"REMOVE_TWO","is_prod":false,"is_daily":false,"chose_seed":false,"campfire_upgraded":3,"win_rate":0,"timestamp":1545969828,"path_taken":["M","?","$","M","M","R","M","M","T","E","R","M","?","M","R","BOSS"],"build_version":"2018-12-20","purchased_purges":0,"victory":false,"max_hp_per_floor":[66,66,66,66,66,66,66,66,66,66,66,66,66,66,66,66],"card_choices":[{"not_picked":["Bane","Slice"],"picked":"Poisoned Stab","floor":1.0},{"not_picked":["PiercingWail","Prepared","Setup"],"picked":"SKIP","floor":4.0},{"not_picked":["Prepared","Setup"],"picked":"PiercingWail","floor":4.0},{"not_picked":["Underhanded Strike","Flying Knee","Finisher"],"picked":"SKIP","floor":5.0},{"not_picked":["Escape Plan","Cloak And Dagger"],"picked":"Terror","floor":7.0},{"not_picked":["Reflex","Accuracy"],"picked":"PiercingWail","floor":8.0},{"not_picked":["Leg Sweep","Flying Knee"],"picked":"Corpse Explosion","floor":10.0},{"not_picked":["Caltrops","Slice"],"picked":"Backflip","floor":12.0},{"not_picked":["Outmaneuver","Dash","Poisoned Stab"],"picked":"SKIP","floor":14.0}],"player_experience":1542874,"relics_obtained":[{"floor":9.0,"key":"Bag of Marbles"},{"floor":10.0,"key":"Tiny Chest"}],"event_choices":[{"damage_healed":0.0,"max_hp_gain":0.0,"max_hp_loss":0.0,"gold_gain":0.0,"event_name":"Shining Light","player_choice":"Entered Light","floor":2.0,"gold_loss":0.0,"damage_taken":20.0,"cards_upgraded":["Strike_G","Defend_G"]},{"damage_healed":22.0,"max_hp_gain":0.0,"max_hp_loss":0.0,"gold_gain":0.0,"event_name":"Big Fish","player_choice":"Banana","floor":13.0,"gold_loss":0.0,"damage_taken":0.0}],"is_beta":false,"boss_relics":[],"items_purged_floors":[],"is_endless":false,"potions_floor_spawned":[5,7,14],"killed_by":"Slime Boss","ascension_level":20}