{"gold_per_floor":[114,125,125,174,174,201,201,214,288,288,322,336,261,18,18,92,92,103,103,115,132,27,27,53,53,53,64,64,115,23,34,34,108,108,119,119,53,53,70,70,170,187,187,202,233,11,42,61,61,61,61,61,61,4,30,30],"floor_reached":57,"playtime":3525,"items_purged":[],"score":3401,"play_id":"5f16a08b-9556-403b-8b1d-3dd2ac6b45b5","local_time":"20190511125920","is_ascension_mode":true,"campfire_choices":[{"data":"Dualcast","floor":7.0,"key":"SMITH"},{"data":"Coolheaded","floor":10.0,"key":"SMITH"},{"data":"Capacitor","floor":15.0,"key":"SMITH"},{"data":"Turbo","floor":23.0,"key":"SMITH"},{"data":"Heatsinks","floor":28.0,"key":"SMITH"},{"data":"Buffer","floor":32.0,"key":"SMITH"},{"floor":40.0,"key":"RECALL"},{"data":"Loop","floor":49.0,"key":"SMITH"},{"data":"Machine Learning","floor":53.0,"key":"SMITH"}],"neow_cost":"NONE","seed_source_timestamp":0,"circlet_count":0,"master_deck":["AscendersBane","Dualcast+1","Turbo+1","Capacitor+1","Core Surge","Coolheaded+1","Darkness+1","Consume+1","Electrodynamics","Gash","Buffer+1","Reinforced Body+1","Hello World","Rainbow+1","Reprogram+1","Rainbow+1","Stack+1","Coolheaded+1","Heatsinks+1","Turbo+1","Reinforced Body+1","Machine Learning+1","Ghostly+1","Ghostly+1","Ghostly+1","Stack+1","Double Energy+1","Glacier+1","Double Energy+1","Reboot+1","Reprogram+1","Double Energy+1","Double Energy+1","Tempest+1","Chill+1","Glacier+1","Reprogram+1","Loop+1","Reinforced Body+1","Reinforced Body+1","Skim+1","Hologram+1","Coolheaded+1"],"special_seed":0,"relics":["Cracked Core","NeowsBlessing","Emotion Chip","Bag of Preparation","The Courier","Toxic Egg 2","Dead Branch","Chemical X","Pandora\u0027s Box","PreservedInsect","Anchor","Sozu","Nunchaku","Smiling Mask","Art of War","Membership Card","Symbiotic Virus","Du-Vu Doll"],"potions_floor_usage":[56,56],"damage_taken":[{"damage":0.0,"enemies":"2 Louse","floor":1.0,"turns":1.0},{"damage":0.0,"enemies":"Jaw Worm","floor":2.0,"turns":1.0},{"damage":0.0,"enemies":"Lagavulin","floor":6.0,"turns":1.0},{"damage":0.0,"enemies":"Small Slimes","floor":8.0,"turns":2.0},{"damage":12.0,"enemies":"3 Sentries","floor":11.0,"turns":7.0},{"damage":0.0,"enemies":"Exordium Wildlife","floor":12.0,"turns":3.0},{"damage":20.0,"enemies":"Hexaghost","floor":16.0,"turns":9.0},{"damage":0.0,"enemies":"3 Byrds","floor":18.0,"turns":3.0},{"damage":2.0,"enemies":"Spheric Guardian","floor":20.0,"turns":4.0},{"damage":25.0,"enemies":"Shelled Parasite and Fungi","floor":21.0,"turns":8.0},{"damage":8.0,"enemies":"Gremlin Leader","floor":24.0,"turns":6.0},{"damage":0.0,"enemies":"Centurion and Healer","floor":27.0,"turns":4.0},{"damage":0.0,"enemies":"Snake Plant","floor":31.0,"turns":3.0},{"damage":0.0,"enemies":"Collector","floor":33.0,"turns":7.0},{"damage":0.0,"enemies":"Orb Walker","floor":35.0,"turns":2.0},{"damage":0.0,"enemies":"3 Darklings","floor":39.0,"turns":3.0},{"damage":0.0,"enemies":"Mind Bloom Boss Battle","floor":41.0,"turns":5.0},{"damage":0.0,"enemies":"Writhing Mass","floor":42.0,"turns":2.0},{"damage":0.0,"enemies":"Jaw Worm Horde","floor":44.0,"turns":3.0},{"damage":0.0,"enemies":"Nemesis","floor":45.0,"turns":7.0},{"damage":0.0,"enemies":"Reptomancer","floor":47.0,"turns":1.0},{"damage":0.0,"enemies":"Spire Growth","floor":48.0,"turns":3.0},{"damage":0.0,"enemies":"Time Eater","floor":50.0,"turns":10.0},{"damage":0.0,"enemies":"Donu and Deca","floor":51.0,"turns":8.0},{"damage":0,"enemies":"Shield and Spear","floor":55,"turns":3},{"damage":7,"enemies":"The Heart","floor":56,"turns":17}],"seed_played":"-6555270948498243757","potions_obtained":[{"floor":2.0,"key":"Fire Potion"},{"floor":11.0,"key":"Swift Potion"},{"floor":18.0,"key":"AttackPotion"},{"floor":27.0,"key":"Explosive Potion"},{"floor":33.0,"key":"AttackPotion"}],"is_trial":false,"path_per_floor":["M","M","?","T","?","E","R","M","T","R","E","M","?","$","R","B",null,"M","?","M","M","$","R","E","?","T","M","R","T","$","M","R","B",null,"M","?","$","?","M","R","?","M","T","M","E","$","E","M","R","B","B",null,"R","$","E","B",null],"character_chosen":"DEFECT","items_purchased":["Consume+1","Chemical X","Turbo+1","Reinforced Body+1","Double Energy+1","Glacier+1","Double Energy+1","Membership Card","Reprogram+1","Loop","Skim+1","Hologram+1"],"campfire_rested":0,"item_purchase_floors":[14,14,22,22,30,30,37,46,46,46,54,54],"current_hp_per_floor":[64,64,64,64,64,64,64,64,64,64,52,52,52,52,52,32,61,61,61,59,34,34,34,26,26,26,26,26,26,26,26,26,26,33,33,33,33,33,33,33,33,33,33,33,33,33,33,33,33,33,33,35,35,35,35,28],"gold":30,"neow_bonus":"THREE_ENEMY_KILL","is_prod":false,"is_daily":false,"chose_seed":false,"campfire_upgraded":8,"win_rate":0,"timestamp":1557550760,"path_taken":["M","M","?","?","?","E","R","?","T","R","E","M","?","$","R","BOSS","M","?","?","?","$","R","E","?","T","M","R","?","?","M","R","BOSS","M","?","?","?","?","R","?","M","T","M","E","$","E","M","R","BOSS","BOSS","R","$","E","BOSS"],"build_version":"2019-01-23","purchased_purges":0,"victory":true,"max_hp_per_floor":[71,71,71,71,71,71,71,71,71,71,71,71,71,71,71,71,71,71,71,71,71,71,71,71,35,35,35,35,35,35,35,35,35,35,35,35,35,35,35,35,35,35,35,35,35,35,35,35,35,35,35,35,35,35,35,35],"card_choices":[{"not_picked":["Stack","Steam"],"picked":"Turbo","floor":1.0},{"not_picked":["Sweeping Beam","Go for the Eyes"],"picked":"Capacitor","floor":2.0},{"not_picked":["Defragment","Storm"],"picked":"Core Surge","floor":6.0},{"not_picked":["Reinforced Body","Conserve Battery"],"picked":"Coolheaded","floor":8.0},{"not_picked":["Redo+1","Barrage"],"picked":"Darkness+1","floor":11.0},{"not_picked":["Barrage","Scrape","Leap+1"],"picked":"SKIP","floor":12.0},{"not_picked":["Reboot+1","Thunder Strike"],"picked":"Electrodynamics","floor":16.0},{"not_picked":["Steam+1","Rebound+1","Leap+1"],"picked":"SKIP","floor":18.0},{"not_picked":["Rip and Tear","Redo+1"],"picked":"Coolheaded+1","floor":20.0},{"not_picked":["Chill+1","Streamline"],"picked":"Heatsinks","floor":21.0},{"not_picked":["FTL","Tempest+1"],"picked":"Machine Learning","floor":24.0},{"not_picked":["Conserve Battery+1","Barrage"],"picked":"Stack+1","floor":27.0},{"not_picked":["Rip and Tear","Scrape+1"],"picked":"Double Energy+1","floor":31.0},{"not_picked":["Meteor Strike","Hyperbeam"],"picked":"Reboot+1","floor":33.0},{"not_picked":["Conserve Battery+1","Leap+1"],"picked":"Reprogram+1","floor":35.0},{"not_picked":["Barrage","Consume+1","Conserve Battery+1"],"picked":"SKIP","floor":39.0},{"not_picked":["Glacier+1","Genetic Algorithm+1"],"picked":"Double Energy+1","floor":41.0},{"not_picked":["Sunder","Doom and Gloom+1"],"picked":"Tempest+1","floor":42.0},{"not_picked":["Consume+1","Rebound+1"],"picked":"Chill+1","floor":44.0},{"not_picked":["Undo+1","Aggregate+1"],"picked":"Glacier+1","floor":45.0},{"not_picked":["Steam Power+1","Hologram+1"],"picked":"Reinforced Body+1","floor":47.0},{"not_picked":["Sweeping Beam","Cold Snap+1"],"picked":"Reinforced Body+1","floor":48.0},{"not_picked":["Leap+1","Rip and Tear"],"picked":"Coolheaded+1","floor":55}],"player_experience":4687709,"relics_obtained":[{"floor":4.0,"key":"Bag of Preparation"},{"floor":6.0,"key":"The Courier"},{"floor":9.0,"key":"Toxic Egg 2"},{"floor":11.0,"key":"Dead Branch"},{"floor":24.0,"key":"PreservedInsect"},{"floor":29.0,"key":"Anchor"},{"floor":41.0,"key":"Nunchaku"},{"floor":43.0,"key":"Smiling Mask"},{"floor":45.0,"key":"Art of War"},{"floor":47.0,"key":"Symbiotic Virus"},{"floor":55,"key":"Du-Vu Doll"}],"event_choices":[{"damage_healed":0.0,"max_hp_gain":0.0,"max_hp_loss":0.0,"gold_gain":0.0,"event_name":"Big Fish","player_choice":"Box","floor":3.0,"gold_loss":0.0,"damage_taken":0.0,"relics_obtained":["Emotion Chip"],"cards_obtained":["Regret"]},{"cards_removed":["Regret"],"damage_healed":0.0,"max_hp_gain":0.0,"max_hp_loss":0.0,"gold_gain":0.0,"event_name":"Living Wall","player_choice":"Forget","floor":5.0,"gold_loss":0.0,"damage_taken":0.0},{"cards_removed":["Strike_B"],"damage_healed":0.0,"max_hp_gain":0.0,"max_hp_loss":0.0,"gold_gain":0.0,"event_name":"The Cleric","player_choice":"Card Removal","floor":13.0,"gold_loss":75.0,"damage_taken":0.0},{"damage_healed":0.0,"max_hp_gain":0.0,"max_hp_loss":0.0,"gold_gain":0.0,"event_name":"Match and Keep!","player_choice":"2 cards matched","floor":19.0,"gold_loss":0.0,"damage_taken":0.0,"cards_obtained":["Rainbow","Stack"]},{"damage_healed":0.0,"max_hp_gain":0.0,"max_hp_loss":36.0,"gold_gain":0.0,"event_name":"Ghosts","player_choice":"Became a Ghost","floor":25.0,"gold_loss":0.0,"damage_taken":0.0,"cards_obtained":["Ghostly","Ghostly","Ghostly"]},{"cards_removed":["Zap"],"damage_healed":0.0,"max_hp_gain":0.0,"max_hp_loss":0.0,"gold_gain":0.0,"event_name":"Bonfire Elementals","player_choice":"Offered Basic","floor":36.0,"gold_loss":0.0,"damage_taken":0.0},{"cards_removed":["Sunder"],"damage_healed":0.0,"max_hp_gain":0.0,"max_hp_loss":0.0,"gold_gain":0.0,"event_name":"Falling","player_choice":"Removed Attack","floor":38.0,"gold_loss":0.0,"damage_taken":0.0},{"damage_healed":0.0,"max_hp_gain":0.0,"max_hp_loss":0.0,"gold_gain":0.0,"event_name":"MindBloom","player_choice":"Fight","floor":41.0,"gold_loss":0.0,"damage_taken":0.0}],"is_beta":false,"boss_relics":[{"not_picked":["Astrolabe","Coffee Dripper"],"picked":"Pandora\u0027s Box"},{"not_picked":["Snecko Eye","Busted Crown"],"picked":"Sozu"}],"items_purged_floors":[],"is_endless":false,"potions_floor_spawned":[2,11,18,27,31,33,35,41,44,45,55],"ascension_level":20}