{"gold_per_floor":[111,111,126,140,161,161,196,196,221,254,30,30,54,19,19,113,113,127,152,102,120,138,138],"floor_reached":23,"playtime":1888,"items_purged":[],"score":355,"play_id":"48f493a4-eec9-4d1f-bf53-bfbdbf9ecf4f","local_time":"20190426013638","is_ascension_mode":true,"campfire_choices":[{"data":"Skewer","floor":6.0,"key":"SMITH"},{"data":"Wraith Form v2","floor":8,"key":"SMITH"},{"floor":15,"key":"REST"}],"neow_cost":"NONE","seed_source_timestamp":93418528810549,"circlet_count":0,"master_deck":["AscendersBane","Defend_G","Defend_G","Defend_G","Strike_G","Strike_G","Strike_G","Survivor","Neutralize","Escape Plan","Cloak And Dagger","Skewer+1","Leg Sweep","Wraith Form v2+1","Backflip","Well Laid Plans","Transmutation","Dagger Spray","Backstab","Night Terror","Caltrops+1","Dagger Spray+1","Tactician+1","Bouncing Flask","Well Laid Plans","Backflip+1","Escape Plan"],"special_seed":0,"relics":["Ring of the Snake","Golden Idol","Oddly Smooth Stone","PreservedInsect","Blood Vial","Snake Skull","Astrolabe"],"potions_floor_usage":[7,16,19,23,23],"damage_taken":[{"damage":1.0,"enemies":"Small Slimes","floor":1.0,"turns":5.0},{"damage":0.0,"enemies":"2 Louse","floor":3.0,"turns":3.0},{"damage":1.0,"enemies":"Jaw Worm","floor":4.0,"turns":4.0},{"damage":7.0,"enemies":"Large Slime","floor":5.0,"turns":7.0},{"damage":17,"enemies":"Lagavulin","floor":7,"turns":7},{"damage":1,"enemies":"Gremlin Nob","floor":10,"turns":4},{"damage":1,"enemies":"Red Slaver","floor":13,"turns":4},{"damage":13,"enemies":"Slime Boss","floor":16,"turns":13},{"damage":33,"enemies":"Chosen","floor":18,"turns":6},{"damage":0,"enemies":"3 Byrds","floor":19,"turns":3},{"damage":12,"enemies":"Centurion and Healer","floor":21,"turns":9},{"damage":6,"enemies":"Snake Plant","floor":22,"turns":5},{"damage":27,"enemies":"Book of Stabbing","floor":23,"turns":6}],"seed_played":"9144409350729978694","potions_obtained":[{"floor":1.0,"key":"GamblersBrew"},{"floor":3.0,"key":"Explosive Potion"},{"floor":5.0,"key":"SteroidPotion"},{"floor":13,"key":"Energy Potion"},{"floor":19,"key":"Ancient Potion"},{"floor":21,"key":"GamblersBrew"}],"is_trial":false,"path_per_floor":["M","?","M","M","M","R","E","R","T","E","$","?","M","$","R","B",null,"M","M","?","M","M","E"],"character_chosen":"THE_SILENT","items_purchased":["Well Laid Plans","Transmutation","Backstab"],"campfire_rested":1,"item_purchase_floors":[11,11,14],"current_hp_per_floor":[58,58,58,57,50,50,33,33,33,32,32,21,22,22,40,29,52,21,23,23,13,9,0],"gold":138,"neow_bonus":"REMOVE_CARD","is_prod":false,"is_daily":false,"chose_seed":false,"campfire_upgraded":2,"win_rate":0,"timestamp":1556235398,"path_taken":["M","?","M","M","M","R","E","R","T","E","$","?","M","?","R","BOSS","M","M","?","?","M","E"],"build_version":"2019-01-23","purchased_purges":0,"victory":false,"max_hp_per_floor":[66,60,60,60,60,60,60,60,60,60,60,60,60,60,60,60,60,60,60,60,60,60,60],"card_choices":[{"not_picked":["Underhanded Strike","Bane"],"picked":"Escape Plan","floor":1.0},{"not_picked":["Deflect","Dagger Throw"],"picked":"Cloak And Dagger","floor":3.0},{"not_picked":["Backflip","Caltrops"],"picked":"Skewer","floor":4.0},{"not_picked":["Backflip","Catalyst"],"picked":"Leg Sweep","floor":5.0},{"not_picked":["Blur","Night Terror"],"picked":"Wraith Form v2","floor":7},{"not_picked":["Flechettes","Blade Dance"],"picked":"Backflip","floor":10},{"not_picked":["Dodge and Roll","Setup"],"picked":"Dagger Spray","floor":13},{"not_picked":["Grand Finale","Venomology"],"picked":"Night Terror","floor":16},{"not_picked":["Prepared","Underhanded Strike","Bouncing Flask"],"picked":"SKIP","floor":18},{"not_picked":["Prepared","Underhanded Strike"],"picked":"Bouncing Flask","floor":18},{"not_picked":["Riddle With Holes","Prepared"],"picked":"Well Laid Plans","floor":19},{"not_picked":["Prepared","Flying Knee"],"picked":"Backflip+1","floor":21},{"not_picked":["Dagger Throw+1","Caltrops+1"],"picked":"Escape Plan","floor":22}],"player_experience":514637,"relics_obtained":[{"floor":7,"key":"Oddly Smooth Stone"},{"floor":9,"key":"PreservedInsect"},{"floor":10,"key":"Blood Vial"}],"event_choices":[{"damage_healed":0.0,"max_hp_gain":0.0,"max_hp_loss":6.0,"gold_gain":0.0,"event_name":"Golden Idol","player_choice":"Lose Max HP","floor":2.0,"gold_loss":0.0,"damage_taken":0.0,"relics_obtained":["Golden Idol"]},{"damage_healed":0,"gold_gain":0,"player_choice":"Success","damage_taken":11,"relics_obtained":["Snake Skull"],"max_hp_gain":0,"max_hp_loss":0,"event_name":"Scrap Ooze","floor":12,"gold_loss":0},{"damage_healed":0,"gold_gain":0,"player_choice":"Bet on Murderer","damage_taken":0,"max_hp_gain":0,"max_hp_loss":0,"event_name":"The Joust","floor":20,"gold_loss":50}],"is_beta":false,"boss_relics":[{"not_picked":["WristBlade","Orrery"],"picked":"Astrolabe"}],"items_purged_floors":[],"is_endless":false,"potions_floor_spawned":[1,3,5,13,19,21],"killed_by":"Book of Stabbing","ascension_level":15}