{"gold_per_floor":[116,116,116,129,144,144,69,69,139,139,149,149,177,188,188,259,259,275,59,75,19,38,38,38],"floor_reached":24,"playtime":802,"items_purged":["Strike_R"],"score":392,"play_id":"f57356c1-af76-4e8e-bc1a-969370b301d6","local_time":"20190707122405","is_ascension_mode":true,"campfire_choices":[{"data":"Shockwave","floor":6.0,"key":"SMITH"},{"data":"Burning Pact","floor":8.0,"key":"SMITH"},{"data":"Evolve","floor":10.0,"key":"SMITH"},{"data":"Anger","floor":15.0,"key":"SMITH"},{"data":"Offering","floor":23,"key":"SMITH"}],"neow_cost":"NONE","seed_source_timestamp":11931909380294,"circlet_count":0,"master_deck":["AscendersBane","Defend_R","Defend_R","Defend_R","Defend_R","Bash","Reaper","Burning Pact+1","Shockwave+1","Evolve+1","Seeing Red","Offering+1","Thunderclap","Fiend Fire","Fire Breathing+1","Entrench+1","Immolate+1","Flex","Second Wind"],"special_seed":0,"relics":["Burning Blood","FaceOfCleric","Paper Frog","Astrolabe","Frozen Egg 2"],"potions_floor_usage":[22],"damage_taken":[{"damage":8.0,"enemies":"2 Louse","floor":1.0,"turns":3.0},{"damage":23.0,"enemies":"Jaw Worm","floor":4.0,"turns":8.0},{"damage":5.0,"enemies":"Cultist","floor":5.0,"turns":5.0},{"damage":38.0,"enemies":"Large Slime","floor":11.0,"turns":7.0},{"damage":31.0,"enemies":"Lagavulin","floor":13.0,"turns":7.0},{"damage":16.0,"enemies":"Red Slaver","floor":14.0,"turns":4.0},{"damage":37.0,"enemies":"Hexaghost","floor":16.0,"turns":8.0},{"damage":31.0,"enemies":"Shell Parasite","floor":18.0,"turns":4.0},{"damage":6,"enemies":"Chosen","floor":20,"turns":2},{"damage":41,"enemies":"Snake Plant","floor":22,"turns":5},{"damage":22,"enemies":"Slavers","floor":24,"turns":2}],"seed_played":"5117465249553344652","potions_obtained":[{"floor":1.0,"key":"Strength Potion"},{"floor":5.0,"key":"Regen Potion"},{"floor":14.0,"key":"Energy Potion"},{"floor":20,"key":"Weak Potion"}],"is_trial":false,"path_per_floor":["M","?","?","M","M","R","?","R","T","R","M","?","E","M","R","B",null,"M","$","M","?","M","R","E"],"character_chosen":"IRONCLAD","items_purchased":["Second Wind","Energy Potion"],"campfire_rested":0,"item_purchase_floors":[19,19],"current_hp_per_floor":[73,66,66,54,60,60,60,60,60,60,37,37,22,20,20,12,64,46,46,47,47,18,18,0],"gold":38,"neow_bonus":"ONE_RANDOM_RARE_CARD","is_prod":false,"is_daily":false,"chose_seed":false,"campfire_upgraded":5,"win_rate":0,"timestamp":1562473445,"path_taken":["M","?","?","?","M","R","?","R","T","R","M","?","E","?","R","BOSS","M","$","M","?","M","R","E"],"build_version":"2019-07-05","purchased_purges":1,"victory":false,"max_hp_per_floor":[75,75,75,76,77,77,77,77,77,77,78,78,79,80,80,81,81,82,82,83,83,84,84,84],"card_choices":[{"not_picked":["Pummel","Fire Breathing"],"picked":"Burning Pact","floor":1.0},{"not_picked":["Heavy Blade","Twin Strike"],"picked":"Shockwave","floor":4.0},{"not_picked":["True Grit","Iron Wave"],"picked":"Evolve","floor":5.0},{"not_picked":["Anger","Armaments","Rupture"],"picked":"SKIP","floor":11.0},{"not_picked":["Perfected Strike","Armaments"],"picked":"Anger","floor":13.0},{"not_picked":["Metallicize","Headbutt"],"picked":"Thunderclap","floor":14.0},{"not_picked":["Exhume","Juggernaut"],"picked":"Fiend Fire","floor":16.0},{"not_picked":["Pummel","Iron Wave"],"picked":"Flex","floor":18.0},{"not_picked":["Havoc","Blood for Blood","Infernal Blade"],"picked":"SKIP","floor":20},{"not_picked":["Body Slam","Whirlwind","Clothesline"],"picked":"SKIP","floor":22}],"player_experience":5708321,"relics_obtained":[{"floor":13.0,"key":"Paper Frog"}],"event_choices":[{"cards_removed":["Strike_R"],"damage_healed":0.0,"max_hp_gain":0.0,"max_hp_loss":0.0,"gold_gain":0.0,"event_name":"Golden Wing","player_choice":"Card Removal","floor":2.0,"gold_loss":0.0,"damage_taken":7.0},{"damage_healed":0.0,"max_hp_gain":0.0,"max_hp_loss":0.0,"gold_gain":0.0,"event_name":"FaceTrader","player_choice":"Trade","floor":3.0,"gold_loss":0.0,"damage_taken":0.0,"relics_obtained":["FaceOfCleric"]},{"cards_removed":["Strike_R"],"damage_healed":0.0,"max_hp_gain":0.0,"max_hp_loss":0.0,"gold_gain":0.0,"event_name":"The Cleric","player_choice":"Card Removal","floor":7.0,"gold_loss":75.0,"damage_taken":0.0},{"damage_healed":0.0,"max_hp_gain":0.0,"max_hp_loss":0.0,"gold_gain":0.0,"event_name":"Match and Keep!","player_choice":"2 cards matched","floor":12.0,"gold_loss":0.0,"damage_taken":0.0,"cards_obtained":["Seeing Red","Offering"]},{"damage_healed":0,"gold_gain":0,"player_choice":"Paid Gold","damage_taken":0,"relics_obtained":["Frozen Egg 2"],"max_hp_gain":0,"max_hp_loss":0,"event_name":"WeMeetAgain","floor":21,"gold_loss":56}],"is_beta":false,"boss_relics":[{"not_picked":["Mark of Pain","Lizard Tail"],"picked":"Astrolabe"}],"items_purged_floors":[19],"is_endless":false,"potions_floor_spawned":[1,5,14,20],"killed_by":"Slavers","ascension_level":20}