{"gold_per_floor":[116,130,130,0,15,15,41,54,54,70,70,70,83,123,123,221,221,244,27,52,71,71,104,104,154,179,179,198,213,213,236,236,332,332,350,57,57,73,97,97,120,163,163,163,13,34,34,0,0,0,0,0,0,0,39,39],"floor_reached":57,"playtime":2620,"items_purged":["Strike_G","Finisher","Survivor","Masterful Stab+1"],"score":2978,"play_id":"65abd23d-8d73-464b-846b-8d0d08673334","local_time":"20190219083909","is_ascension_mode":true,"campfire_choices":[{"data":"Deadly Poison","floor":6.0,"key":"SMITH"},{"data":"Catalyst","floor":12.0,"key":"SMITH"},{"data":"Neutralize","floor":15.0,"key":"SMITH"},{"data":"Expertise","floor":24.0,"key":"SMITH"},{"data":"Well Laid Plans","floor":27.0,"key":"SMITH"},{"data":"Tactician","floor":32.0,"key":"SMITH"},{"data":"Concentrate","floor":40.0,"key":"SMITH"},{"data":"Prepared","floor":44,"key":"SMITH"},{"data":"Calculated Gamble","floor":47,"key":"SMITH"},{"floor":49,"key":"RECALL"},{"data":"Burst","floor":53,"key":"SMITH"}],"neow_cost":"NONE","seed_source_timestamp":0,"circlet_count":0,"master_deck":["AscendersBane","Neutralize+1","Leg Sweep+1","Deadly Poison+1","Catalyst+1","Backflip","Burst+1","Footwork","Prepared+1","Catalyst+1","Die Die Die","Tactician+1","Concentrate+1","Expertise+1","Well Laid Plans+1","Calculated Gamble+1","Malaise","Reflex+1"],"special_seed":0,"relics":["Ring of the Snake","NeowsBlessing","Bag of Marbles","Paper Crane","Golden Idol","StoneCalendar","Pandora\u0027s Box","Vajra","Empty Cage","Bag of Preparation","Pantograph","Molten Egg 2","Red Mask","War Paint"],"potions_floor_usage":[56],"damage_taken":[{"damage":0.0,"enemies":"Small Slimes","floor":1.0,"turns":1.0},{"damage":0.0,"enemies":"Cultist","floor":2.0,"turns":1.0},{"damage":0.0,"enemies":"2 Louse","floor":5.0,"turns":1.0},{"damage":13.0,"enemies":"Gremlin Nob","floor":7.0,"turns":4.0},{"damage":0.0,"enemies":"Blue Slaver","floor":8.0,"turns":3.0},{"damage":0.0,"enemies":"2 Fungi Beasts","floor":10.0,"turns":2.0},{"damage":0.0,"enemies":"Looter","floor":13.0,"turns":3.0},{"damage":11.0,"enemies":"3 Sentries","floor":14.0,"turns":7.0},{"damage":1.0,"enemies":"Hexaghost","floor":16.0,"turns":7.0},{"damage":0.0,"enemies":"Shell Parasite","floor":18.0,"turns":3.0},{"damage":7.0,"enemies":"Chosen","floor":20.0,"turns":3.0},{"damage":0.0,"enemies":"Snake Plant","floor":21.0,"turns":4.0},{"damage":0.0,"enemies":"Gremlin Leader","floor":23.0,"turns":4.0},{"damage":0.0,"enemies":"Chosen and Byrds","floor":28.0,"turns":2.0},{"damage":0.0,"enemies":"Snecko","floor":29.0,"turns":2.0},{"damage":0.0,"enemies":"Cultist and Chosen","floor":31.0,"turns":5.0},{"damage":0.0,"enemies":"Automaton","floor":33.0,"turns":5.0},{"damage":0.0,"enemies":"Orb Walker","floor":35.0,"turns":3.0},{"damage":0.0,"enemies":"3 Shapes","floor":38.0,"turns":2.0},{"damage":0.0,"enemies":"Jaw Worm Horde","floor":39.0,"turns":3.0},{"damage":0.0,"enemies":"3 Darklings","floor":41.0,"turns":2.0},{"damage":0,"enemies":"Nemesis","floor":42,"turns":3},{"damage":0,"enemies":"Sphere and 2 Shapes","floor":46,"turns":2},{"damage":25,"enemies":"Time Eater","floor":50,"turns":5},{"damage":0,"enemies":"Donu and Deca","floor":51,"turns":4},{"damage":35,"enemies":"Shield and Spear","floor":55,"turns":4},{"damage":30,"enemies":"The Heart","floor":56,"turns":4}],"seed_played":"-9175890508371905761","potions_obtained":[{"floor":5.0,"key":"AttackPotion"},{"floor":7.0,"key":"SkillPotion"},{"floor":16.0,"key":"Weak Potion"},{"floor":42,"key":"Strength Potion"},{"floor":46,"key":"SkillPotion"}],"is_trial":false,"path_per_floor":["M","M","?","$","M","R","E","M","T","M","?","R","M","E","R","B",null,"M","$","M","M","?","E","R","?","T","R","M","M","?","M","R","B",null,"M","$","?","M","M","R","M","E","T","R","$","M","R","?","R","B","B",null,"R","$","E","B",null],"character_chosen":"THE_SILENT","items_purchased":["Deadly Poison","Expertise","Well Laid Plans","Bag of Preparation"],"campfire_rested":0,"item_purchase_floors":[4,19,19,36],"current_hp_per_floor":[59,59,59,59,59,59,46,46,46,46,23,23,23,12,12,11,52,52,52,45,45,45,45,45,45,45,45,45,45,45,45,45,45,61,61,61,61,61,61,61,61,61,61,61,61,61,61,61,61,41,66,66,66,66,31,26],"gold":39,"neow_bonus":"THREE_ENEMY_KILL","is_prod":false,"is_daily":false,"chose_seed":false,"campfire_upgraded":10,"win_rate":0,"timestamp":1550536749,"path_taken":["M","M","?","$","M","R","E","M","T","?","?","R","M","E","R","BOSS","M","$","M","M","?","E","R","?","T","R","M","M","?","M","R","BOSS","M","$","?","M","M","R","M","E","T","R","$","M","R","?","R","BOSS","BOSS","R","$","E","BOSS"],"build_version":"2019-01-23","purchased_purges":4,"victory":true,"max_hp_per_floor":[66,66,66,66,66,66,66,66,66,66,66,66,66,66,66,66,66,66,66,66,66,66,66,66,66,66,66,66,66,66,66,66,66,66,66,66,66,66,66,66,66,66,66,66,66,66,66,66,66,66,66,66,66,66,66,66],"card_choices":[{"not_picked":["Prepared","Accuracy"],"picked":"Leg Sweep","floor":1.0},{"not_picked":["Setup","Terror"],"picked":"Masterful Stab","floor":2.0},{"not_picked":["Outmaneuver","Prepared","Bane"],"picked":"SKIP","floor":5.0},{"not_picked":["Predator","Deflect"],"picked":"Glass Knife","floor":7.0},{"not_picked":["Infinite Blades","Acrobatics"],"picked":"Catalyst","floor":8.0},{"not_picked":["Slice","Dagger Spray","Blade Dance"],"picked":"SKIP","floor":10.0},{"not_picked":["Dagger Throw","Finisher","Reflex"],"picked":"SKIP","floor":13.0},{"not_picked":["Quick Slash","Eviscerate"],"picked":"Backflip","floor":14.0},{"not_picked":["Doppelganger","Storm of Steel"],"picked":"Burst","floor":16.0},{"not_picked":["Dagger Spray+1","Masterful Stab","Deadly Poison"],"picked":"SKIP","floor":18.0},{"not_picked":["Bane","Heel Hook","Skewer"],"picked":"SKIP","floor":20.0},{"not_picked":["Backflip","Unload","Deflect"],"picked":"SKIP","floor":21.0},{"not_picked":["Backstab","Eviscerate+1","PiercingWail"],"picked":"SKIP","floor":23.0},{"not_picked":["Noxious Fumes","Blur","Outmaneuver"],"picked":"SKIP","floor":28.0},{"not_picked":["Sucker Punch","Slice","Outmaneuver"],"picked":"SKIP","floor":29.0},{"not_picked":["Dagger Throw","Poisoned Stab"],"picked":"Calculated Gamble","floor":31.0},{"not_picked":["Corpse Explosion","Unload"],"picked":"Malaise","floor":33.0},{"not_picked":["Leg Sweep","Deflect","Distraction"],"picked":"SKIP","floor":35.0},{"not_picked":["Dagger Spray","Sucker Punch"],"picked":"Reflex+1","floor":38.0},{"not_picked":["Dodge and Roll","Slice","Cloak And Dagger"],"picked":"SKIP","floor":39.0},{"not_picked":["Sucker Punch+1","Prepared","Dodge and Roll"],"picked":"SKIP","floor":41.0},{"not_picked":["Dagger Spray","Backstab","Finisher"],"picked":"SKIP","floor":42},{"not_picked":["Noxious Fumes","Deadly Poison","Outmaneuver"],"picked":"SKIP","floor":46},{"not_picked":["Backflip","Corpse Explosion","Flying Knee+1"],"picked":"SKIP","floor":55}],"player_experience":2931088,"relics_obtained":[{"floor":7.0,"key":"Bag of Marbles"},{"floor":9.0,"key":"Paper Crane"},{"floor":14.0,"key":"StoneCalendar"},{"floor":23.0,"key":"Vajra"},{"floor":42,"key":"Pantograph"},{"floor":43,"key":"Molten Egg 2"},{"floor":55,"key":"War Paint"}],"event_choices":[{"damage_healed":0.0,"max_hp_gain":0.0,"max_hp_loss":0.0,"gold_gain":0.0,"event_name":"Upgrade Shrine","player_choice":"Upgraded","floor":3.0,"gold_loss":0.0,"damage_taken":0.0,"cards_upgraded":["Masterful Stab"]},{"damage_healed":0.0,"max_hp_gain":0.0,"max_hp_loss":0.0,"gold_gain":0.0,"event_name":"Golden Idol","player_choice":"Take Damage","floor":11.0,"gold_loss":0.0,"damage_taken":23.0,"relics_obtained":["Golden Idol"]},{"damage_healed":0.0,"max_hp_gain":0.0,"max_hp_loss":0.0,"gold_gain":50.0,"event_name":"Nest","player_choice":"Stole From Cult","floor":25.0,"gold_loss":0.0,"damage_taken":0.0},{"damage_healed":0.0,"max_hp_gain":0.0,"max_hp_loss":0.0,"gold_gain":0.0,"event_name":"Ghosts","player_choice":"Ignored","floor":30.0,"gold_loss":0.0,"damage_taken":0.0},{"cards_removed":["Dagger Throw"],"damage_healed":0.0,"max_hp_gain":0.0,"max_hp_loss":0.0,"gold_gain":0.0,"event_name":"Falling","player_choice":"Removed Attack","floor":37.0,"gold_loss":0.0,"damage_taken":0.0},{"damage_healed":0,"gold_gain":0,"player_choice":"Paid","damage_taken":0,"relics_obtained":["Red Mask"],"max_hp_gain":0,"max_hp_loss":0,"event_name":"Tomb of Lord Red Mask","floor":48,"gold_loss":34}],"is_beta":false,"boss_relics":[{"not_picked":["Ectoplasm","Tiny House"],"picked":"Pandora\u0027s Box"},{"not_picked":["Snecko Eye","Black Star"],"picked":"Empty Cage"}],"items_purged_floors":[4,19,36,45],"is_endless":false,"potions_floor_spawned":[5,7,16,21,28,29,31,38,42,46,55],"ascension_level":20}