{"gold_per_floor":[109,129,146,146,169,169,188,207,289,289,307,341,355,378,378,378],"floor_reached":16,"playtime":1204,"items_purged":[],"score":147,"play_id":"623ab814-92fd-44b8-9241-a0969d5707c1","local_time":"20190729072234","is_ascension_mode":true,"campfire_choices":[{"data":"Body Slam","floor":6,"key":"SMITH"},{"data":"Fiend Fire","floor":10,"key":"SMITH"},{"floor":15,"key":"REST"}],"neow_cost":"TEN_PERCENT_HP_LOSS","seed_source_timestamp":757753039945322,"circlet_count":0,"master_deck":["AscendersBane","Strike_R","Strike_R","Strike_R","Defend_R","Defend_R","Defend_R","Defend_R","Bash","Infernal Blade","Shrug It Off","Heavy Blade","Body Slam+1","Pommel Strike","Fiend Fire+1","Ghostly Armor","Disarm","Seeing Red","Shrug It Off","Feel No Pain"],"relics":["Burning Blood","Golden Idol","Mummified Hand","Odd Mushroom"],"potions_floor_usage":[12,16],"damage_taken":[{"damage":5,"enemies":"Jaw Worm","floor":1,"turns":6},{"damage":3,"enemies":"2 Louse","floor":2,"turns":2},{"damage":7,"enemies":"Small Slimes","floor":3,"turns":4},{"damage":5,"enemies":"Gremlin Gang","floor":5,"turns":3},{"damage":11,"enemies":"Large Slime","floor":7,"turns":7},{"damage":4,"enemies":"3 Louse","floor":8,"turns":3},{"damage":5,"enemies":"2 Fungi Beasts","floor":11,"turns":3},{"damage":36,"enemies":"The Mushroom Lair","floor":12,"turns":4},{"damage":14,"enemies":"Red Slaver","floor":13,"turns":4},{"damage":13,"enemies":"Exordium Thugs","floor":14,"turns":5},{"damage":28,"enemies":"Hexaghost","floor":16,"turns":12}],"seed_played":"7868203231398150483","potions_obtained":[{"floor":7,"key":"SpeedPotion"},{"floor":11,"key":"Energy Potion"},{"floor":14,"key":"Strength Potion"}],"is_trial":false,"path_per_floor":["M","M","M","?","M","R","M","M","T","R","M","?","M","M","R","B"],"character_chosen":"IRONCLAD","items_purchased":[],"campfire_rested":1,"item_purchase_floors":[],"current_hp_per_floor":[72,72,71,53,54,54,49,51,51,51,52,22,14,7,28,0],"gold":378,"neow_bonus":"TRANSFORM_TWO_CARDS","is_prod":false,"is_daily":false,"chose_seed":false,"campfire_upgraded":2,"win_rate":0,"timestamp":1564402954,"path_taken":["M","M","M","?","M","R","M","M","T","R","M","?","M","M","R","BOSS"],"build_version":"2019-07-17","purchased_purges":0,"victory":false,"max_hp_per_floor":[72,72,72,72,72,72,72,72,72,72,72,72,72,72,72,72],"card_choices":[{"not_picked":["Cleave","Sever Soul"],"picked":"Heavy Blade","floor":1},{"not_picked":["Rupture","Twin Strike"],"picked":"Body Slam","floor":2},{"not_picked":["Iron Wave","Armaments"],"picked":"Pommel Strike","floor":3},{"not_picked":["Havoc","Thunderclap","Clash"],"picked":"SKIP","floor":5},{"not_picked":["True Grit","Uppercut"],"picked":"Fiend Fire","floor":7},{"not_picked":["Havoc","Clash"],"picked":"Ghostly Armor","floor":8},{"not_picked":["Cleave","Flex"],"picked":"Disarm","floor":11},{"not_picked":["Pommel Strike","Thunderclap"],"picked":"Seeing Red","floor":12},{"not_picked":["Wild Strike","Heavy Blade"],"picked":"Shrug It Off","floor":13},{"not_picked":["Ghostly Armor","Perfected Strike"],"picked":"Feel No Pain","floor":14}],"player_experience":378682,"relics_obtained":[{"floor":9,"key":"Mummified Hand"},{"floor":12,"key":"Odd Mushroom"}],"event_choices":[{"damage_healed":0,"gold_gain":0,"player_choice":"Take Damage","damage_taken":18,"relics_obtained":["Golden Idol"],"max_hp_gain":0,"max_hp_loss":0,"event_name":"Golden Idol","floor":4,"gold_loss":0},{"damage_healed":0,"gold_gain":0,"player_choice":"Fought Mushrooms","damage_taken":0,"max_hp_gain":0,"max_hp_loss":0,"event_name":"Mushrooms","floor":12,"gold_loss":0}],"is_beta":false,"boss_relics":[],"items_purged_floors":[],"is_endless":false,"potions_floor_spawned":[3,7,11,14],"killed_by":"Hexaghost","ascension_level":10}