{"gold_per_floor":[119,219,237,312,328,328,342,367,367,367,402,416,416,430,430,534,534,553,569,419,419,38,53,53,87,87,114,114,114,147,147,147,242,242,258,258,258,258,258,284,301,301,301,321,332,332,19,70,70,70],"floor_reached":51,"playtime":5295,"items_purged":["Strike_B","Strike_B+1"],"score":741,"play_id":"b98bb42f-19b0-4e1d-b110-9bae8b140482","local_time":"20190618222546","is_ascension_mode":false,"campfire_choices":[{"data":"Consume","floor":6.0,"key":"SMITH"},{"data":"Dualcast","floor":10.0,"key":"SMITH"},{"data":"Coolheaded","floor":13.0,"key":"SMITH"},{"data":"Zap","floor":15.0,"key":"SMITH"},{"data":"Self Repair","floor":24.0,"key":"SMITH"},{"data":"Undo","floor":28.0,"key":"SMITH"},{"data":"Defend_B","floor":32.0,"key":"SMITH"},{"data":"Defend_B","floor":42.0,"key":"SMITH"},{"data":"Strike_B","floor":46.0,"key":"SMITH"},{"floor":49,"key":"RECALL"}],"neow_cost":"NONE","seed_source_timestamp":39653211744456,"circlet_count":0,"master_deck":["Strike_B+1","Defend_B+1","Defend_B+1","Defend_B+1","Defend_B+1","Zap+1","Dualcast+1","Consume+1","Undo+1","Self Repair+1","Coolheaded+1","Self Repair+1","Recycle+1","Amplify+1","Redo+1","Electrodynamics+1","Hologram+1","Storm+1","Static Discharge+1","Storm+1","Rainbow+1","Storm+1","Capacitor+1","Thunder Strike+1","Sadistic Nature+1","Sadistic Nature+1","Impatience+1","Tempest+1","Heatsinks+1","White Noise+1","Capacitor+1","Storm+1","Static Discharge+1","Capacitor+1"],"special_seed":0,"relics":["Cracked Core","Frozen Egg 2","Matryoshka","Toxic Egg 2","Coffee Dripper","Emotion Chip","Symbiotic Virus","The Courier","Turnip","Mango","PreservedInsect","Blood Vial","Juzu Bracelet","Velvet Choker","Whetstone","War Paint","Ginger"],"potions_floor_usage":[],"damage_taken":[{"damage":0.0,"enemies":"2 Louse","floor":1.0,"turns":2.0},{"damage":0.0,"enemies":"Cultist","floor":3.0,"turns":3.0},{"damage":0.0,"enemies":"Jaw Worm","floor":5.0,"turns":4.0},{"damage":8.0,"enemies":"Exordium Wildlife","floor":7.0,"turns":5.0},{"damage":6.0,"enemies":"Gremlin Nob","floor":8.0,"turns":4.0},{"damage":8.0,"enemies":"Lagavulin","floor":11.0,"turns":7.0},{"damage":12.0,"enemies":"Looter","floor":12.0,"turns":5.0},{"damage":2.0,"enemies":"Blue Slaver","floor":14.0,"turns":5.0},{"damage":57.0,"enemies":"Hexaghost","floor":16.0,"turns":13.0},{"damage":0.0,"enemies":"Shell Parasite","floor":18.0,"turns":4.0},{"damage":16.0,"enemies":"3 Byrds","floor":19.0,"turns":3.0},{"damage":13.0,"enemies":"3 Cultists","floor":23.0,"turns":3.0},{"damage":0.0,"enemies":"Gremlin Leader","floor":25.0,"turns":5.0},{"damage":29.0,"enemies":"Slavers","floor":27.0,"turns":3.0},{"damage":4.0,"enemies":"Gremlin Leader","floor":30.0,"turns":3.0},{"damage":13.0,"enemies":"Automaton","floor":33.0,"turns":6.0},{"damage":20.0,"enemies":"3 Shapes","floor":35.0,"turns":4.0},{"damage":16.0,"enemies":"Giant Head","floor":40.0,"turns":4.0},{"damage":10.0,"enemies":"Orb Walker","floor":41.0,"turns":2.0},{"damage":0.0,"enemies":"Spire Growth","floor":44.0,"turns":2.0},{"damage":2.0,"enemies":"Writhing Mass","floor":45.0,"turns":3.0},{"damage":25,"enemies":"2 Orb Walkers","floor":48,"turns":2},{"damage":41,"enemies":"Donu and Deca","floor":50,"turns":5}],"seed_played":"2637495959454984928","potions_obtained":[{"floor":5.0,"key":"AttackPotion"},{"floor":11.0,"key":"GamblersBrew"},{"floor":12.0,"key":"GamblersBrew"},{"floor":30.0,"key":"GamblersBrew"}],"is_trial":false,"path_per_floor":["M","?","M","?","M","R","M","E","T","R","E","M","R","M","R","B",null,"M","M","$","?","$","M","R","E","T","E","R","?","E","T","R","B",null,"M","?","?","?","?","E","M","R","T","M","M","R","$","?","R","B",null],"character_chosen":"DEFECT","items_purchased":["Static Discharge+1","Storm+1","Emotion Chip","Capacitor+1","Storm+1","Static Discharge+1","Capacitor+1"],"campfire_rested":0,"item_purchase_floors":[20,22,22,47,47,47,47],"current_hp_per_floor":[75,75,75,64,64,64,63,57,57,57,66,71,71,75,75,35,75,75,75,75,75,75,75,75,75,75,60,60,60,86,86,86,89,89,79,79,69,69,69,75,77,77,77,85,85,85,85,80,80,61],"gold":70,"neow_bonus":"TRANSFORM_CARD","is_prod":false,"is_daily":false,"chose_seed":false,"campfire_upgraded":9,"win_rate":0,"timestamp":1560867946,"path_taken":["M","?","?","?","M","R","M","E","T","R","E","M","R","M","R","BOSS","M","M","$","?","$","M","R","E","T","E","R","?","E","?","R","BOSS","M","?","?","?","?","E","M","R","T","M","M","R","$","?","R","BOSS"],"build_version":"2019-01-23","purchased_purges":2,"victory":true,"max_hp_per_floor":[75,75,75,75,75,75,75,75,75,75,75,75,75,75,75,75,75,75,75,75,75,75,75,75,75,75,89,89,89,89,89,89,89,89,89,89,89,85,85,85,85,85,85,85,85,85,85,85,85,85],"card_choices":[{"not_picked":["Rebound","Reinforced Body"],"picked":"Consume","floor":1.0},{"not_picked":["Leap","Coolheaded"],"picked":"Undo","floor":3.0},{"not_picked":["Tempest","Barrage"],"picked":"Self Repair","floor":5.0},{"not_picked":["Hologram","Beam Cell"],"picked":"Coolheaded","floor":7.0},{"not_picked":["Steam Power","Steam"],"picked":"Self Repair","floor":8.0},{"not_picked":["Doom and Gloom","Turbo"],"picked":"Recycle","floor":11.0},{"not_picked":["Rebound","Compile Driver"],"picked":"Amplify+1","floor":12.0},{"not_picked":["Scrape","Barrage"],"picked":"Redo+1","floor":14.0},{"not_picked":["Biased Cognition+1","Rainbow+1"],"picked":"Electrodynamics+1","floor":16.0},{"not_picked":["Turbo+1","Beam Cell+1"],"picked":"Hologram+1","floor":18.0},{"not_picked":["Barrage","Force Field+1"],"picked":"Storm+1","floor":19.0},{"not_picked":["Fusion+1","Gash+1","Rainbow+1"],"picked":"SKIP","floor":23.0},{"not_picked":["Fusion+1","Gash+1"],"picked":"Rainbow+1","floor":23.0},{"not_picked":["Compile Driver","Sweeping Beam"],"picked":"Storm+1","floor":25.0},{"not_picked":["Conserve Battery+1","Cold Snap","Aggregate+1"],"picked":"SKIP","floor":27.0},{"not_picked":["Conserve Battery+1","Go for the Eyes+1","Barrage"],"picked":"SKIP","floor":30.0},{"not_picked":["Creative AI+1","Meteor Strike"],"picked":"Thunder Strike","floor":33.0},{"not_picked":["Go for the Eyes+1","Redo+1","Recycle+1"],"picked":"SKIP","floor":35.0},{"not_picked":["Swift Strike","Bandage Up+1"],"picked":"Sadistic Nature+1","floor":37.0},{"not_picked":["Panacea+1","PanicButton+1"],"picked":"Sadistic Nature+1","floor":37.0},{"not_picked":["Thinking Ahead+1","The Bomb+1"],"picked":"Impatience+1","floor":37.0},{"not_picked":["Coolheaded+1","Recycle+1"],"picked":"Tempest+1","floor":40.0},{"not_picked":["Melter","Undo+1"],"picked":"Heatsinks+1","floor":41.0},{"not_picked":["Conserve Battery+1","Rebound"],"picked":"White Noise+1","floor":44.0},{"not_picked":["Sweeping Beam+1","Steam+1","Gash"],"picked":"SKIP","floor":45.0}],"player_experience":5419209,"relics_obtained":[{"floor":8.0,"key":"Frozen Egg 2"},{"floor":9.0,"key":"Matryoshka"},{"floor":11.0,"key":"Toxic Egg 2"},{"floor":25.0,"key":"Symbiotic Virus"},{"floor":26.0,"key":"The Courier"},{"floor":26.0,"key":"Turnip"},{"floor":27.0,"key":"Mango"},{"floor":30.0,"key":"PreservedInsect"},{"floor":31.0,"key":"Blood Vial"},{"floor":31.0,"key":"Juzu Bracelet"},{"floor":40.0,"key":"Whetstone"},{"floor":43.0,"key":"War Paint"},{"floor":48,"key":"Ginger"}],"event_choices":[{"damage_healed":0.0,"max_hp_gain":0.0,"max_hp_loss":0.0,"gold_gain":100.0,"event_name":"Golden Shrine","player_choice":"Pray","floor":2.0,"gold_loss":0.0,"damage_taken":0.0},{"damage_healed":0.0,"max_hp_gain":0.0,"max_hp_loss":0.0,"gold_gain":75.0,"event_name":"World of Goop","player_choice":"Gather Gold","floor":4.0,"gold_loss":0.0,"damage_taken":11.0},{"damage_healed":0.0,"max_hp_gain":0.0,"max_hp_loss":0.0,"gold_gain":0.0,"event_name":"Vampires","player_choice":"Ignored","floor":21.0,"gold_loss":0.0,"damage_taken":0.0},{"damage_healed":0.0,"max_hp_gain":0.0,"max_hp_loss":0.0,"gold_gain":0.0,"event_name":"The Library","player_choice":"Read","floor":29.0,"gold_loss":0.0,"damage_taken":0.0,"cards_obtained":["Capacitor"]},{"damage_healed":0.0,"max_hp_gain":0.0,"max_hp_loss":0.0,"gold_gain":0.0,"event_name":"Tomb of Lord Red Mask","player_choice":"Ignored","floor":36.0,"gold_loss":0.0,"damage_taken":0.0},{"damage_healed":0.0,"max_hp_gain":0.0,"max_hp_loss":0.0,"gold_gain":0.0,"event_name":"SensoryStone","player_choice":"Memory 3","floor":37.0,"gold_loss":0.0,"damage_taken":10.0},{"damage_healed":0.0,"max_hp_gain":0.0,"max_hp_loss":4.0,"gold_gain":0.0,"event_name":"Winding Halls","player_choice":"Max HP","floor":38.0,"gold_loss":0.0,"damage_taken":0.0},{"cards_removed":["Rebound"],"damage_healed":0.0,"max_hp_gain":0.0,"max_hp_loss":0.0,"gold_gain":0.0,"event_name":"Falling","player_choice":"Removed Attack","floor":39.0,"gold_loss":0.0,"damage_taken":0.0},{"damage_healed":0,"gold_gain":0,"player_choice":"Fight","damage_taken":0,"max_hp_gain":0,"max_hp_loss":0,"event_name":"Mysterious Sphere","floor":48,"gold_loss":0}],"is_beta":false,"boss_relics":[{"not_picked":["Cursed Key","FrozenCore"],"picked":"Coffee Dripper"},{"not_picked":["Philosopher\u0027s Stone","Busted Crown"],"picked":"Velvet Choker"}],"items_purged_floors":[20,47],"is_endless":false,"potions_floor_spawned":[5,11,12,14,23,25,30,35,40],"ascension_level":0}