{"gold_per_floor":[112,112,23,23,43,71,71,71,97,126,145,145,156,174,174,174],"floor_reached":16,"playtime":321,"items_purged":[],"score":270,"play_id":"92ecde0e-8792-492c-8d73-b9ebf12c4bf9","local_time":"20190301224550","is_ascension_mode":true,"campfire_choices":[{"data":"Defragment","floor":8,"key":"SMITH"},{"data":"Consume","floor":12,"key":"SMITH"},{"data":"Zap","floor":15,"key":"SMITH"}],"neow_cost":"NONE","seed_source_timestamp":112498499957383,"circlet_count":0,"master_deck":["AscendersBane","Strike_B","Strike_B+1","Strike_B","Defend_B+1","Defend_B","Defend_B","Defend_B","Zap+1","Dualcast+1","Skim","Consume+1","Defragment+1","Cold Snap+1","Steam","Reinforced Body","Coolheaded"],"special_seed":0,"relics":["Cracked Core","NeowsBlessing","Blood Vial","Whetstone","Gremlin Horn"],"potions_floor_usage":[10,16,16],"damage_taken":[{"damage":0.0,"enemies":"Small Slimes","floor":1.0,"turns":1.0},{"damage":0,"enemies":"2 Louse","floor":5,"turns":1},{"damage":0,"enemies":"3 Sentries","floor":6,"turns":1},{"damage":15,"enemies":"Lagavulin","floor":10,"turns":6},{"damage":7,"enemies":"Jaw Worm","floor":11,"turns":3},{"damage":14,"enemies":"2 Fungi Beasts","floor":13,"turns":3},{"damage":0,"enemies":"3 Louse","floor":14,"turns":4},{"damage":25,"enemies":"Hexaghost","floor":16,"turns":12}],"seed_played":"-1646807790367151846","potions_obtained":[{"floor":1.0,"key":"Weak Potion"},{"floor":10,"key":"FearPotion"},{"floor":11,"key":"FearPotion"}],"is_trial":false,"path_per_floor":["M","?","$","?","M","E","?","R","T","E","M","R","M","M","R","B"],"character_chosen":"DEFECT","items_purchased":["Consume"],"campfire_rested":0,"item_purchase_floors":[3],"current_hp_per_floor":[64,43,43,43,43,43,43,43,43,30,25,25,13,15,15,0],"gold":174,"neow_bonus":"THREE_ENEMY_KILL","is_prod":false,"is_daily":false,"chose_seed":false,"campfire_upgraded":3,"win_rate":0,"timestamp":1551451550,"path_taken":["M","?","$","?","M","E","?","R","T","E","M","R","?","M","R","BOSS"],"build_version":"2019-01-23","purchased_purges":0,"victory":false,"max_hp_per_floor":[71,71,71,71,71,71,71,71,71,71,71,71,71,71,71,71],"card_choices":[{"not_picked":["Self Repair","Gash"],"picked":"Skim","floor":1.0},{"not_picked":["Darkness","Skim"],"picked":"Defragment","floor":5},{"not_picked":["Fusion","Genetic Algorithm"],"picked":"Cold Snap","floor":6},{"not_picked":["Rebound","Storm","Doom and Gloom"],"picked":"SKIP","floor":10},{"not_picked":["Redo","Multi-Cast"],"picked":"Steam","floor":11},{"not_picked":["Consume","Leap"],"picked":"Reinforced Body","floor":13},{"not_picked":["Steam Power","Beam Cell"],"picked":"Coolheaded","floor":14}],"player_experience":1062446,"relics_obtained":[{"floor":6,"key":"Blood Vial"},{"floor":9,"key":"Whetstone"},{"floor":10,"key":"Gremlin Horn"}],"event_choices":[{"damage_healed":0.0,"max_hp_gain":0.0,"max_hp_loss":0.0,"gold_gain":0.0,"event_name":"Shining Light","player_choice":"Entered Light","floor":2.0,"gold_loss":0.0,"damage_taken":21.0,"cards_upgraded":["Dualcast","Defend_B"]},{"cards_removed":["Strike_B"],"damage_healed":0,"gold_gain":0,"player_choice":"Forget","damage_taken":0,"max_hp_gain":0,"max_hp_loss":0,"event_name":"Living Wall","floor":4,"gold_loss":0},{"damage_healed":0,"gold_gain":0,"player_choice":"Leave","damage_taken":0,"max_hp_gain":0,"max_hp_loss":0,"event_name":"The Cleric","floor":7,"gold_loss":0}],"is_beta":false,"boss_relics":[],"items_purged_floors":[],"is_endless":false,"potions_floor_spawned":[1,10,11],"killed_by":"Hexaghost","ascension_level":20}