{"path_per_floor":["M","M","M","?","?","M","$","E","T","R","$","R","T","M","R","B",null,"M","?","$","M","?","E","?","R","T","M","R","M","M","?","R","B",null,"M","M","$","M","M","E","R","M","T","M","E","$","R","?","R","B"],"character_chosen":"IRONCLAD","items_purchased":["Purity","Pen Nib","Vajra"],"gold_per_floor":[114,129,144,144,144,163,88,126,126,126,52,52,52,71,71,196,196,215,130,50,69,69,107,107,107,107,126,126,145,164,164,164,289,289,308,327,207,226,245,283,283,302,302,321,359,139,139,139,139,139],"floor_reached":51,"campfire_rested":1,"playtime":1823,"current_hp_per_floor":[72,72,66,50,56,52,52,35,41,41,41,41,47,47,47,7,129,119,119,119,99,99,76,60,60,66,58,98,97,92,92,92,11,141,141,141,141,141,141,124,124,141,147,144,143,143,143,143,143,126],"items_purged":["Strike_R","Strike_R","Battle Trance"],"gold":139,"score":1002,"play_id":"b1ad6727-9c29-4842-a326-4b4c0f27b189","local_time":"20180330105020","daily_mods":["Diverse","Cursed Run","Binary"],"is_prod":false,"is_daily":true,"is_ascension_mode":false,"campfire_upgraded":3,"timestamp":1522378220,"path_taken":["M","M","M","?","?","?","$","E","T","R","$","R","?","M","R","BOSS","M","?","$","M","?","E","?","R","T","?","R","M","M","?","R","BOSS","M","M","$","?","M","E","R","M","T","M","E","$","R","?","R","BOSS"],"build_version":"2018-03-29","purchased_purges":3,"victory":true,"master_deck":["Strike_R+1","Defend_R","Defend_R","Defend_R","Bash+1","Acrobatics","Distraction","Corruption","True Grit+1","Pommel Strike","Injury","Armaments+1","Body Slam+1","Decay","Purity","Clumsy","Second Wind","Parasite","Regret","Parasite","Writhe","Rampage+1","Parasite","Seeing Red","Heavy Blade+1","Writhe","Limit Break","Pummel+1","Battle Trance+1","Reaper+1","Pummel+1","Double Tap","Shrug It Off+1","Pain","Limit Break"],"max_hp_per_floor":[80,80,80,80,86,86,86,86,92,92,92,92,98,98,98,104,129,129,129,129,129,129,129,129,129,135,135,135,135,135,135,135,141,141,141,141,141,141,141,141,141,141,147,147,147,147,147,147,147,147],"relics":["Cursed Key","Darkstone Periapt","Du-Vu Doll","Golden Idol","The Courier","Art of War","Anchor","Calling Bell","Question Card","Blue Candle","Strawberry","Shovel","Gambling Chip","Molten Egg 2","Enchiridion","Frozen Egg 2","Bag of Preparation","Dream Catcher","Astrolabe","Pen Nib","Mercury Hourglass","Self Forming Clay","Red Skull","Regal Pillow","Vajra","Omamori","Thread and Needle"],"card_choices":[{"not_picked":["True Grit"],"picked":"Corruption","floor":1},{"not_picked":["Combust"],"picked":"True Grit","floor":2},{"not_picked":["Iron Wave"],"picked":"Pommel Strike","floor":3},{"not_picked":["Flex"],"picked":"Armaments","floor":6},{"not_picked":["Perfected Strike"],"picked":"Body Slam","floor":8},{"not_picked":["Anger"],"picked":"Second Wind","floor":14},{"not_picked":["Iron Wave","Evolve"],"picked":"Rampage","floor":21},{"not_picked":["Hemokinesis","Inflame"],"picked":"Battle Trance","floor":23},{"not_picked":["Twin Strike","Metallicize"],"picked":"Seeing Red","floor":27},{"not_picked":["Wild Strike","Impervious"],"picked":"Heavy Blade","floor":29},{"not_picked":["Offering","Impervious"],"picked":"Limit Break","floor":33},{"not_picked":["Heavy Blade","Inflame"],"picked":"Pummel","floor":36},{"not_picked":["Pommel Strike","Twin Strike"],"picked":"Double Tap","floor":38},{"not_picked":["Twin Strike","Armaments"],"picked":"Shrug It Off","floor":39}],"player_experience":353030,"potions_floor_usage":[6,8,18,23,27,50,50],"damage_taken":[{"damage":8,"enemies":"Small Slimes","floor":1,"turns":3},{"damage":0,"enemies":"2 Louse","floor":2,"turns":3},{"damage":6,"enemies":"Cultist","floor":3,"turns":4},{"damage":4,"enemies":"Gremlin Gang","floor":6,"turns":4},{"damage":17,"enemies":"Lagavulin","floor":8,"turns":7},{"damage":0,"enemies":"Exordium Wildlife","floor":14,"turns":4},{"damage":46,"enemies":"The Guardian","floor":16,"turns":12},{"damage":10,"enemies":"2 Thieves","floor":18,"turns":4},{"damage":20,"enemies":"Chosen","floor":21,"turns":4},{"damage":23,"enemies":"Gremlin Leader","floor":23,"turns":5},{"damage":8,"enemies":"Slaver and Parasite","floor":27,"turns":4},{"damage":1,"enemies":"Snake Plant","floor":29,"turns":2},{"damage":5,"enemies":"Cultist and Chosen","floor":30,"turns":4},{"damage":87,"enemies":"Collector","floor":33,"turns":6},{"damage":0,"enemies":"Orb Walker","floor":35,"turns":2},{"damage":0,"enemies":"3 Shapes","floor":36,"turns":2},{"damage":0,"enemies":"3 Darklings","floor":38,"turns":2},{"damage":2,"enemies":"Maw","floor":39,"turns":4},{"damage":17,"enemies":"2 Orb Walkers","floor":40,"turns":5},{"damage":0,"enemies":"Sphere and 2 Shapes","floor":42,"turns":2},{"damage":3,"enemies":"3 Darklings","floor":44,"turns":5},{"damage":1,"enemies":"Nemesis","floor":45,"turns":3},{"damage":17,"enemies":"Time Eater","floor":50,"turns":3}],"event_choices":[{"event_name":"Shining Light","player_choice":"Entered Light","floor":4,"damage_taken":0},{"event_name":"Golden Idol","player_choice":"Take Wound","floor":5,"damage_taken":0},{"event_name":"Addict","player_choice":"Obtained Relic","floor":19,"damage_taken":0},{"event_name":"The Mausoleum","player_choice":"Yes","floor":22,"damage_taken":0},{"event_name":"Cursed Tome","player_choice":"Obtained Book","floor":24,"damage_taken":0},{"event_name":"Drug Dealer","player_choice":"Ignored","floor":31,"damage_taken":0},{"event_name":"Duplicator","player_choice":"One dupe","floor":48,"damage_taken":0}],"boss_relics":[{"not_picked":["Sozu","Ectoplasm"],"picked":"Calling Bell"},{"not_picked":["Philosopher\u0027s Stone","Mark of Pain"],"picked":"Astrolabe"}],"potions_floor_spawned":[1,6,14,18,21,30,38,42,44,45],"seed_played":"3601670706456494234","ascension_level":0,"is_trial":false}