{"gold_per_floor":[112,132,57,74,54,54,81,92,92,92,7,20,35,55,55,131,131,146,146,61,71,20,20,30,30,30,30,50,50,68,103,103,180,180,194,194,194,38,55,55,87,87,87,87,1,13,0,15,15,15,15],"floor_reached":52,"playtime":3491,"items_purged":["Strike_B","Strike_B"],"score":1879,"play_id":"9ae8aa3a-ee5f-455b-ac8a-3a46ef2def56","local_time":"20190111001016","is_ascension_mode":true,"campfire_choices":[{"data":"Darkness","floor":6.0,"key":"SMITH"},{"data":"Dualcast","floor":10.0,"key":"SMITH"},{"data":"Multi-Cast","floor":15.0,"key":"SMITH"},{"data":"Consume","floor":23.0,"key":"SMITH"},{"data":"Sunder","floor":25.0,"key":"SMITH"},{"floor":29.0,"key":"REST"},{"data":"Coolheaded","floor":32.0,"key":"SMITH"},{"data":"Coolheaded","floor":40,"key":"SMITH"},{"data":"Skim","floor":42,"key":"SMITH"},{"data":"Deep Breath","floor":44,"key":"SMITH"},{"data":"Echo Form","floor":49,"key":"SMITH"}],"neow_cost":"NONE","seed_source_timestamp":40707744779245,"circlet_count":0,"master_deck":["AscendersBane","Strike_B","Strike_B","Defend_B","Defend_B","Defend_B","Defend_B","Zap","Dualcast+1","Echo Form+1","Self Repair","Rip and Tear","Darkness+1","Go for the Eyes","Genetic Algorithm","Multi-Cast+1","Sunder+1","Defragment+1","Cold Snap","Consume+1","Coolheaded+1","Coolheaded+1","Conserve Battery+1","Reboot","Deep Breath+1","Magnetism","Skim+1","Echo Form"],"special_seed":0,"relics":["Cracked Core","Bronze Scales","Gremlin Horn","Inserter","Sundial","Mummified Hand","Enchiridion","Ginger","Philosopher\u0027s Stone","Bag of Preparation","Prayer Wheel","Red Mask"],"potions_floor_usage":[48,51],"damage_taken":[{"damage":2.0,"enemies":"Jaw Worm","floor":1.0,"turns":5.0},{"damage":7.0,"enemies":"Cultist","floor":2.0,"turns":4.0},{"damage":5.0,"enemies":"Small Slimes","floor":4.0,"turns":3.0},{"damage":35.0,"enemies":"3 Sentries","floor":7.0,"turns":7.0},{"damage":12.0,"enemies":"Looter","floor":8.0,"turns":4.0},{"damage":7.0,"enemies":"Blue Slaver","floor":12.0,"turns":3.0},{"damage":0.0,"enemies":"3 Louse","floor":13.0,"turns":2.0},{"damage":10.0,"enemies":"Exordium Wildlife","floor":14.0,"turns":3.0},{"damage":5.0,"enemies":"Slime Boss","floor":16.0,"turns":5.0},{"damage":40.0,"enemies":"Shell Parasite","floor":18.0,"turns":9.0},{"damage":2.0,"enemies":"3 Byrds","floor":21.0,"turns":2.0},{"damage":18.0,"enemies":"Shelled Parasite and Fungi","floor":24.0,"turns":7.0},{"damage":7.0,"enemies":"Sentry and Sphere","floor":28.0,"turns":5.0},{"damage":21.0,"enemies":"Snecko","floor":30.0,"turns":4.0},{"damage":5.0,"enemies":"Gremlin Leader","floor":31.0,"turns":6.0},{"damage":6.0,"enemies":"Automaton","floor":33.0,"turns":8.0},{"damage":0.0,"enemies":"Orb Walker","floor":35.0,"turns":3.0},{"damage":10,"enemies":"3 Darklings","floor":39,"turns":7},{"damage":5,"enemies":"Nemesis","floor":41,"turns":7},{"damage":0,"enemies":"Spire Growth","floor":46,"turns":4},{"damage":7,"enemies":"Writhing Mass","floor":48,"turns":6},{"damage":0,"enemies":"Time Eater","floor":50,"turns":6},{"damage":10,"enemies":"Donu and Deca","floor":51,"turns":9}],"seed_played":"-4881243324634937637","potions_obtained":[{"floor":1.0,"key":"Weak Potion"},{"floor":5.0,"key":"Poison Potion"},{"floor":7.0,"key":"Explosive Potion"},{"floor":12.0,"key":"Explosive Potion"},{"floor":13.0,"key":"LiquidBronze"},{"floor":16.0,"key":"SkillPotion"},{"floor":18.0,"key":"Block Potion"},{"floor":21.0,"key":"SpeedPotion"},{"floor":24.0,"key":"Fire Potion"},{"floor":30.0,"key":"Dexterity Potion"},{"floor":41,"key":"Regen Potion"}],"is_trial":false,"path_per_floor":["M","M","$","M","?","R","E","M","T","R","$","M","M","M","R","B",null,"M","?","?","M","$","R","M","R","T","?","M","R","M","E","R","B",null,"M","?","?","$","M","R","E","R","T","R","$","M","?","M","R","B","B",null],"character_chosen":"DEFECT","items_purchased":["Genetic Algorithm","Coolheaded","Block Potion","FocusPotion"],"campfire_rested":1,"item_purchase_floors":[11,22,38,45],"current_hp_per_floor":[62,69,69,64,64,64,36,31,31,31,31,31,38,35,35,30,61,35,35,35,40,40,40,36,36,36,15,15,36,22,24,24,32,61,68,68,58,58,62,62,64,64,64,64,64,71,71,71,71,71,68],"gold":15,"neow_bonus":"ONE_RANDOM_RARE_CARD","is_prod":false,"is_daily":false,"chose_seed":false,"campfire_upgraded":10,"win_rate":0,"timestamp":1547136616,"path_taken":["M","M","$","M","?","R","E","?","T","R","$","M","?","M","R","BOSS","M","?","?","M","$","R","M","R","T","?","M","R","M","E","R","BOSS","M","?","?","?","?","R","E","R","T","R","$","M","?","M","R","BOSS","BOSS"],"build_version":"2019-01-03v4","purchased_purges":2,"victory":true,"max_hp_per_floor":[71,71,71,71,71,71,71,71,71,71,71,71,71,71,71,71,71,71,71,71,71,71,71,71,71,71,71,71,71,71,71,71,71,71,71,71,71,71,71,71,71,71,71,71,71,71,71,71,71,71,71],"card_choices":[{"not_picked":["Reinforced Body","Compile Driver"],"picked":"Self Repair","floor":1.0},{"not_picked":["Steam Power","FTL"],"picked":"Rip and Tear","floor":2.0},{"not_picked":["Turbo","Cold Snap"],"picked":"Darkness","floor":4.0},{"not_picked":["Darkness","Streamline","Reprogram"],"picked":"SKIP","floor":7.0},{"not_picked":["Darkness","Streamline","Reprogram"],"picked":"SKIP","floor":7.0},{"not_picked":["Melter","Rebound"],"picked":"Go for the Eyes","floor":8.0},{"not_picked":["Compile Driver","Turbo","Go for the Eyes"],"picked":"SKIP","floor":12.0},{"not_picked":["Gash","Doom and Gloom"],"picked":"Multi-Cast","floor":13.0},{"not_picked":["Heatsinks","Compile Driver"],"picked":"Sunder","floor":14.0},{"not_picked":["BootSequence","Melter"],"picked":"Defragment+1","floor":18.0},{"not_picked":["Force Field","Coolheaded"],"picked":"Consume","floor":21.0},{"not_picked":["Doom and Gloom","Sweeping Beam","Loop"],"picked":"SKIP","floor":24.0},{"not_picked":["Self Repair","Steam Power","Gash"],"picked":"SKIP","floor":28.0},{"not_picked":["Rip and Tear+1","Aggregate"],"picked":"Coolheaded","floor":30.0},{"not_picked":["Sweeping Beam","All For One"],"picked":"Conserve Battery+1","floor":31.0},{"not_picked":["Amplify","Hyperbeam"],"picked":"Reboot","floor":33.0},{"not_picked":["Hello World","Sweeping Beam+1","Ball Lightning"],"picked":"SKIP","floor":35.0},{"not_picked":["Transmutation","Blind"],"picked":"Deep Breath","floor":37},{"not_picked":["Good Instincts","Flash of Steel"],"picked":"Magnetism","floor":37},{"not_picked":["Blizzard","Hello World","Loop"],"picked":"SKIP","floor":39},{"not_picked":["Gash","Fusion"],"picked":"Skim","floor":41},{"not_picked":["Beam Cell+1","Melter","Redo"],"picked":"SKIP","floor":46},{"not_picked":["Barrage","Darkness","Conserve Battery"],"picked":"SKIP","floor":46},{"not_picked":["Hologram","Double Energy"],"picked":"Echo Form","floor":48},{"not_picked":["Conserve Battery","Stack+1","Ball Lightning"],"picked":"SKIP","floor":48}],"player_experience":1930732,"relics_obtained":[{"floor":7.0,"key":"Bronze Scales"},{"floor":9.0,"key":"Gremlin Horn"},{"floor":26.0,"key":"Mummified Hand"},{"floor":27.0,"key":"Enchiridion"},{"floor":31.0,"key":"Ginger"},{"floor":41,"key":"Bag of Preparation"},{"floor":43,"key":"Prayer Wheel"}],"event_choices":[{"damage_healed":0.0,"max_hp_gain":0.0,"max_hp_loss":0.0,"gold_gain":0.0,"event_name":"The Woman in Blue","player_choice":"Bought 1 Potion","floor":5.0,"gold_loss":0.0,"damage_taken":0.0},{"damage_healed":0.0,"max_hp_gain":0.0,"max_hp_loss":0.0,"gold_gain":0.0,"event_name":"The Library","player_choice":"Read","floor":19.0,"gold_loss":0.0,"damage_taken":0.0,"cards_obtained":["Cold Snap"]},{"damage_healed":0.0,"max_hp_gain":0.0,"max_hp_loss":0.0,"gold_gain":0.0,"event_name":"Addict","player_choice":"Obtained Relic","floor":20.0,"gold_loss":85.0,"damage_taken":0.0,"relics_obtained":["Sundial"]},{"damage_healed":0.0,"max_hp_gain":0.0,"max_hp_loss":0.0,"gold_gain":0.0,"event_name":"Cursed Tome","player_choice":"Obtained Book","floor":27.0,"gold_loss":0.0,"damage_taken":21.0},{"damage_healed":0,"gold_gain":0,"player_choice":"Ignored","damage_taken":0,"max_hp_gain":0,"max_hp_loss":0,"event_name":"Mysterious Sphere","floor":36,"gold_loss":0},{"damage_healed":0,"gold_gain":0,"player_choice":"Memory 3","damage_taken":10,"max_hp_gain":0,"max_hp_loss":0,"event_name":"SensoryStone","floor":37,"gold_loss":0},{"damage_healed":0,"gold_gain":0,"player_choice":"Paid","damage_taken":0,"relics_obtained":["Red Mask"],"max_hp_gain":0,"max_hp_loss":0,"event_name":"Tomb of Lord Red Mask","floor":47,"gold_loss":13}],"is_beta":false,"boss_relics":[{"not_picked":["Eternal Feather","Calling Bell"],"picked":"Inserter"},{"not_picked":["Empty Cage","Astrolabe"],"picked":"Philosopher\u0027s Stone"}],"items_purged_floors":[3,38],"is_endless":false,"potions_floor_spawned":[1,7,12,13,16,18,21,24,30,41,46],"ascension_level":20}