{"gold_per_floor":[119,119,44,60,10,10,40,55,55,70,70,70,70,83,83,183,183,201,211,222,222,240,240,140,140,140,154,154,170,205,215,215,317,317,327,327,327,327,202,233,252,252,252,202,217,231,181,200,200,200],"floor_reached":51,"playtime":2467,"items_purged":["Defend_B","Tempest","Strike_B+1","Defend_B+1","Strike_B+1"],"score":1163,"play_id":"82f1b2e2-299b-44f3-a8cf-7c9199245ae5","local_time":"20181008224219","is_ascension_mode":true,"campfire_choices":[{"data":"Zap","floor":6,"key":"SMITH"},{"data":"Fission","floor":11,"key":"SMITH"},{"data":"Forethought","floor":13,"key":"SMITH"},{"data":"Gash","floor":15,"key":"SMITH"},{"data":"Dualcast","floor":23,"key":"SMITH"},{"data":"Reprogram","floor":25,"key":"SMITH"},{"data":"Reprogram","floor":28,"key":"SMITH"},{"data":"Reprogram","floor":32,"key":"SMITH"}],"neow_cost":"NONE","seed_source_timestamp":54442386151658,"circlet_count":0,"master_deck":["Zap+1","Dualcast+1","Go for the Eyes+1","Gash+1","Fission+1","Forethought+1","FTL+1","Reboot+1","Redo+1","Reprogram+1","BootSequence+1","Reprogram+1","Reprogram+1","Go for the Eyes+1","Reprogram+1","Seek+1","Chill+1","Go for the Eyes+1","Gash+1"],"relics":["Cracked Core","Pen Nib","Unceasing Top","Pear","Empty Cage","Molten Egg 2","Orichalcum","Coffee Dripper","Mark of the Bloom","Smiling Mask","War Paint"],"potions_floor_usage":[18,20,22],"damage_taken":[{"damage":4,"enemies":"2 Louse","floor":1,"turns":2},{"damage":1,"enemies":"Cultist","floor":4,"turns":3},{"damage":24,"enemies":"Gremlin Nob","floor":7,"turns":4},{"damage":7,"enemies":"Small Slimes","floor":8,"turns":2},{"damage":12,"enemies":"Blue Slaver","floor":10,"turns":3},{"damage":8,"enemies":"Large Slime","floor":14,"turns":2},{"damage":0,"enemies":"Slime Boss","floor":16,"turns":5},{"damage":0,"enemies":"2 Thieves","floor":18,"turns":1},{"damage":0,"enemies":"Chosen","floor":19,"turns":1},{"damage":0,"enemies":"Centurion and Healer","floor":20,"turns":2},{"damage":13,"enemies":"Snecko","floor":22,"turns":3},{"damage":0,"enemies":"Sentry and Sphere","floor":27,"turns":2},{"damage":0,"enemies":"Cultist and Chosen","floor":29,"turns":1},{"damage":0,"enemies":"Book of Stabbing","floor":30,"turns":1},{"damage":0,"enemies":"Centurion and Healer","floor":31,"turns":1},{"damage":0,"enemies":"Collector","floor":33,"turns":1},{"damage":0,"enemies":"3 Shapes","floor":35,"turns":2},{"damage":0,"enemies":"Giant Head","floor":40,"turns":1},{"damage":0,"enemies":"Orb Walker","floor":41,"turns":1},{"damage":0,"enemies":"4 Shapes","floor":45,"turns":1},{"damage":0,"enemies":"Transient","floor":46,"turns":1},{"damage":0,"enemies":"Maw","floor":48,"turns":1},{"damage":0,"enemies":"Awakened One","floor":50,"turns":2}],"seed_played":"5108551695984724235","potions_obtained":[{"floor":8,"key":"Explosive Potion"},{"floor":10,"key":"Energy Potion"},{"floor":19,"key":"Energy Potion"},{"floor":30,"key":"SpeedPotion"},{"floor":33,"key":"Energy Potion"},{"floor":45,"key":"Explosive Potion"}],"is_trial":false,"path_per_floor":["M","?","$","M","?","R","E","M","T","M","R","?","R","M","R","B",null,"M","M","M","?","M","R","$","R","T","M","R","M","E","M","R","B",null,"M","?","?","?","$","E","M","R","T","$","M","M","$","M","R","B"],"character_chosen":"DEFECT","items_purchased":[],"campfire_rested":0,"item_purchase_floors":[],"current_hp_per_floor":[71,71,71,70,70,70,46,39,49,37,37,37,37,29,29,29,85,85,85,85,85,72,72,72,72,72,72,72,72,72,72,72,72,85,85,85,85,85,85,85,85,85,85,85,85,85,85,85,85,85],"gold":200,"neow_bonus":"RANDOM_COMMON_RELIC","is_prod":false,"is_daily":false,"chose_seed":false,"campfire_upgraded":8,"win_rate":0,"timestamp":1539009739,"path_taken":["M","?","$","M","?","R","E","?","T","M","R","?","R","?","R","BOSS","M","M","?","?","M","R","$","R","T","?","R","?","E","M","R","BOSS","M","?","?","?","$","E","?","R","T","?","?","?","$","?","R","BOSS"],"build_version":"2018-10-04v2","purchased_purges":5,"victory":true,"max_hp_per_floor":[75,75,75,75,75,75,75,75,85,85,85,85,85,85,85,85,85,85,85,85,85,85,85,85,85,85,85,85,85,85,85,85,85,85,85,85,85,85,85,85,85,85,85,85,85,85,85,85,85,85],"card_choices":[{"not_picked":["Gash","Hologram","Chaos"],"picked":"SKIP","floor":1},{"not_picked":["Double Energy","Stack","Beam Cell"],"picked":"SKIP","floor":4},{"not_picked":["Doom and Gloom","Rebound"],"picked":"Go for the Eyes","floor":7},{"not_picked":["Ball Lightning","Hologram"],"picked":"Gash","floor":8},{"not_picked":["BootSequence","Hologram"],"picked":"Fission","floor":10},{"not_picked":["Coolheaded","Steam"],"picked":"FTL","floor":14},{"not_picked":["Multi-Cast","Thunder Strike"],"picked":"Reboot","floor":16},{"not_picked":["Defragment","Cold Snap"],"picked":"Redo+1","floor":18},{"not_picked":["Cold Snap","Barrage+1"],"picked":"Reprogram","floor":19},{"not_picked":["Stack","Hologram"],"picked":"BootSequence","floor":20},{"not_picked":["Cold Snap+1","Leap"],"picked":"Reprogram","floor":22},{"not_picked":["Go for the Eyes+1","Rebound+1"],"picked":"Reprogram","floor":27},{"not_picked":["Turbo","Conserve Battery"],"picked":"Go for the Eyes+1","floor":29},{"not_picked":["Coolheaded","Consume+1"],"picked":"Reprogram+1","floor":30},{"not_picked":["Heatsinks","Scrape+1"],"picked":"Seek","floor":31},{"not_picked":["Doom and Gloom+1","Sweeping Beam+1","Rebound+1"],"picked":"SKIP","floor":35},{"not_picked":["Doom and Gloom+1","Hologram+1"],"picked":"Chill+1","floor":40},{"not_picked":["Steam","Hologram"],"picked":"Go for the Eyes+1","floor":41},{"not_picked":["Chaos","Force Field"],"picked":"Gash+1","floor":45},{"not_picked":["Leap+1","Hologram+1","Auto Shields"],"picked":"SKIP","floor":46},{"not_picked":["Leap+1","Streamline+1","White Noise+1"],"picked":"SKIP","floor":48}],"player_experience":21444,"relics_obtained":[{"floor":7,"key":"Unceasing Top"},{"floor":9,"key":"Pear"},{"floor":26,"key":"Molten Egg 2"},{"floor":30,"key":"Orichalcum"},{"floor":40,"key":"Smiling Mask"},{"floor":43,"key":"War Paint"}],"event_choices":[{"event_name":"Transmorgrifier","player_choice":"Transform","floor":2,"damage_taken":0},{"event_name":"The Cleric","player_choice":"Card Removal","floor":5,"damage_taken":0},{"event_name":"Match and Keep!","player_choice":"1 cards matched","floor":12,"damage_taken":0},{"event_name":"Ghosts","player_choice":"Ignored","floor":21,"damage_taken":0},{"event_name":"Mysterious Sphere","player_choice":"Ignore","floor":36,"damage_taken":0},{"event_name":"Accursed Blacksmith","player_choice":"Forge","floor":37,"damage_taken":0},{"event_name":"MindBloom","player_choice":"Upgrade","floor":38,"damage_taken":0}],"is_beta":false,"boss_relics":[{"not_picked":["FrozenCore","Busted Crown"],"picked":"Empty Cage"},{"not_picked":["Cursed Key","Runic Dome"],"picked":"Coffee Dripper"}],"items_purged_floors":[3,24,39,44,47],"is_endless":false,"potions_floor_spawned":[8,10,19,30,33,45,48],"ascension_level":3}