{"gold_per_floor":[113,124,124,49,99,99,116,116,143,177,177,205,205,225,225,299,299,315,327,327,252,266,266,294,139,187,219,231,254,296,358,370,454,466,494,506,408,107,120,120,153,28,76,103,123,523,551,551,551,551,551,551,551,233,268,268],"floor_reached":57,"playtime":1465,"items_purged":["Defend_G","Defend_G","Deadly Poison+1","Survivor+1"],"score":3659,"play_id":"13d51526-8a72-470e-b273-92f5f504cc0c","local_time":"20190808151129","is_ascension_mode":true,"campfire_choices":[{"data":"Envenom","floor":6.0,"key":"SMITH"},{"data":"Calculated Gamble","floor":8.0,"key":"SMITH"},{"data":"Deadly Poison","floor":11.0,"key":"SMITH"},{"data":"Acrobatics","floor":15,"key":"SMITH"},{"data":"Grand Finale","floor":23,"key":"SMITH"},{"data":"Acrobatics","floor":28,"key":"SMITH"},{"data":"Neutralize","floor":32,"key":"SMITH"},{"data":"Well Laid Plans","floor":40,"key":"SMITH"},{"floor":49,"key":"RECALL"},{"data":"Backflip","floor":53,"key":"SMITH"}],"neow_cost":"TEN_PERCENT_HP_LOSS","seed_source_timestamp":1028122613536400,"circlet_count":0,"master_deck":["AscendersBane","Neutralize+1","Envenom+1","Calculated Gamble+1","Backflip+1","Tactician+1","Grand Finale+1","Acrobatics+1","Acrobatics+1","Well Laid Plans+1"],"special_seed":0,"relics":["Ring of the Snake","War Paint","Pen Nib","Paper Crane","Odd Mushroom","Empty Cage","Happy Flower","Orichalcum","MawBank","Bag of Marbles","Black Star","Medical Kit","Gremlin Horn","The Specimen","Strawberry","Ice Cream","Old Coin","PreservedInsect","Toxic Egg 2","Bag of Preparation","Bottled Lightning","Snake Skull"],"potions_floor_usage":[56,56],"damage_taken":[{"damage":7.0,"enemies":"Jaw Worm","floor":1.0,"turns":6.0},{"damage":7.0,"enemies":"Small Slimes","floor":2.0,"turns":6.0},{"damage":0.0,"enemies":"Cultist","floor":7.0,"turns":5.0},{"damage":0.0,"enemies":"3 Sentries","floor":10.0,"turns":2.0},{"damage":0.0,"enemies":"The Mushroom Lair","floor":12.0,"turns":3.0},{"damage":0,"enemies":"Looter","floor":14,"turns":1},{"damage":0,"enemies":"The Guardian","floor":16,"turns":6},{"damage":0,"enemies":"Shell Parasite","floor":18,"turns":1},{"damage":0,"enemies":"2 Thieves","floor":19,"turns":3},{"damage":0,"enemies":"Centurion and Healer","floor":22,"turns":2},{"damage":0,"enemies":"Gremlin Leader","floor":24,"turns":2},{"damage":0,"enemies":"Slavers","floor":27,"turns":1},{"damage":0,"enemies":"3 Cultists","floor":29,"turns":1},{"damage":0,"enemies":"Gremlin Leader","floor":30,"turns":1},{"damage":0,"enemies":"Collector","floor":33,"turns":1},{"damage":0,"enemies":"3 Shapes","floor":35,"turns":1},{"damage":0,"enemies":"3 Darklings","floor":39,"turns":1},{"damage":0,"enemies":"Reptomancer","floor":41,"turns":1},{"damage":0,"enemies":"Nemesis","floor":44,"turns":1},{"damage":0,"enemies":"Jaw Worm Horde","floor":45,"turns":1},{"damage":0,"enemies":"Mind Bloom Boss Battle","floor":46,"turns":1},{"damage":0,"enemies":"Giant Head","floor":47,"turns":1},{"damage":0,"enemies":"Donu and Deca","floor":50,"turns":1},{"damage":0,"enemies":"Awakened One","floor":51,"turns":2},{"damage":0,"enemies":"Shield and Spear","floor":55,"turns":1},{"damage":0,"enemies":"The Heart","floor":56,"turns":4}],"seed_played":"-2446568794069428800","potions_obtained":[{"floor":10.0,"key":"Dexterity Potion"},{"floor":12.0,"key":"SpeedPotion"},{"floor":19,"key":"PowerPotion"},{"floor":22,"key":"Ancient Potion"}],"is_trial":false,"path_per_floor":["M","M","?","?","T","R","M","R","T","E","R","?","?","M","R","B",null,"M","M","?","$","M","R","E","$","T","E","R","M","E","?","R","B",null,"M","?","?","$","M","R","E","$","T","E","M","?","E","?","R","B","B",null,"R","$","E","B",null],"character_chosen":"THE_SILENT","items_purchased":["Acrobatics","Medical Kit","Well Laid Plans","Bag of Preparation"],"campfire_rested":0,"item_purchase_floors":[25,38,38,54],"current_hp_per_floor":[52,45,45,45,45,45,45,45,45,45,45,45,45,45,45,45,56,56,56,56,56,56,56,56,56,56,56,56,56,56,56,56,56,59,59,57,57,57,57,57,57,57,57,64,64,64,64,64,64,64,64,64,64,64,64,64],"gold":268,"neow_bonus":"TRANSFORM_TWO_CARDS","is_prod":false,"is_daily":false,"chose_seed":false,"campfire_upgraded":9,"win_rate":0,"timestamp":1565248289,"path_taken":["M","M","?","?","?","R","?","R","T","E","R","?","?","M","R","BOSS","M","?","?","$","M","R","E","$","T","E","R","M","E","?","R","BOSS","M","?","?","$","M","R","E","$","T","E","?","?","E","?","R","BOSS","BOSS","R","$","E","BOSS"],"build_version":"2019-07-17","purchased_purges":4,"victory":true,"max_hp_per_floor":[60,60,60,60,60,60,60,60,60,60,60,60,60,60,60,60,60,60,60,60,60,60,60,60,60,60,60,60,60,60,60,60,60,60,60,57,57,57,57,57,57,57,57,64,64,64,64,64,64,64,64,64,64,64,64,64],"card_choices":[{"not_picked":["Underhanded Strike","Footwork"],"picked":"Backflip","floor":1.0},{"not_picked":["Slice","Catalyst"],"picked":"Tactician","floor":2.0},{"not_picked":["Caltrops","Distraction"],"picked":"Deadly Poison","floor":7.0},{"not_picked":["Backflip","Riddle With Holes","Bane"],"picked":"SKIP","floor":10.0},{"not_picked":["Cloak And Dagger","Setup","Slice"],"picked":"SKIP","floor":14},{"not_picked":["Infinite Blades","Leg Sweep","Deadly Poison"],"picked":"SKIP","floor":18},{"not_picked":["Catalyst","Deadly Poison","PiercingWail+1"],"picked":"SKIP","floor":19},{"not_picked":["Choke","Blade Dance","Heel Hook"],"picked":"SKIP","floor":22},{"not_picked":["Choke","Blade Dance","Heel Hook"],"picked":"SKIP","floor":22},{"not_picked":["Predator","Dagger Throw+1","Expertise"],"picked":"SKIP","floor":24},{"not_picked":["Slice","Masterful Stab","Crippling Poison"],"picked":"SKIP","floor":27},{"not_picked":["Outmaneuver","Escape Plan","Deflect"],"picked":"SKIP","floor":29},{"not_picked":["Distraction+1","Prepared","Backflip"],"picked":"SKIP","floor":30},{"not_picked":["Blur","Dagger Spray","Crippling Poison+1"],"picked":"SKIP","floor":35},{"not_picked":["Poisoned Stab+1","Tactician","Backflip+1"],"picked":"SKIP","floor":39},{"not_picked":["Underhanded Strike","Prepared+1","Leg Sweep"],"picked":"SKIP","floor":41},{"not_picked":["Prepared","A Thousand Cuts","Deadly Poison"],"picked":"SKIP","floor":44},{"not_picked":["Footwork","Deflect","Dash+1"],"picked":"SKIP","floor":45},{"not_picked":["Acrobatics","Dodge and Roll","Prepared"],"picked":"SKIP","floor":47},{"not_picked":["Prepared+1","Outmaneuver+1","PiercingWail+1"],"picked":"SKIP","floor":55}],"player_experience":753685,"relics_obtained":[{"floor":5.0,"key":"War Paint"},{"floor":9.0,"key":"Pen Nib"},{"floor":10.0,"key":"Paper Crane"},{"floor":12.0,"key":"Odd Mushroom"},{"floor":24,"key":"Happy Flower"},{"floor":26,"key":"Orichalcum"},{"floor":27,"key":"MawBank"},{"floor":30,"key":"Bag of Marbles"},{"floor":41,"key":"Gremlin Horn"},{"floor":41,"key":"The Specimen"},{"floor":44,"key":"Strawberry"},{"floor":44,"key":"Ice Cream"},{"floor":46,"key":"Old Coin"},{"floor":47,"key":"PreservedInsect"},{"floor":47,"key":"Toxic Egg 2"},{"floor":55,"key":"Bottled Lightning"},{"floor":55,"key":"Snake Skull"}],"event_choices":[{"damage_healed":0.0,"max_hp_gain":0.0,"max_hp_loss":0.0,"gold_gain":0.0,"cards_transformed":["Strike_G"],"event_name":"Living Wall","player_choice":"Change","floor":3.0,"gold_loss":0.0,"damage_taken":0.0,"cards_obtained":["Grand Finale"]},{"cards_removed":["Defend_G"],"damage_healed":0.0,"max_hp_gain":0.0,"max_hp_loss":0.0,"gold_gain":0.0,"event_name":"The Cleric","player_choice":"Card Removal","floor":4.0,"gold_loss":75.0,"damage_taken":0.0},{"damage_healed":0.0,"max_hp_gain":0.0,"max_hp_loss":0.0,"gold_gain":0.0,"event_name":"Mushrooms","player_choice":"Fought Mushrooms","floor":12.0,"gold_loss":0.0,"damage_taken":0.0},{"damage_healed":0,"gold_gain":0,"cards_transformed":["Strike_G"],"player_choice":"Transformed","damage_taken":0,"max_hp_gain":0,"max_hp_loss":0,"event_name":"Transmorgrifier","floor":13,"gold_loss":0,"cards_obtained":["Acrobatics"]},{"damage_healed":0,"gold_gain":0,"player_choice":"Ignored","damage_taken":0,"max_hp_gain":0,"max_hp_loss":0,"event_name":"Ghosts","floor":20,"gold_loss":0},{"damage_healed":0,"gold_gain":50,"player_choice":"Stole From Cult","damage_taken":0,"max_hp_gain":0,"max_hp_loss":0,"event_name":"Nest","floor":31,"gold_loss":0},{"damage_healed":0,"gold_gain":0,"player_choice":"Max HP","damage_taken":0,"max_hp_gain":0,"max_hp_loss":3,"event_name":"Winding Halls","floor":36,"gold_loss":0},{"cards_removed":["Defend_G"],"damage_healed":0,"gold_gain":0,"player_choice":"Upgrade and Remove","damage_taken":0,"max_hp_gain":0,"max_hp_loss":0,"event_name":"Designer","floor":37,"gold_loss":110,"cards_upgraded":["Survivor"]},{"damage_healed":0,"gold_gain":0,"player_choice":"Fight","damage_taken":0,"max_hp_gain":0,"max_hp_loss":0,"event_name":"MindBloom","floor":46,"gold_loss":0},{"damage_healed":0,"gold_gain":0,"player_choice":"Ignored","damage_taken":0,"max_hp_gain":0,"max_hp_loss":0,"event_name":"Tomb of Lord Red Mask","floor":48,"gold_loss":0}],"is_beta":false,"boss_relics":[{"not_picked":["Calling Bell","WristBlade"],"picked":"Empty Cage"},{"not_picked":["Cursed Key","Eternal Feather"],"picked":"Black Star"}],"items_purged_floors":[21,25,42,54],"is_endless":false,"potions_floor_spawned":[10,12,18,19,22,29,33,35,41,45,46],"ascension_level":20}