{"gold_per_floor":[115,115,135,135,151,151,183,183,183,183,67,67,83,83,83,154,154,174,149,169,181,181,212,212,229,284,309,329,346,346,346,346,425,425,442,125,125,138,138,167,167,195,219,219,94,108,131,178,178,178,178,178,178,28,56,56],"floor_reached":57,"playtime":4288,"items_purged":["Strike_G","Strike_G","Strike_G","Strike_G+1"],"score":3146,"play_id":"229b25e9-dacd-41d9-ad73-ecca171645dd","local_time":"20190215094334","is_ascension_mode":true,"campfire_choices":[{"data":"Bouncing Flask","floor":6.0,"key":"SMITH"},{"data":"Wraith Form v2","floor":8.0,"key":"SMITH"},{"data":"Bouncing Flask","floor":10.0,"key":"SMITH"},{"data":"Venomology","floor":12.0,"key":"SMITH"},{"data":"Calculated Gamble","floor":15.0,"key":"SMITH"},{"data":"Calculated Gamble","floor":24.0,"key":"SMITH"},{"data":"Acrobatics","floor":30.0,"key":"SMITH"},{"data":"Expertise","floor":32.0,"key":"SMITH"},{"data":"Ghostly","floor":41.0,"key":"SMITH"},{"floor":44.0,"key":"RECALL"},{"data":"True Grit","floor":49,"key":"SMITH"},{"data":"Reflex","floor":53,"key":"SMITH"}],"neow_cost":"TEN_PERCENT_HP_LOSS","seed_source_timestamp":2375724717392,"circlet_count":0,"master_deck":["AscendersBane","Defend_G","Defend_G","Defend_G","Defend_G","Survivor","Neutralize+1","Bouncing Flask+1","Venomology+1","Footwork","Wraith Form v2+1","Bouncing Flask+1","Escape Plan","Calculated Gamble+1","Grand Finale","Tactician+1","Tools of the Trade","Backflip","Calculated Gamble+1","Ghostly+1","Ghostly","Ghostly","Venomology","Expertise+1","Acrobatics+1","Tools of the Trade","Grand Finale","Heatsinks+1","Violence","Reflex+1","True Grit+1"],"special_seed":0,"relics":["Ring of the Snake","Anchor","Mercury Hourglass","Sozu","Torii","Bronze Scales","Potion Belt","Runic Pyramid","PrismaticShard","Whetstone","Ninja Scroll","Juzu Bracelet","FossilizedHelix","Strawberry"],"potions_floor_usage":[56],"damage_taken":[{"damage":0.0,"enemies":"Jaw Worm","floor":1.0,"turns":4.0},{"damage":0.0,"enemies":"Cultist","floor":3.0,"turns":4.0},{"damage":1.0,"enemies":"Small Slimes","floor":5.0,"turns":4.0},{"damage":6.0,"enemies":"Lagavulin","floor":7.0,"turns":5.0},{"damage":0.0,"enemies":"Looter","floor":13.0,"turns":2.0},{"damage":11.0,"enemies":"Slime Boss","floor":16.0,"turns":6.0},{"damage":3.0,"enemies":"Chosen","floor":18.0,"turns":4.0},{"damage":0.0,"enemies":"2 Thieves","floor":19.0,"turns":4.0},{"damage":8.0,"enemies":"Snake Plant","floor":20.0,"turns":3.0},{"damage":1.0,"enemies":"3 Cultists","floor":21.0,"turns":3.0},{"damage":6.0,"enemies":"Book of Stabbing","floor":23.0,"turns":6.0},{"damage":1.0,"enemies":"Snecko","floor":25.0,"turns":6.0},{"damage":2.0,"enemies":"Slavers","floor":27.0,"turns":4.0},{"damage":3.0,"enemies":"Cultist and Chosen","floor":28.0,"turns":7.0},{"damage":0.0,"enemies":"Snake Plant","floor":29.0,"turns":4.0},{"damage":0.0,"enemies":"Champ","floor":33.0,"turns":11.0},{"damage":0.0,"enemies":"3 Darklings","floor":35.0,"turns":4.0},{"damage":0.0,"enemies":"Orb Walker","floor":38.0,"turns":3.0},{"damage":1.0,"enemies":"Reptomancer","floor":40.0,"turns":5.0},{"damage":0.0,"enemies":"Giant Head","floor":42.0,"turns":5.0},{"damage":0.0,"enemies":"Writhing Mass","floor":46.0,"turns":4.0},{"damage":0,"enemies":"2 Orb Walkers","floor":48,"turns":5},{"damage":0,"enemies":"Donu and Deca","floor":50,"turns":5},{"damage":0,"enemies":"Time Eater","floor":51,"turns":9},{"damage":2,"enemies":"Shield and Spear","floor":55,"turns":6},{"damage":15,"enemies":"The Heart","floor":56,"turns":10}],"seed_played":"-1728176764927493799","potions_obtained":[{"floor":3.0,"key":"Explosive Potion"},{"floor":4.0,"key":"Fire Potion"},{"floor":7.0,"key":"Swift Potion"},{"floor":16.0,"key":"Dexterity Potion"}],"is_trial":false,"path_per_floor":["M","?","M","?","M","R","E","R","T","R","$","R","M","$","R","B",null,"M","M","M","M","?","E","R","M","T","E","M","M","R","?","R","B",null,"M","$","?","M","?","E","R","E","T","R","$","M","T","?","R","B","B",null,"R","$","E","B",null],"character_chosen":"THE_SILENT","items_purchased":["Tactician","PrismaticShard"],"campfire_rested":0,"item_purchase_floors":[11,36],"current_hp_per_floor":[59,59,59,59,58,58,52,52,52,52,52,52,52,52,52,41,55,52,52,44,43,30,24,24,23,23,21,18,18,18,18,18,18,27,27,27,27,27,27,26,26,26,26,26,26,26,26,26,26,26,26,29,29,29,34,19],"gold":56,"neow_bonus":"TRANSFORM_TWO_CARDS","is_prod":false,"is_daily":false,"chose_seed":false,"campfire_upgraded":11,"win_rate":0,"timestamp":1550195014,"path_taken":["M","?","?","?","M","R","E","R","T","R","$","R","M","?","R","BOSS","M","?","M","M","?","E","R","M","T","E","M","M","R","?","R","BOSS","M","$","?","?","?","E","R","E","T","R","$","?","?","?","R","BOSS","BOSS","R","$","E","BOSS"],"build_version":"2019-01-23","purchased_purges":4,"victory":true,"max_hp_per_floor":[60,60,60,60,60,60,60,60,60,60,60,60,60,60,60,60,60,60,60,60,60,30,30,30,30,30,30,30,30,30,30,30,30,30,30,30,30,30,30,30,30,30,30,30,30,30,30,30,30,30,30,30,30,30,37,37],"card_choices":[{"not_picked":["Deflect","PiercingWail"],"picked":"Footwork","floor":1.0},{"not_picked":["Poisoned Stab","Blur"],"picked":"Escape Plan","floor":3.0},{"not_picked":["Choke","Flying Knee"],"picked":"Calculated Gamble","floor":5.0},{"not_picked":["Dagger Throw","Bullet Time"],"picked":"Grand Finale","floor":7.0},{"not_picked":["Outmaneuver","Leg Sweep","All Out Attack"],"picked":"SKIP","floor":13.0},{"not_picked":["A Thousand Cuts","Die Die Die"],"picked":"Tools of the Trade","floor":16.0},{"not_picked":["Flechettes+1","Sucker Punch"],"picked":"Backflip","floor":18.0},{"not_picked":["Dash","Setup"],"picked":"Calculated Gamble","floor":19.0},{"not_picked":["Underhanded Strike","All Out Attack","Riddle With Holes+1"],"picked":"SKIP","floor":20.0},{"not_picked":["Slice","Bane","Sucker Punch"],"picked":"SKIP","floor":21.0},{"not_picked":["Infinite Blades","Blade Dance","Deadly Poison"],"picked":"SKIP","floor":23.0},{"not_picked":["Dagger Spray","Infinite Blades","Tactician"],"picked":"SKIP","floor":25.0},{"not_picked":["Underhanded Strike+1","Poisoned Stab"],"picked":"Venomology","floor":27.0},{"not_picked":["Heel Hook","Skewer"],"picked":"Expertise","floor":28.0},{"not_picked":["Bane+1","Heel Hook"],"picked":"Acrobatics","floor":29.0},{"not_picked":["Phantasmal Killer","A Thousand Cuts"],"picked":"Tools of the Trade","floor":33.0},{"not_picked":["Dodge and Roll","Quick Slash+1","Accuracy"],"picked":"SKIP","floor":35.0},{"not_picked":["Body Slam+1","Cleave","Blood for Blood"],"picked":"SKIP","floor":38.0},{"not_picked":["Body Slam+1","Cleave","Blood for Blood"],"picked":"SKIP","floor":38.0},{"not_picked":["Quick Slash+1","Cold Snap+1"],"picked":"Heatsinks+1","floor":40.0},{"not_picked":["Wild Strike+1","Armaments+1"],"picked":"Violence","floor":42.0},{"not_picked":["Catalyst","Panacea"],"picked":"Reflex","floor":46.0},{"not_picked":["Melter","Compile Driver"],"picked":"True Grit","floor":48},{"not_picked":["Flex","Outmaneuver","Dagger Spray"],"picked":"SKIP","floor":55}],"player_experience":2756207,"relics_obtained":[{"floor":7.0,"key":"Anchor"},{"floor":9.0,"key":"Mercury Hourglass"},{"floor":23.0,"key":"Torii"},{"floor":26.0,"key":"Bronze Scales"},{"floor":27.0,"key":"Potion Belt"},{"floor":40.0,"key":"Whetstone"},{"floor":42.0,"key":"Ninja Scroll"},{"floor":47.0,"key":"Juzu Bracelet"},{"floor":48,"key":"FossilizedHelix"},{"floor":55,"key":"Strawberry"}],"event_choices":[{"damage_healed":0.0,"max_hp_gain":0.0,"max_hp_loss":0.0,"gold_gain":0.0,"event_name":"Match and Keep!","player_choice":"2 cards matched","floor":2.0,"gold_loss":0.0,"damage_taken":0.0,"cards_obtained":["Wraith Form v2","Bouncing Flask"]},{"damage_healed":0.0,"max_hp_gain":0.0,"max_hp_loss":0.0,"gold_gain":0.0,"event_name":"Lab","player_choice":"Got Potions","floor":4.0,"gold_loss":0.0,"damage_taken":0.0},{"damage_healed":0.0,"max_hp_gain":0.0,"max_hp_loss":30.0,"gold_gain":0.0,"event_name":"Ghosts","player_choice":"Became a Ghost","floor":22.0,"gold_loss":0.0,"damage_taken":0.0,"cards_obtained":["Ghostly","Ghostly","Ghostly"]},{"damage_healed":0.0,"max_hp_gain":0.0,"max_hp_loss":0.0,"gold_gain":0.0,"event_name":"The Mausoleum","player_choice":"Ignored","floor":31.0,"gold_loss":0.0,"damage_taken":0.0},{"damage_healed":0.0,"max_hp_gain":0.0,"max_hp_loss":0.0,"gold_gain":0.0,"event_name":"Upgrade Shrine","player_choice":"Upgraded","floor":37.0,"gold_loss":0.0,"damage_taken":0.0,"cards_upgraded":["Tactician"]},{"damage_healed":0.0,"max_hp_gain":0.0,"max_hp_loss":0.0,"gold_gain":0.0,"event_name":"Match and Keep!","player_choice":"1 cards matched","floor":39.0,"gold_loss":0.0,"damage_taken":0.0,"cards_obtained":["Grand Finale"]},{"damage_healed":0,"gold_gain":0,"player_choice":"Fight","damage_taken":0,"max_hp_gain":0,"max_hp_loss":0,"event_name":"Mysterious Sphere","floor":48,"gold_loss":0}],"is_beta":false,"boss_relics":[{"not_picked":["WristBlade","Lizard Tail"],"picked":"Sozu"},{"not_picked":["Orrery","Velvet Choker"],"picked":"Runic Pyramid"}],"items_purged_floors":[11,36,45,54],"is_endless":false,"potions_floor_spawned":[3,5,7,16,18,19,20,28,33,35,42,55],"ascension_level":20}