{"gold_per_floor":[114,133,133,408,421,450,450,28,52,77,88,119,119,153,153,226,226,237,152,166,166,66,66,76,76,128,128,146,159,192,224,224,301,301,321,41,41,58,18,18,18,43,69,69,98,98,98,110,110,110,110,110,110,2,27,27],"floor_reached":56,"playtime":2432,"items_purged":["Regret","Pain","Strike_B"],"score":2148,"play_id":"96854317-0a53-46da-9eaf-5f479dd953f0","local_time":"20190212232844","is_ascension_mode":true,"campfire_choices":[{"data":"Streamline","floor":7.0,"key":"SMITH"},{"data":"Dualcast","floor":13.0,"key":"SMITH"},{"floor":15.0,"key":"REST"},{"data":"Hologram","floor":23.0,"key":"SMITH"},{"data":"Coolheaded","floor":25.0,"key":"SMITH"},{"data":"Redo","floor":27.0,"key":"SMITH"},{"data":"Consume","floor":32.0,"key":"SMITH"},{"data":"Capacitor","floor":40.0,"key":"SMITH"},{"data":"Enlightenment","floor":44.0,"key":"SMITH"},{"floor":46.0,"key":"RECALL"},{"data":"Fission","floor":49.0,"key":"SMITH"},{"data":"Turbo","floor":53.0,"key":"SMITH"}],"neow_cost":"NONE","seed_source_timestamp":0,"circlet_count":0,"master_deck":["AscendersBane","Strike_B+1","Strike_B+1","Strike_B+1","Defend_B+1","Defend_B+1","Defend_B+1","Defend_B+1","Zap+1","Dualcast+1","Hologram+1","Genetic Algorithm+1","Redo+1","Streamline+1","Undo+1","Ball Lightning+1","Rip and Tear+1","Thunder Strike+1","Seek+1","Coolheaded+1","Ball Lightning+1","Hologram+1","Coolheaded+1","Glacier+1","Ball Lightning+1","Beam Cell+1","Consume+1","Biased Cognition+1","White Noise+1","Creative AI+1","Ball Lightning+1","Cold Snap+1","Core Surge+1","Stack+1","Capacitor+1","Enlightenment+1","Turbo+1","Fission+1","Cold Snap+1","Panacea","Stack+1"],"special_seed":0,"relics":["Cracked Core","NeowsBlessing","Bronze Scales","Meat on the Bone","Ancient Tea Set","Letter Opener","Molten Egg 2","Prayer Wheel","Sozu","Cables","WarpedTongs","DataDisk","Red Mask","Strawberry","Runic Pyramid","Mark of the Bloom","Happy Flower","Pantograph","Lantern"],"potions_floor_usage":[],"damage_taken":[{"damage":0.0,"enemies":"Small Slimes","floor":1.0,"turns":1.0},{"damage":0.0,"enemies":"2 Louse","floor":2.0,"turns":1.0},{"damage":0.0,"enemies":"Cultist","floor":5.0,"turns":1.0},{"damage":35.0,"enemies":"Gremlin Nob","floor":6.0,"turns":4.0},{"damage":11.0,"enemies":"Lagavulin","floor":10.0,"turns":7.0},{"damage":10.0,"enemies":"Gremlin Gang","floor":11.0,"turns":4.0},{"damage":23.0,"enemies":"Gremlin Nob","floor":12.0,"turns":4.0},{"damage":11.0,"enemies":"Lagavulin","floor":14.0,"turns":4.0},{"damage":2.0,"enemies":"Slime Boss","floor":16.0,"turns":6.0},{"damage":14.0,"enemies":"Chosen","floor":18.0,"turns":5.0},{"damage":0.0,"enemies":"3 Byrds","floor":20.0,"turns":3.0},{"damage":0.0,"enemies":"Snecko","floor":24.0,"turns":4.0},{"damage":0.0,"enemies":"Chosen and Byrds","floor":28.0,"turns":3.0},{"damage":0.0,"enemies":"Cultist and Chosen","floor":29.0,"turns":4.0},{"damage":0.0,"enemies":"Masked Bandits","floor":30.0,"turns":2.0},{"damage":0.0,"enemies":"Book of Stabbing","floor":31.0,"turns":4.0},{"damage":40.0,"enemies":"Collector","floor":33.0,"turns":9.0},{"damage":0.0,"enemies":"Orb Walker","floor":35.0,"turns":3.0},{"damage":0.0,"enemies":"3 Darklings","floor":38.0,"turns":5.0},{"damage":0.0,"enemies":"Nemesis","floor":42.0,"turns":7.0},{"damage":0.0,"enemies":"Giant Head","floor":45.0,"turns":8.0},{"damage":7.0,"enemies":"4 Shapes","floor":48.0,"turns":4.0},{"damage":0.0,"enemies":"Donu and Deca","floor":50.0,"turns":7.0},{"damage":11.0,"enemies":"Time Eater","floor":51.0,"turns":11.0},{"damage":45.0,"enemies":"Shield and Spear","floor":55.0,"turns":5.0},{"damage":9,"enemies":"The Heart","floor":56,"turns":3}],"seed_played":"3399425884246631588","potions_obtained":[{"floor":1.0,"key":"Fire Potion"},{"floor":6.0,"key":"SpeedPotion"},{"floor":10.0,"key":"Block Potion"}],"is_trial":false,"path_per_floor":["M","M","?","?","M","E","R","$","T","E","M","E","R","E","R","B",null,"M","?","M","?","$","R","M","R","T","R","M","M","?","E","R","B",null,"M","$","?","M","$","R","?","E","T","R","E","R","?","M","R","B","B",null,"R","$","E","B"],"character_chosen":"DEFECT","items_purchased":["Meat on the Bone","Undo","Core Surge+1","Capacitor","Panacea"],"campfire_rested":1,"item_purchase_floors":[8,8,36,39,54],"current_hp_per_floor":[64,64,69,69,69,34,34,34,34,35,37,26,26,27,49,47,69,55,55,55,55,55,55,55,55,55,55,55,55,55,62,62,34,71,71,71,71,71,71,71,71,71,71,71,71,71,71,64,64,64,53,53,53,53,8,0],"gold":27,"neow_bonus":"THREE_ENEMY_KILL","is_prod":false,"is_daily":false,"chose_seed":false,"campfire_upgraded":10,"win_rate":0,"timestamp":1549985324,"path_taken":["M","M","?","?","?","E","R","$","T","E","?","E","R","E","R","BOSS","M","?","M","?","$","R","M","R","T","R","?","M","?","E","R","BOSS","M","$","?","M","$","R","?","E","T","R","E","R","?","M","R","BOSS","BOSS","R","$","E","BOSS"],"build_version":"2019-01-23","purchased_purges":3,"victory":false,"max_hp_per_floor":[71,71,76,76,76,76,76,76,76,76,76,76,76,76,76,76,76,76,76,76,76,76,76,76,76,76,76,76,76,76,83,83,83,83,83,83,83,83,83,83,83,83,83,83,83,83,79,79,79,79,79,79,79,79,79,79],"card_choices":[{"not_picked":["Steam Power","Steam"],"picked":"Hologram","floor":1.0},{"not_picked":["Rebound","Hello World"],"picked":"Genetic Algorithm","floor":2.0},{"not_picked":["Steam","Barrage"],"picked":"Redo","floor":5.0},{"not_picked":["Rebound","Storm"],"picked":"Streamline","floor":6.0},{"not_picked":["Double Energy","Blizzard"],"picked":"Ball Lightning","floor":10.0},{"not_picked":["Static Discharge","BootSequence","Fusion"],"picked":"SKIP","floor":11.0},{"not_picked":["Cold Snap","Chaos"],"picked":"Rip and Tear","floor":12.0},{"not_picked":["Steam","Compile Driver+1"],"picked":"Thunder Strike+1","floor":14.0},{"not_picked":["Multi-Cast","Rainbow"],"picked":"Seek","floor":16.0},{"not_picked":["Darkness","Heatsinks+1"],"picked":"Coolheaded","floor":18.0},{"not_picked":["Capacitor","Compile Driver+1","Gash+1"],"picked":"SKIP","floor":18.0},{"not_picked":["Barrage+1","Steam"],"picked":"Ball Lightning+1","floor":20.0},{"not_picked":["Auto Shields","Go for the Eyes+1"],"picked":"Hologram+1","floor":20.0},{"not_picked":["Cold Snap+1","Heatsinks"],"picked":"Coolheaded+1","floor":24.0},{"not_picked":["Redo","Conserve Battery"],"picked":"Glacier","floor":24.0},{"not_picked":["Barrage+1","Streamline+1"],"picked":"Ball Lightning+1","floor":28.0},{"not_picked":["Hologram","Steam"],"picked":"Beam Cell+1","floor":28.0},{"not_picked":["Leap","Barrage+1"],"picked":"Consume","floor":29.0},{"not_picked":["Darkness","Beam Cell+1","Streamline+1"],"picked":"SKIP","floor":29.0},{"not_picked":["Ball Lightning+1","BootSequence"],"picked":"Biased Cognition","floor":30.0},{"not_picked":["Rebound+1","Double Energy"],"picked":"White Noise","floor":31.0},{"not_picked":["Meteor Strike+1","Biased Cognition"],"picked":"Creative AI","floor":33.0},{"not_picked":["Self Repair","Redo+1"],"picked":"Ball Lightning+1","floor":35.0},{"not_picked":["Beam Cell+1","Sweeping Beam+1"],"picked":"Cold Snap+1","floor":35.0},{"not_picked":["Hologram","Conserve Battery"],"picked":"Stack+1","floor":38.0},{"not_picked":["Melter+1","Storm+1","Static Discharge"],"picked":"SKIP","floor":38.0},{"not_picked":["Transmutation","Dark Shackles"],"picked":"Enlightenment","floor":41.0},{"not_picked":["Capacitor","Aggregate","Tempest"],"picked":"SKIP","floor":42.0},{"not_picked":["Barrage+1","Go for the Eyes+1"],"picked":"Turbo","floor":45.0},{"not_picked":["Blizzard+1","Capacitor"],"picked":"Fission","floor":48.0},{"not_picked":["Hello World","Force Field"],"picked":"Cold Snap+1","floor":48.0},{"not_picked":["Gash+1","Reprogram"],"picked":"Stack+1","floor":55.0}],"player_experience":2666107,"relics_obtained":[{"floor":6.0,"key":"Bronze Scales"},{"floor":9.0,"key":"Ancient Tea Set"},{"floor":10.0,"key":"Letter Opener"},{"floor":12.0,"key":"Molten Egg 2"},{"floor":14.0,"key":"Prayer Wheel"},{"floor":26.0,"key":"DataDisk"},{"floor":30.0,"key":"Red Mask"},{"floor":31.0,"key":"Strawberry"},{"floor":42.0,"key":"Happy Flower"},{"floor":45.0,"key":"Pantograph"},{"floor":55.0,"key":"Lantern"}],"event_choices":[{"damage_healed":0.0,"max_hp_gain":5.0,"max_hp_loss":0.0,"gold_gain":0.0,"event_name":"Big Fish","player_choice":"Donut","floor":3.0,"gold_loss":0.0,"damage_taken":0.0},{"damage_healed":0.0,"max_hp_gain":0.0,"max_hp_loss":0.0,"gold_gain":275.0,"event_name":"Golden Shrine","player_choice":"Desecrate","floor":4.0,"gold_loss":0.0,"damage_taken":0.0,"cards_obtained":["Regret"]},{"damage_healed":0.0,"max_hp_gain":0.0,"max_hp_loss":0.0,"gold_gain":0.0,"event_name":"Addict","player_choice":"Obtained Relic","floor":19.0,"gold_loss":85.0,"damage_taken":0.0,"relics_obtained":["Cables"]},{"damage_healed":0.0,"max_hp_gain":0.0,"max_hp_loss":0.0,"gold_gain":0.0,"event_name":"Accursed Blacksmith","player_choice":"Rummage","floor":21.0,"gold_loss":0.0,"damage_taken":0.0,"relics_obtained":["WarpedTongs"],"cards_obtained":["Pain"]},{"damage_healed":0.0,"max_hp_gain":0.0,"max_hp_loss":0.0,"gold_gain":0.0,"event_name":"Masked Bandits","player_choice":"Fought Bandits","floor":30.0,"gold_loss":0.0,"damage_taken":0.0},{"damage_healed":0.0,"max_hp_gain":0.0,"max_hp_loss":0.0,"gold_gain":0.0,"event_name":"MindBloom","player_choice":"Upgrade","floor":37.0,"gold_loss":0.0,"damage_taken":0.0,"cards_upgraded":["Strike_B","Strike_B","Strike_B","Defend_B","Defend_B","Defend_B","Defend_B","Zap","Genetic Algorithm","Undo","Ball Lightning","Seek","Glacier","Biased Cognition","White Noise","Creative AI"],"relics_obtained":["Mark of the Bloom"]},{"damage_healed":0.0,"max_hp_gain":0.0,"max_hp_loss":0.0,"gold_gain":0.0,"event_name":"SensoryStone","player_choice":"Memory 1","floor":41.0,"gold_loss":0.0,"damage_taken":0.0},{"damage_healed":0.0,"max_hp_gain":0.0,"max_hp_loss":4.0,"gold_gain":0.0,"event_name":"Winding Halls","player_choice":"Max HP","floor":47.0,"gold_loss":0.0,"damage_taken":0.0}],"is_beta":false,"boss_relics":[{"not_picked":["Philosopher\u0027s Stone","Eternal Feather"],"picked":"Sozu"},{"not_picked":["Runic Dome","Nuclear Battery"],"picked":"Runic Pyramid"}],"items_purged_floors":[8,22,36],"is_endless":false,"potions_floor_spawned":[1,6,10,18,24,29,38,42,55],"killed_by":"The Heart","ascension_level":20}