{"gold_per_floor":[213,213,138,155,168,168,182,242,242,242,259,259,259],"floor_reached":13,"playtime":579,"items_purged":["Strike_G"],"score":170,"play_id":"2b393337-9c15-4367-8ea7-9913cb74867e","local_time":"20190101145851","is_ascension_mode":true,"campfire_choices":[{"data":"Deadly Poison","floor":6,"key":"SMITH"},{"floor":10,"key":"REST"}],"neow_cost":"NONE","seed_source_timestamp":11411817897211,"circlet_count":0,"master_deck":["AscendersBane","Defend_G","Defend_G","Defend_G","Defend_G","Defend_G","Strike_G","Strike_G","Strike_G","Strike_G","Survivor","Neutralize","Deadly Poison+1","PiercingWail","Acrobatics","Tactician","Acrobatics","Noxious Fumes"],"relics":["Ring of the Snake","Tiny Chest","Gremlin Horn"],"potions_floor_usage":[8,13],"damage_taken":[{"damage":0,"enemies":"2 Louse","floor":1,"turns":4},{"damage":6,"enemies":"Cultist","floor":4,"turns":4},{"damage":1,"enemies":"Small Slimes","floor":5,"turns":6},{"damage":3,"enemies":"Looter","floor":7,"turns":4},{"damage":43,"enemies":"Gremlin Nob","floor":8,"turns":6},{"damage":5,"enemies":"Blue Slaver","floor":11,"turns":5},{"damage":7,"enemies":"3 Sentries","floor":13,"turns":4}],"seed_played":"-3023874871773816996","potions_obtained":[{"floor":1,"key":"Block Potion"},{"floor":8,"key":"Weak Potion"}],"is_trial":false,"path_per_floor":["M","?","$","M","M","R","M","E","T","R","M","?","E"],"character_chosen":"THE_SILENT","items_purchased":[],"campfire_rested":1,"item_purchase_floors":[],"current_hp_per_floor":[59,55,55,49,48,48,45,2,2,21,16,7,0],"gold":259,"neow_bonus":"HUNDRED_GOLD","is_prod":false,"is_daily":false,"chose_seed":false,"campfire_upgraded":1,"win_rate":0,"timestamp":1546325931,"path_taken":["M","?","$","?","M","R","M","E","T","R","M","?","E"],"build_version":"2018-12-20","purchased_purges":1,"victory":false,"max_hp_per_floor":[66,66,66,66,66,66,66,66,66,66,66,66,66],"card_choices":[{"not_picked":["Blur","Underhanded Strike"],"picked":"Deadly Poison","floor":1},{"not_picked":["Bane","Poisoned Stab"],"picked":"PiercingWail","floor":4},{"not_picked":["Cloak And Dagger","Slice"],"picked":"Acrobatics","floor":5},{"not_picked":["Die Die Die","Masterful Stab"],"picked":"Tactician","floor":7},{"not_picked":["Expertise","Skewer"],"picked":"Acrobatics","floor":8},{"not_picked":["Dagger Throw","Dagger Spray"],"picked":"Noxious Fumes","floor":11}],"player_experience":1639971,"relics_obtained":[{"floor":8,"key":"Tiny Chest"},{"floor":9,"key":"Gremlin Horn"}],"event_choices":[{"damage_healed":0,"gold_gain":0,"player_choice":"Bought 0 Potions","damage_taken":0,"max_hp_gain":0,"max_hp_loss":0,"event_name":"The Woman in Blue","floor":2,"gold_loss":0},{"damage_healed":0,"gold_gain":0,"player_choice":"Damaged","damage_taken":9,"max_hp_gain":0,"max_hp_loss":0,"event_name":"Wheel of Change","floor":12,"gold_loss":0}],"is_beta":false,"boss_relics":[],"items_purged_floors":[3],"is_endless":false,"potions_floor_spawned":[1,8],"killed_by":"3 Sentries","ascension_level":20}