{"gold_per_floor":[113,127,138,155,174,174,186,186,240,267,192,192,224,1,1,73,73,92,92,17,29,29,61,79,108,186,242,253,283,283,333,333,407,407,426,461,361,380,399,425,425,452,452,452,156,184,184,204,204,204,204,204,204,5,36,36],"floor_reached":57,"playtime":3693,"items_purged":["Defend_B","Strike_B","Defend_B"],"score":3335,"play_id":"0e12a2a9-aca8-464e-b619-11d5a1f6233f","local_time":"20190322100851","is_ascension_mode":true,"campfire_choices":[{"data":"Dualcast","floor":6.0,"key":"SMITH"},{"data":"Transmutation","floor":8.0,"key":"SMITH"},{"data":"Jack Of All Trades","floor":12.0,"key":"SMITH"},{"data":"Zap","floor":15.0,"key":"SMITH"},{"floor":30.0,"key":"REST"},{"floor":32.0,"key":"RECALL"},{"data":"Buffer","floor":49.0,"key":"SMITH"},{"data":"Defragment","floor":53.0,"key":"SMITH"}],"neow_cost":"PERCENT_DAMAGE","seed_source_timestamp":278851651637,"circlet_count":0,"master_deck":["AscendersBane","Defend_B","Defend_B","Zap+1","Dualcast+1","Transmutation+1","Ball Lightning","Glacier","Chill","Cold Snap","FTL","Glacier","All For One","Multi-Cast","Undo+1","Apotheosis+1","Capacitor+1","Coolheaded","Blizzard","Reboot","Defragment+1","Double Energy","Glacier","Multi-Cast","Biased Cognition","Coolheaded+1","Double Energy","Fission","Buffer+1","All For One","Tempest","White Noise","Turbo","Recycle","Consume"],"special_seed":0,"relics":["Cracked Core","Letter Opener","Darkstone Periapt","Chemical X","Astrolabe","Oddly Smooth Stone","PreservedInsect","Dream Catcher","Pear","Art of War","Mummified Hand","Black Star","DataDisk","Bronze Scales","Cables","Regal Pillow","Bottled Tornado","Potion Belt","Calipers","Lantern","Blue Candle","Bottled Flame"],"potions_floor_usage":[56,56,56],"damage_taken":[{"damage":2.0,"enemies":"2 Louse","floor":1.0,"turns":4.0},{"damage":5.0,"enemies":"Small Slimes","floor":2.0,"turns":3.0},{"damage":0.0,"enemies":"Cultist","floor":3.0,"turns":2.0},{"damage":9.0,"enemies":"Exordium Thugs","floor":4.0,"turns":6.0},{"damage":0.0,"enemies":"Blue Slaver","floor":5.0,"turns":4.0},{"damage":6.0,"enemies":"Looter","floor":7.0,"turns":2.0},{"damage":8.0,"enemies":"Gremlin Nob","floor":10.0,"turns":3.0},{"damage":1.0,"enemies":"3 Sentries","floor":13.0,"turns":5.0},{"damage":3.0,"enemies":"The Guardian","floor":16.0,"turns":8.0},{"damage":1.0,"enemies":"Spheric Guardian","floor":18.0,"turns":4.0},{"damage":0.0,"enemies":"3 Byrds","floor":21.0,"turns":4.0},{"damage":37.0,"enemies":"Gremlin Leader","floor":23.0,"turns":5.0},{"damage":1.0,"enemies":"Centurion and Healer","floor":24.0,"turns":9.0},{"damage":0.0,"enemies":"Book of Stabbing","floor":25.0,"turns":3.0},{"damage":2.0,"enemies":"Slavers","floor":27.0,"turns":2.0},{"damage":2.0,"enemies":"3 Cultists","floor":28.0,"turns":5.0},{"damage":0.0,"enemies":"Gremlin Leader","floor":29.0,"turns":4.0},{"damage":0.0,"enemies":"Automaton","floor":33.0,"turns":11.0},{"damage":0.0,"enemies":"3 Shapes","floor":35.0,"turns":5.0},{"damage":0.0,"enemies":"Orb Walker","floor":36.0,"turns":3.0},{"damage":0.0,"enemies":"3 Darklings","floor":38.0,"turns":6.0},{"damage":5.0,"enemies":"Sphere and 2 Shapes","floor":39.0,"turns":5.0},{"damage":0.0,"enemies":"Giant Head","floor":40.0,"turns":8.0},{"damage":0.0,"enemies":"Nemesis","floor":42.0,"turns":9.0},{"damage":0.0,"enemies":"Giant Head","floor":46.0,"turns":4.0},{"damage":0.0,"enemies":"Jaw Worm Horde","floor":48.0,"turns":1.0},{"damage":0.0,"enemies":"Donu and Deca","floor":50.0,"turns":8.0},{"damage":36.0,"enemies":"Awakened One","floor":51.0,"turns":13.0},{"damage":0.0,"enemies":"Shield and Spear","floor":55.0,"turns":5.0},{"damage":39,"enemies":"The Heart","floor":56,"turns":10}],"seed_played":"-2088404902964687138","potions_obtained":[{"floor":1.0,"key":"SkillPotion"},{"floor":2.0,"key":"EssenceOfSteel"},{"floor":23.0,"key":"AttackPotion"},{"floor":27.0,"key":"FearPotion"},{"floor":28.0,"key":"SpeedPotion"},{"floor":35.0,"key":"FocusPotion"},{"floor":42.0,"key":"Swift Potion"}],"is_trial":false,"path_per_floor":["M","M","M","M","M","R","M","R","T","E","?","R","E","$","R","B",null,"M","?","$","M","$","E","M","E","T","E","M","E","R","?","R","B",null,"M","M","$","M","M","E","?","E","T","T","$","E","?","M","R","B","B",null,"R","$","E","B",null],"character_chosen":"DEFECT","items_purchased":["Chemical X","GamblersBrew","Tempest","Recycle","Ancient Potion","Consume"],"campfire_rested":1,"item_purchase_floors":[14,45,45,54,54,54],"current_hp_per_floor":[44,39,39,30,30,30,24,24,24,16,16,16,15,15,15,12,56,55,55,55,55,55,18,17,17,27,25,23,23,47,47,47,47,73,73,73,73,73,68,68,68,68,68,68,68,68,68,68,68,68,32,66,66,66,66,27],"gold":36,"neow_bonus":"RANDOM_COLORLESS_2","is_prod":false,"is_daily":false,"chose_seed":false,"campfire_upgraded":6,"win_rate":0,"timestamp":1553220531,"path_taken":["M","M","M","M","M","R","M","R","T","E","?","R","E","$","R","BOSS","M","?","?","?","$","E","M","E","T","E","M","E","R","?","R","BOSS","M","M","$","M","M","E","?","E","T","?","$","E","?","M","R","BOSS","BOSS","R","$","E","BOSS"],"build_version":"2019-01-23","purchased_purges":3,"victory":true,"max_hp_per_floor":[71,71,71,71,71,71,71,71,71,71,71,71,71,71,71,71,71,71,71,71,71,71,71,71,71,81,81,81,81,81,81,81,81,81,81,81,81,81,81,81,77,77,77,77,77,77,77,77,77,77,77,77,77,77,77,77],"card_choices":[{"not_picked":["Chaos","Steam"],"picked":"Ball Lightning","floor":1.0},{"not_picked":["Sunder","Leap"],"picked":"Glacier","floor":2.0},{"not_picked":["Double Energy","Rip and Tear"],"picked":"Chill","floor":3.0},{"not_picked":["Go for the Eyes","Stack","Steam"],"picked":"SKIP","floor":4.0},{"not_picked":["Conserve Battery","Leap"],"picked":"Cold Snap","floor":5.0},{"not_picked":["Stack","BootSequence"],"picked":"FTL","floor":7.0},{"not_picked":["Go for the Eyes","Compile Driver"],"picked":"Glacier","floor":10.0},{"not_picked":["Tempest","Stack"],"picked":"All For One","floor":13.0},{"not_picked":["Seek","Buffer"],"picked":"Multi-Cast","floor":16.0},{"not_picked":["Streamline","Beam Cell"],"picked":"Coolheaded","floor":18.0},{"not_picked":["Loop","Rebound"],"picked":"Blizzard","floor":21.0},{"not_picked":["Steam+1","Hologram"],"picked":"Reboot","floor":23.0},{"not_picked":["Leap","Beam Cell","Barrage"],"picked":"SKIP","floor":24.0},{"not_picked":["Gash","Hologram"],"picked":"Defragment","floor":25.0},{"not_picked":["Hologram","Undo"],"picked":"Double Energy","floor":27.0},{"not_picked":["Force Field","Barrage","Ball Lightning"],"picked":"SKIP","floor":28.0},{"not_picked":["Gash","Genetic Algorithm"],"picked":"Glacier","floor":29.0},{"not_picked":["Streamline","Darkness"],"picked":"Multi-Cast","floor":30.0},{"not_picked":["All For One","Thunder Strike"],"picked":"Biased Cognition","floor":33.0},{"not_picked":["Streamline","Steam Power+1","Compile Driver"],"picked":"SKIP","floor":35.0},{"not_picked":["Barrage","Lockon"],"picked":"Coolheaded+1","floor":36.0},{"not_picked":["Barrage","Steam+1"],"picked":"Double Energy","floor":38.0},{"not_picked":["Go for the Eyes","Stack"],"picked":"Fission","floor":39.0},{"not_picked":["Steam","Rebound"],"picked":"Buffer","floor":40.0},{"not_picked":["Rebound+1","Turbo"],"picked":"All For One","floor":42.0},{"not_picked":["Ball Lightning","BootSequence"],"picked":"White Noise","floor":46.0},{"not_picked":["Leap+1","Barrage"],"picked":"Turbo","floor":48.0},{"not_picked":["Compile Driver","Ball Lightning","Steam"],"picked":"SKIP","floor":55.0}],"player_experience":3785573,"relics_obtained":[{"floor":10.0,"key":"Letter Opener"},{"floor":13.0,"key":"Darkstone Periapt"},{"floor":19.0,"key":"Oddly Smooth Stone"},{"floor":23.0,"key":"PreservedInsect"},{"floor":25.0,"key":"Dream Catcher"},{"floor":26.0,"key":"Pear"},{"floor":27.0,"key":"Art of War"},{"floor":29.0,"key":"Mummified Hand"},{"floor":40.0,"key":"DataDisk"},{"floor":40.0,"key":"Bronze Scales"},{"floor":42.0,"key":"Cables"},{"floor":42.0,"key":"Regal Pillow"},{"floor":43.0,"key":"Bottled Tornado"},{"floor":44.0,"key":"Potion Belt"},{"floor":46.0,"key":"Calipers"},{"floor":46.0,"key":"Lantern"},{"floor":55.0,"key":"Blue Candle"},{"floor":55.0,"key":"Bottled Flame"}],"event_choices":[{"cards_removed":["Strike_B"],"damage_healed":0.0,"max_hp_gain":0.0,"max_hp_loss":0.0,"gold_gain":0.0,"event_name":"The Cleric","player_choice":"Card Removal","floor":11.0,"gold_loss":75.0,"damage_taken":0.0},{"damage_healed":0.0,"max_hp_gain":0.0,"max_hp_loss":0.0,"gold_gain":0.0,"event_name":"Wheel of Change","player_choice":"Relic","floor":19.0,"gold_loss":0.0,"damage_taken":0.0},{"damage_healed":0.0,"max_hp_gain":0.0,"max_hp_loss":0.0,"gold_gain":50.0,"event_name":"Nest","player_choice":"Stole From Cult","floor":31.0,"gold_loss":0.0,"damage_taken":0.0},{"damage_healed":0.0,"max_hp_gain":0.0,"max_hp_loss":4.0,"gold_gain":0.0,"event_name":"Winding Halls","player_choice":"Max HP","floor":41.0,"gold_loss":0.0,"damage_taken":0.0},{"damage_healed":0.0,"max_hp_gain":0.0,"max_hp_loss":0.0,"gold_gain":0.0,"event_name":"Tomb of Lord Red Mask","player_choice":"Ignored","floor":47.0,"gold_loss":0.0,"damage_taken":0.0}],"is_beta":false,"boss_relics":[{"not_picked":["Runic Dome","Sozu"],"picked":"Astrolabe"},{"not_picked":["Tiny House","Eternal Feather"],"picked":"Black Star"}],"items_purged_floors":[20,37,45],"is_endless":false,"potions_floor_spawned":[1,2,4,23,27,28,29,33,35,38,42],"ascension_level":20}