{"gold_per_floor":[113,131,131,16,36,67,67,80,131,164,164,164,177,211,211,287,287,299,299,299,144,144,144],"floor_reached":23,"playtime":781,"items_purged":["Defend_B","Strike_B"],"score":383,"play_id":"fc5133d6-de6d-4d27-a965-06614d65864b","local_time":"20181012014539","is_ascension_mode":true,"campfire_choices":[{"data":"Zap","floor":7.0,"key":"SMITH"},{"floor":11,"key":"REST"},{"data":"Streamline","floor":15,"key":"SMITH"}],"neow_cost":"PERCENT_DAMAGE","seed_source_timestamp":93103984379553,"circlet_count":0,"master_deck":["Defend_B","Defend_B","Zap+1","Dualcast+1","AscendersBane","Skim","Sweeping Beam","Genetic Algorithm","Self Repair","Go for the Eyes","Streamline+1","Hologram+1","FTL","Reboot","Buffer","Gash"],"special_seed":0,"relics":["Cracked Core","Bottled Flame","Strawberry","Lantern","War Paint","White Beast Statue"],"potions_floor_usage":[8,14,16,23],"damage_taken":[{"damage":7.0,"enemies":"Jaw Worm","floor":1.0,"turns":3.0},{"damage":3.0,"enemies":"2 Louse","floor":2.0,"turns":2.0},{"damage":7.0,"enemies":"Cultist","floor":5.0,"turns":4.0},{"damage":15.0,"enemies":"Lagavulin","floor":6.0,"turns":5.0},{"damage":8,"enemies":"Large Slime","floor":8,"turns":4},{"damage":30,"enemies":"Gremlin Nob","floor":10,"turns":4},{"damage":21,"enemies":"Exordium Thugs","floor":13,"turns":4},{"damage":6,"enemies":"Lagavulin","floor":14,"turns":5},{"damage":14,"enemies":"The Guardian","floor":16,"turns":10},{"damage":24,"enemies":"Shell Parasite","floor":18,"turns":5},{"damage":37,"enemies":"Book of Stabbing","floor":23,"turns":5}],"seed_played":"4022112909926336416","potions_obtained":[{"floor":2.0,"key":"Strength Potion"},{"floor":5.0,"key":"PowerPotion"},{"floor":10,"key":"GamblersBrew"},{"floor":14,"key":"Fruit Juice"},{"floor":18,"key":"Block Potion"}],"is_trial":false,"path_per_floor":["M","M","?","$","M","E","R","M","T","E","R","?","M","E","R","B",null,"M","?","?","$","?"],"character_chosen":"DEFECT","items_purchased":["Self Repair","Gash"],"campfire_rested":1,"item_purchase_floors":[4,21],"current_hp_per_floor":[39,36,36,36,36,28,28,27,34,11,34,34,13,14,14,12,65,48,48,36,36,53,16],"gold":144,"neow_bonus":"REMOVE_TWO","is_prod":false,"is_daily":false,"chose_seed":false,"campfire_upgraded":2,"win_rate":0,"timestamp":1539279939,"path_taken":["M","M","?","$","M","E","R","M","T","E","R","?","?","E","R","BOSS","M","?","?","$","?","E"],"build_version":"2018-10-04v2","purchased_purges":2,"victory":false,"max_hp_per_floor":[71,71,71,71,71,71,71,71,78,78,78,78,78,78,78,83,83,83,83,83,83,83,83],"card_choices":[{"not_picked":["Turbo","Conserve Battery"],"picked":"Skim","floor":1.0},{"not_picked":["Coolheaded","Redo"],"picked":"Sweeping Beam","floor":2.0},{"not_picked":["Rip and Tear","Auto Shields"],"picked":"Go for the Eyes","floor":5.0},{"not_picked":["Fission","Coolheaded"],"picked":"Streamline","floor":6.0},{"not_picked":["Barrage","Stack"],"picked":"Hologram","floor":8},{"not_picked":["Heatsinks","Reprogram","Blizzard"],"picked":"SKIP","floor":10},{"not_picked":["Stack","Conserve Battery"],"picked":"FTL","floor":13},{"not_picked":["Leap","Lockon"],"picked":"Reboot","floor":14},{"not_picked":["Seek","Core Surge"],"picked":"Buffer","floor":16},{"not_picked":["Undo","Sweeping Beam","Chaos"],"picked":"SKIP","floor":18}],"player_experience":291007,"relics_obtained":[{"floor":6.0,"key":"Bottled Flame"},{"floor":9,"key":"Strawberry"},{"floor":10,"key":"Lantern"},{"floor":14,"key":"War Paint"}],"event_choices":[{"event_name":"Living Wall","player_choice":"Change","floor":3.0,"damage_taken":0.0},{"event_name":"Bonfire Elementals","player_choice":"BASIC","floor":12,"damage_taken":0},{"event_name":"Vampires","player_choice":"Ignored","floor":19,"damage_taken":0},{"event_name":"Wheel of Change","player_choice":"Damage","floor":20,"damage_taken":0},{"event_name":"The Library","player_choice":"Heal","floor":22,"damage_taken":0}],"is_beta":false,"boss_relics":[{"not_picked":["Velvet Choker","Snecko Eye"],"picked":"White Beast Statue"}],"items_purged_floors":[4,21],"is_endless":false,"potions_floor_spawned":[2,5,10,14,18],"killed_by":"Book of Stabbing","ascension_level":17}