{"gold_per_floor":[112,112,127,402,30,30,64,81,131,2,64,91,111,111,111,190,190,208,225,225,244,159,159,174,174,174,174,174,174,192,192],"floor_reached":31,"playtime":1059,"items_purged":["Regret","Strike_G"],"score":636,"play_id":"1a6d529c-70f9-4544-9bf0-66922bb7b839","local_time":"20190131193842","is_ascension_mode":true,"campfire_choices":[{"data":"Panache","floor":6,"key":"SMITH"},{"data":"Calculated Gamble","floor":15,"key":"SMITH"},{"data":"Outmaneuver","floor":23,"key":"SMITH"},{"data":"Blade Dance","floor":25,"key":"SMITH"},{"floor":29,"key":"REST"}],"neow_cost":"NONE","seed_source_timestamp":26540318608146,"circlet_count":0,"master_deck":["AscendersBane","Defend_G","Defend_G","Defend_G","Defend_G","Defend_G","Strike_G","Strike_G","Survivor","Neutralize+1","Panache+1","Outmaneuver+1","Dash","Prepared","Backflip","Calculated Gamble+1","Acrobatics","Bullet Time","Escape Plan","Slice","Corpse Explosion","Blade Dance+1","Cloak And Dagger"],"relics":["Ring of the Serpent","NeowsBlessing","Happy Flower","Bag of Marbles","Ancient Tea Set","Tingsha","Lantern"],"potions_floor_usage":[16,16,18,31],"damage_taken":[{"damage":0,"enemies":"2 Louse","floor":1,"turns":1},{"damage":0,"enemies":"Cultist","floor":3,"turns":1},{"damage":0,"enemies":"Lagavulin","floor":7,"turns":1},{"damage":4,"enemies":"Small Slimes","floor":8,"turns":4},{"damage":32,"enemies":"3 Sentries","floor":11,"turns":18},{"damage":17,"enemies":"3 Sentries","floor":12,"turns":13},{"damage":0,"enemies":"Gremlin Gang","floor":13,"turns":3},{"damage":0,"enemies":"Slime Boss","floor":16,"turns":3},{"damage":0,"enemies":"Spheric Guardian","floor":18,"turns":3},{"damage":0,"enemies":"Chosen","floor":19,"turns":3},{"damage":13,"enemies":"Snecko","floor":21,"turns":4},{"damage":20,"enemies":"Snake Plant","floor":24,"turns":4},{"damage":0,"enemies":"3 Cultists","floor":30,"turns":2},{"damage":32,"enemies":"Book of Stabbing","floor":31,"turns":5}],"seed_played":"-9197745011392326187","potions_obtained":[{"floor":1,"key":"FearPotion"},{"floor":3,"key":"Poison Potion"},{"floor":11,"key":"SteroidPotion"},{"floor":12,"key":"Fire Potion"},{"floor":16,"key":"Fire Potion"},{"floor":30,"key":"EssenceOfSteel"}],"is_trial":false,"path_per_floor":["M","?","M","?","$","R","E","M","T","$","?","E","M","?","R","B",null,"M","M","?","M","?","R","M","R","T","?","?","R","M","E"],"character_chosen":"THE_SILENT","items_purchased":["Panache","Outmaneuver","Dash","Backflip"],"campfire_rested":1,"item_purchase_floors":[5,5,5,10],"current_hp_per_floor":[59,59,59,59,59,59,59,55,55,55,23,6,6,28,28,28,57,57,57,57,44,44,44,24,24,24,24,6,27,27,0],"gold":192,"neow_bonus":"THREE_ENEMY_KILL","is_prod":false,"is_daily":false,"chose_seed":false,"campfire_upgraded":4,"win_rate":0,"timestamp":1548934722,"path_taken":["M","?","?","?","$","R","E","?","T","?","?","E","M","?","R","BOSS","M","M","?","M","?","R","M","R","T","?","?","R","?","E"],"build_version":"2019-01-23","purchased_purges":2,"victory":false,"max_hp_per_floor":[66,66,66,66,66,66,66,66,66,66,66,66,66,66,66,66,66,66,66,66,66,66,66,66,66,66,66,71,71,71,71],"card_choices":[{"not_picked":["Terror","Noxious Fumes","PiercingWail"],"picked":"SKIP","floor":1},{"not_picked":["Noxious Fumes","Poisoned Stab","Dagger Spray"],"picked":"SKIP","floor":3},{"not_picked":["Choke","Slice"],"picked":"Prepared","floor":7},{"not_picked":["Bane","Dodge and Roll","Outmaneuver"],"picked":"SKIP","floor":8},{"not_picked":["Skewer","Dagger Spray"],"picked":"Calculated Gamble","floor":12},{"not_picked":["Underhanded Strike","Sucker Punch"],"picked":"Acrobatics","floor":13},{"not_picked":["Die Die Die","Wraith Form v2"],"picked":"Bullet Time","floor":16},{"not_picked":["Blur+1","Acrobatics"],"picked":"Escape Plan","floor":18},{"not_picked":["Dash","Acrobatics","Deadly Poison"],"picked":"SKIP","floor":19},{"not_picked":["Poisoned Stab+1","Dodge and Roll","Masterful Stab"],"picked":"SKIP","floor":21},{"not_picked":["Deadly Poison","Poisoned Stab"],"picked":"Blade Dance","floor":24},{"not_picked":["Prepared","Dagger Spray"],"picked":"Cloak And Dagger","floor":30}],"player_experience":1401354,"relics_obtained":[{"floor":7,"key":"Happy Flower"},{"floor":9,"key":"Bag of Marbles"},{"floor":12,"key":"Tingsha"}],"event_choices":[{"damage_healed":0,"gold_gain":0,"player_choice":"Forge","damage_taken":0,"max_hp_gain":0,"max_hp_loss":0,"event_name":"Accursed Blacksmith","floor":2,"gold_loss":0,"cards_upgraded":["Neutralize"]},{"damage_healed":0,"gold_gain":275,"player_choice":"Desecrate","damage_taken":0,"max_hp_gain":0,"max_hp_loss":0,"event_name":"Golden Shrine","floor":4,"gold_loss":0,"cards_obtained":["Regret"]},{"damage_healed":0,"gold_gain":30,"player_choice":"Searched \u00273\u0027 times","damage_taken":0,"relics_obtained":["Ancient Tea Set"],"max_hp_gain":0,"max_hp_loss":0,"event_name":"Dead Adventurer","floor":11,"gold_loss":0},{"damage_healed":22,"gold_gain":0,"player_choice":"Banana","damage_taken":0,"max_hp_gain":0,"max_hp_loss":0,"event_name":"Big Fish","floor":14,"gold_loss":0},{"damage_healed":0,"gold_gain":0,"cards_transformed":["Strike_G","Strike_G"],"player_choice":"Became Test Subject","damage_taken":0,"max_hp_gain":0,"max_hp_loss":0,"event_name":"Drug Dealer","floor":20,"gold_loss":0,"cards_obtained":["Slice","Corpse Explosion"]},{"damage_healed":0,"gold_gain":0,"player_choice":"Obtained Relic","damage_taken":0,"relics_obtained":["Lantern"],"max_hp_gain":0,"max_hp_loss":0,"event_name":"Addict","floor":22,"gold_loss":85},{"damage_healed":0,"gold_gain":0,"player_choice":"Ignored","damage_taken":0,"max_hp_gain":0,"max_hp_loss":0,"event_name":"The Mausoleum","floor":27,"gold_loss":0},{"damage_healed":0,"gold_gain":0,"player_choice":"Shed Blood","damage_taken":23,"max_hp_gain":5,"max_hp_loss":0,"event_name":"Forgotten Altar","floor":28,"gold_loss":0}],"is_beta":true,"boss_relics":[{"not_picked":["WristBlade","Runic Dome"],"picked":"Ring of the Serpent"}],"items_purged_floors":[5,10],"is_endless":false,"potions_floor_spawned":[1,3,11,12,16,30],"killed_by":"Book of Stabbing","ascension_level":20}