{"gold_per_floor":[110,110,260,260,13,13,40,40,122,135,135,170,170,181,181,259,259,276,7,7,7],"floor_reached":21,"playtime":526,"items_purged":["Doubt"],"score":366,"play_id":"eb6bceec-a34e-4994-9f99-4a923871effb","local_time":"20190221203301","is_ascension_mode":true,"campfire_choices":[{"data":"Streamline","floor":6,"key":"SMITH"},{"data":"Capacitor","floor":11,"key":"SMITH"},{"data":"Consume","floor":13,"key":"SMITH"},{"data":"Defragment","floor":15,"key":"SMITH"}],"neow_cost":"NONE","seed_source_timestamp":30154434888922,"circlet_count":0,"master_deck":["AscendersBane","Strike_B","Strike_B","Strike_B","Strike_B","Defend_B","Defend_B","Defend_B","Defend_B","Zap","Dualcast","Self Repair","Streamline+1","Cold Snap","Capacitor+1","Tempest","Consume+1","Defragment+1","Fission","Coolheaded"],"relics":["Eternal Feather","Nunchaku","Bottled Flame","Shuriken","Bottled Tornado","Busted Crown","Medical Kit","Prayer Wheel"],"potions_floor_usage":[],"damage_taken":[{"damage":7,"enemies":"Jaw Worm","floor":1,"turns":4},{"damage":25,"enemies":"Lagavulin","floor":7,"turns":9},{"damage":2,"enemies":"Small Slimes","floor":10,"turns":4},{"damage":49,"enemies":"3 Sentries","floor":12,"turns":9},{"damage":7,"enemies":"Cultist","floor":14,"turns":4},{"damage":27,"enemies":"The Guardian","floor":16,"turns":10},{"damage":37,"enemies":"Spheric Guardian","floor":18,"turns":6},{"damage":20,"enemies":"Shell Parasite","floor":21,"turns":3}],"seed_played":"-7943894769666013020","potions_obtained":[{"floor":1,"key":"Explosive Potion"},{"floor":12,"key":"Strength Potion"}],"is_trial":false,"path_per_floor":["M","?","?","?","$","R","E","$","T","M","R","E","R","M","R","B",null,"M","$","?","M"],"character_chosen":"DEFECT","items_purchased":["Streamline","Cold Snap","Capacitor","Coolheaded","Medical Kit"],"campfire_rested":0,"item_purchase_floors":[5,5,5,19,19],"current_hp_per_floor":[57,57,57,57,57,66,48,48,48,53,62,20,29,29,38,18,58,28,28,28,8],"gold":7,"neow_bonus":"BOSS_RELIC","is_prod":false,"is_daily":false,"chose_seed":false,"campfire_upgraded":4,"win_rate":0,"timestamp":1550752381,"path_taken":["M","?","?","?","$","R","E","$","T","M","R","E","R","?","R","BOSS","M","$","?","?"],"build_version":"2019-01-23","purchased_purges":1,"victory":false,"max_hp_per_floor":[71,71,71,71,71,71,71,71,71,71,71,71,71,71,71,71,71,71,71,71,71],"card_choices":[{"not_picked":["Cold Snap","Hologram"],"picked":"Self Repair","floor":1},{"not_picked":["Leap","Blizzard","Gash"],"picked":"SKIP","floor":7},{"not_picked":["Rebound","Go for the Eyes"],"picked":"Tempest","floor":10},{"not_picked":["White Noise","Redo"],"picked":"Consume","floor":12},{"not_picked":["Darkness","Glacier"],"picked":"Defragment","floor":14},{"not_picked":["Machine Learning","Meteor Strike"],"picked":"Fission","floor":16},{"not_picked":["Hello World"],"picked":"SKIP","floor":18}],"player_experience":3013779,"relics_obtained":[{"floor":7,"key":"Bottled Flame"},{"floor":9,"key":"Shuriken"},{"floor":12,"key":"Bottled Tornado"}],"event_choices":[{"damage_healed":0,"gold_gain":0,"player_choice":"Box","damage_taken":0,"relics_obtained":["Nunchaku"],"max_hp_gain":0,"max_hp_loss":0,"event_name":"Big Fish","floor":2,"gold_loss":0,"cards_obtained":["Regret"]},{"damage_healed":0,"gold_gain":150,"player_choice":"AGREE","damage_taken":0,"max_hp_gain":0,"max_hp_loss":0,"event_name":"Liars Game","floor":3,"gold_loss":0,"cards_obtained":["Doubt"]},{"cards_removed":["Regret"],"damage_healed":0,"gold_gain":0,"player_choice":"Purged","damage_taken":0,"max_hp_gain":0,"max_hp_loss":0,"event_name":"Purifier","floor":4,"gold_loss":0},{"damage_healed":0,"gold_gain":0,"player_choice":"Gave Potion","damage_taken":0,"relics_obtained":["Prayer Wheel"],"max_hp_gain":0,"max_hp_loss":0,"event_name":"WeMeetAgain","floor":20,"gold_loss":0}],"is_beta":false,"boss_relics":[{"not_picked":["Ectoplasm","Snecko Eye"],"picked":"Busted Crown"}],"items_purged_floors":[5],"is_endless":false,"potions_floor_spawned":[1,12,14],"killed_by":"Shell Parasite","ascension_level":20}