{"gold_per_floor":[112,112,33,45,58,90,90,119,119,119,47,60,60,75,75,171,171,190,219,219,232,251,251,286,286,313,342,342,112,143,143,143,248,248,260,482,496,249,262,262,295,295,295,305,15,15,15,29,29,29,29,29,4,4],"floor_reached":54,"playtime":5219,"items_purged":["Strike_R+1","Strike_R+1","Writhe"],"score":932,"play_id":"78eb0a15-8ae0-4f99-9229-f5af2d9452e2","local_time":"20190523181009","is_ascension_mode":true,"campfire_choices":[{"data":"Metallicize","floor":7.0,"key":"SMITH"},{"data":"Flex","floor":10.0,"key":"SMITH"},{"data":"Disarm","floor":15.0,"key":"SMITH"},{"floor":23.0,"key":"RECALL"},{"floor":25,"key":"REST"},{"floor":32,"key":"REST"},{"floor":40,"key":"REST"},{"floor":46,"key":"REST"},{"floor":49,"key":"REST"},{"floor":52,"key":"REST"}],"neow_cost":"NONE","seed_source_timestamp":0,"circlet_count":0,"master_deck":["Strike_R+1","Strike_R+1","Defend_R+1","Defend_R+1","Defend_R+1","Defend_R+1","Bash","Limit Break+1","Cleave","Battle Trance","Warcry","Clothesline","Metallicize+1","Flex+1","Rampage","Inflame","Disarm+1","Bludgeon","Shrug It Off+1","Twin Strike","Exhume","Wild Strike+1","Metallicize","Heavy Blade","Infernal Blade","Feel No Pain","Barricade+1","Dark Embrace","Flex","Infernal Blade","Spot Weakness","Double Tap","Armaments+1","Ghostly Armor","Parasite"],"special_seed":0,"relics":["Burning Blood","Mercury Hourglass","Dead Branch","Thread and Needle","Fusion Hammer","Red Mask","Potion Belt","Torii","Gambling Chip","Pantograph","Lizard Tail","Membership Card","Boot","Paper Frog","Bottled Tornado"],"potions_floor_usage":[33,33,33,41,50,50],"damage_taken":[{"damage":4.0,"enemies":"2 Louse","floor":1.0,"turns":3.0},{"damage":1.0,"enemies":"Cultist","floor":4.0,"turns":3.0},{"damage":3.0,"enemies":"Jaw Worm","floor":5.0,"turns":5.0},{"damage":40.0,"enemies":"Lagavulin","floor":6.0,"turns":7.0},{"damage":23.0,"enemies":"Gremlin Nob","floor":8.0,"turns":4.0},{"damage":0.0,"enemies":"3 Louse","floor":12.0,"turns":3.0},{"damage":7.0,"enemies":"Looter","floor":14.0,"turns":2.0},{"damage":23.0,"enemies":"The Guardian","floor":16.0,"turns":8.0},{"damage":23.0,"enemies":"2 Thieves","floor":18.0,"turns":4.0},{"damage":6.0,"enemies":"Masked Bandits","floor":19.0,"turns":4.0},{"damage":0.0,"enemies":"Shell Parasite","floor":21.0,"turns":4.0},{"damage":10.0,"enemies":"Centurion and Healer","floor":22.0,"turns":6.0},{"damage":17.0,"enemies":"Book of Stabbing","floor":24.0,"turns":5.0},{"damage":0,"enemies":"Gremlin Leader","floor":27,"turns":6},{"damage":17,"enemies":"Slavers","floor":30,"turns":6},{"damage":53,"enemies":"Champ","floor":33,"turns":12},{"damage":10,"enemies":"3 Darklings","floor":35,"turns":5},{"damage":1,"enemies":"3 Shapes","floor":37,"turns":3},{"damage":18,"enemies":"3 Darklings","floor":39,"turns":4},{"damage":40,"enemies":"Reptomancer","floor":41,"turns":7},{"damage":31,"enemies":"Sphere and 2 Shapes","floor":44,"turns":6},{"damage":0,"enemies":"Writhing Mass","floor":48,"turns":7},{"damage":125,"enemies":"Donu and Deca","floor":50,"turns":9},{"damage":86,"enemies":"Shield and Spear","floor":54,"turns":5}],"seed_played":"-1628321819513834913","potions_obtained":[{"floor":5.0,"key":"Energy Potion"},{"floor":6.0,"key":"Poison Potion"},{"floor":12.0,"key":"SneckoOil"},{"floor":16.0,"key":"Block Potion"},{"floor":18.0,"key":"SteroidPotion"},{"floor":19.0,"key":"EssenceOfSteel"},{"floor":30,"key":"Swift Potion"},{"floor":33,"key":"Block Potion"},{"floor":37,"key":"SteroidPotion"},{"floor":41,"key":"SpeedPotion"},{"floor":48,"key":"Dexterity Potion"}],"is_trial":false,"path_per_floor":["M","?","$","M","M","E","R","E","T","R","$","M","?","M","R","B",null,"M","?","?","M","M","R","E","R","T","E","?","$","E","?","R","B",null,"M","?","M","$","M","R","E","?","T","M","$","R","$","M","R","B",null,"R","$","E"],"character_chosen":"IRONCLAD","items_purchased":["Battle Trance","Rampage","Infernal Blade","Feel No Pain","Membership Card","Bottled Tornado","Ghostly Armor","Regen Potion","PowerPotion","Fire Potion"],"campfire_rested":6,"item_purchase_floors":[3,11,29,29,38,45,45,45,45,53],"current_hp_per_floor":[80,80,80,80,80,46,46,29,29,29,29,35,28,27,27,10,80,63,63,63,69,65,65,54,78,78,80,80,80,69,69,80,33,80,76,76,80,80,68,80,46,46,46,21,21,45,45,51,75,19,80,80,80,0],"gold":4,"neow_bonus":"ONE_RANDOM_RARE_CARD","is_prod":false,"is_daily":false,"chose_seed":false,"campfire_upgraded":3,"win_rate":0,"timestamp":1558649409,"path_taken":["M","?","$","M","?","E","R","E","T","R","$","M","?","M","R","BOSS","M","?","?","M","M","R","E","R","T","E","?","$","E","?","R","BOSS","M","?","M","$","M","R","E","?","T","M","$","R","$","M","R","BOSS","R","$","E"],"build_version":"2019-01-23","purchased_purges":3,"victory":false,"max_hp_per_floor":[80,80,80,80,80,80,80,80,80,80,80,80,80,80,80,80,80,80,80,80,80,80,80,80,80,80,80,80,80,80,80,80,80,80,80,80,80,80,80,80,80,80,80,80,80,80,80,80,80,80,80,80,80,80],"card_choices":[{"not_picked":["Flex","Evolve"],"picked":"Cleave","floor":1.0},{"not_picked":["Perfected Strike","Headbutt"],"picked":"Warcry","floor":4.0},{"not_picked":["Cleave","Intimidate"],"picked":"Clothesline","floor":5.0},{"not_picked":["Hemokinesis","True Grit"],"picked":"Metallicize","floor":6.0},{"not_picked":["Bloodletting","Wild Strike"],"picked":"Flex","floor":8.0},{"not_picked":["Fire Breathing","Flex"],"picked":"Inflame","floor":12.0},{"not_picked":["Intimidate","Dark Embrace"],"picked":"Disarm","floor":14.0},{"not_picked":["Juggernaut","Berserk"],"picked":"Bludgeon","floor":16.0},{"not_picked":["Body Slam","Warcry"],"picked":"Shrug It Off+1","floor":18.0},{"not_picked":["Combust","Cleave"],"picked":"Twin Strike","floor":19.0},{"not_picked":["Sword Boomerang","Anger+1"],"picked":"Exhume","floor":21.0},{"not_picked":["Flex","Cleave"],"picked":"Wild Strike+1","floor":22.0},{"not_picked":["Clothesline","Iron Wave"],"picked":"Metallicize","floor":24},{"not_picked":["Headbutt","Sentinel+1"],"picked":"Heavy Blade","floor":27},{"not_picked":["Headbutt","Clothesline+1"],"picked":"Barricade","floor":30},{"not_picked":["Feed","Berserk"],"picked":"Dark Embrace","floor":33},{"not_picked":["Power Through","Clash+1"],"picked":"Flex","floor":35},{"not_picked":["Havoc","Second Wind+1"],"picked":"Infernal Blade","floor":37},{"not_picked":["Havoc+1","Anger"],"picked":"Spot Weakness","floor":39},{"not_picked":["Uppercut+1","Whirlwind+1"],"picked":"Double Tap","floor":41},{"not_picked":["Perfected Strike","Body Slam"],"picked":"Armaments+1","floor":44},{"not_picked":["Flex+1","Iron Wave+1","Headbutt+1"],"picked":"SKIP","floor":48}],"player_experience":109677,"relics_obtained":[{"floor":6.0,"key":"Mercury Hourglass"},{"floor":8.0,"key":"Dead Branch"},{"floor":9.0,"key":"Thread and Needle"},{"floor":19.0,"key":"Red Mask"},{"floor":24,"key":"Potion Belt"},{"floor":27,"key":"Torii"},{"floor":30,"key":"Gambling Chip"},{"floor":41,"key":"Boot"},{"floor":43,"key":"Paper Frog"}],"event_choices":[{"damage_healed":0.0,"max_hp_gain":0.0,"max_hp_loss":0.0,"gold_gain":0.0,"event_name":"Accursed Blacksmith","player_choice":"Forge","floor":2.0,"gold_loss":0.0,"damage_taken":0.0,"cards_upgraded":["Limit Break"]},{"cards_removed":["Strike_R"],"damage_healed":0.0,"max_hp_gain":0.0,"max_hp_loss":0.0,"gold_gain":0.0,"event_name":"Golden Wing","player_choice":"Card Removal","floor":13.0,"gold_loss":0.0,"damage_taken":7.0},{"damage_healed":0.0,"max_hp_gain":0.0,"max_hp_loss":0.0,"gold_gain":0.0,"event_name":"Masked Bandits","player_choice":"Fought Bandits","floor":19.0,"gold_loss":0.0,"damage_taken":0.0},{"damage_healed":0.0,"max_hp_gain":0.0,"max_hp_loss":0.0,"gold_gain":0.0,"event_name":"Back to Basics","player_choice":"Simplicity","floor":20.0,"gold_loss":0.0,"damage_taken":0.0,"cards_upgraded":["Strike_R","Strike_R","Strike_R","Strike_R","Defend_R","Defend_R","Defend_R","Defend_R"]},{"damage_healed":0,"gold_gain":0,"player_choice":"Ignored","damage_taken":0,"max_hp_gain":0,"max_hp_loss":0,"event_name":"Cursed Tome","floor":28,"gold_loss":0},{"damage_healed":0,"gold_gain":0,"player_choice":"Opened","damage_taken":0,"relics_obtained":["Pantograph"],"max_hp_gain":0,"max_hp_loss":0,"event_name":"The Mausoleum","floor":31,"gold_loss":0,"cards_obtained":["Writhe"]},{"damage_healed":0,"gold_gain":222,"player_choice":"Wore Mask","damage_taken":0,"max_hp_gain":0,"max_hp_loss":0,"event_name":"Tomb of Lord Red Mask","floor":36,"gold_loss":0},{"damage_healed":0,"gold_gain":0,"player_choice":"Upgraded","damage_taken":0,"max_hp_gain":0,"max_hp_loss":0,"event_name":"Upgrade Shrine","floor":42,"gold_loss":0,"cards_upgraded":["Barricade"]}],"is_beta":false,"boss_relics":[{"not_picked":["Empty Cage","Tiny House"],"picked":"Fusion Hammer"},{"not_picked":["Orrery","Philosopher\u0027s Stone"],"picked":"Lizard Tail"}],"items_purged_floors":[29,38,45],"is_endless":false,"potions_floor_spawned":[5,6,12,16,18,19,30,33,37,41,48],"killed_by":"Shield and Spear","ascension_level":4}