{"gold_per_floor":[110,285,285,298,313,342,364,390,402,414,426,199,199,217,217,338,338,356,356,371,371,384,418,437,451,451,451,451,92,108,108],"floor_reached":31,"playtime":2066,"items_purged":["Injury"],"score":309,"play_id":"04773a57-12bb-419a-8644-a99b7d85f317","local_time":"20190708090610","is_ascension_mode":false,"campfire_choices":[{"data":"Leg Sweep","floor":11,"key":"SMITH"},{"data":"Terror","floor":13,"key":"SMITH"},{"data":"Catalyst","floor":15,"key":"SMITH"},{"floor":28,"key":"REST"}],"neow_cost":"NONE","seed_source_timestamp":1332607505999832,"circlet_count":0,"master_deck":["Strike_G+1","Strike_G+1","Strike_G+1","Strike_G+1","Strike_G+1","Defend_G+1","Defend_G+1","Defend_G+1","Defend_G+1","Defend_G+1","Survivor","Neutralize+1","Finisher+1","Leg Sweep+1","Deadly Poison","Noxious Fumes","Bouncing Flask","Flying Knee","Blade Dance","Terror+1","Noxious Fumes","Catalyst+1","Corpse Explosion","Poisoned Stab","Bouncing Flask+1","Catalyst+1","Well Laid Plans+1","Dodge and Roll+1","Prepared+1","Bullet Time","Pain","Poisoned Stab","Deadly Poison","Sadistic Nature","Infinite Blades"],"relics":["Ring of the Snake","NeowsBlessing","MawBank","Darkstone Periapt","Golden Idol","Cursed Key","Dodecahedron","Whetstone","Lantern"],"potions_floor_usage":[8,14,16,22,22,30,31],"damage_taken":[{"damage":0,"enemies":"2 Louse","floor":1,"turns":1},{"damage":0,"enemies":"Small Slimes","floor":4,"turns":1},{"damage":0,"enemies":"Jaw Worm","floor":5,"turns":1},{"damage":35,"enemies":"Gremlin Nob","floor":6,"turns":7},{"damage":1,"enemies":"Red Slaver","floor":7,"turns":5},{"damage":2,"enemies":"Blue Slaver","floor":8,"turns":3},{"damage":13,"enemies":"Exordium Thugs","floor":14,"turns":5},{"damage":13,"enemies":"Hexaghost","floor":16,"turns":7},{"damage":12,"enemies":"Shell Parasite","floor":18,"turns":4},{"damage":0,"enemies":"Chosen","floor":20,"turns":4},{"damage":9,"enemies":"Centurion and Healer","floor":22,"turns":4},{"damage":19,"enemies":"Book of Stabbing","floor":23,"turns":5},{"damage":23,"enemies":"Shelled Parasite and Fungi","floor":24,"turns":4},{"damage":0,"enemies":"Snecko","floor":25,"turns":3},{"damage":9,"enemies":"Snake Plant","floor":30,"turns":2},{"damage":20,"enemies":"Colosseum Slavers","floor":31,"turns":4},{"damage":22,"enemies":"Colosseum Nobs","floor":31,"turns":3}],"seed_played":"4445228314358490179","potions_obtained":[{"floor":4,"key":"Energy Potion"},{"floor":6,"key":"SpeedPotion"},{"floor":8,"key":"PowerPotion"},{"floor":16,"key":"SkillPotion"},{"floor":20,"key":"Explosive Potion"},{"floor":24,"key":"Block Potion"},{"floor":25,"key":"Poison Potion"}],"is_trial":false,"path_per_floor":["M","?","?","M","M","E","M","M","T","?","R","$","R","M","R","B",null,"M","?","M","?","M","E","M","M","T","?","R","$","M","?"],"character_chosen":"THE_SILENT","items_purchased":["Blade Dance","Terror","Noxious Fumes","Deadly Poison","Sadistic Nature","Lantern"],"campfire_rested":1,"item_purchase_floors":[12,12,12,29,29,29],"current_hp_per_floor":[70,70,70,70,70,35,34,32,32,38,38,38,38,25,25,12,76,64,64,64,64,55,36,13,13,19,19,43,43,34,0],"gold":108,"neow_bonus":"THREE_ENEMY_KILL","is_prod":false,"is_daily":false,"chose_seed":false,"campfire_upgraded":3,"win_rate":0.0,"timestamp":1562565970,"path_taken":["M","?","?","M","M","E","M","M","T","?","R","?","R","M","R","BOSS","M","?","M","?","M","E","M","?","T","?","R","?","?","?"],"build_version":"2019-07-05","purchased_purges":1,"victory":false,"max_hp_per_floor":[70,70,70,70,70,70,70,70,70,76,76,76,76,76,76,76,76,76,76,76,76,76,76,76,76,82,82,82,82,82,82],"card_choices":[{"not_picked":["Sucker Punch","Slice"],"picked":"Finisher","floor":1},{"not_picked":["Finisher","Dodge and Roll"],"picked":"Leg Sweep","floor":4},{"not_picked":["Flying Knee","Backflip"],"picked":"Deadly Poison","floor":5},{"not_picked":["Deflect","Riddle With Holes"],"picked":"Noxious Fumes","floor":6},{"not_picked":["Blur","PiercingWail"],"picked":"Bouncing Flask","floor":7},{"not_picked":["Dagger Spray","Skewer"],"picked":"Flying Knee","floor":8},{"not_picked":["Terror","Leg Sweep"],"picked":"Catalyst","floor":14},{"not_picked":["A Thousand Cuts","Wraith Form v2"],"picked":"Corpse Explosion","floor":16},{"not_picked":["Outmaneuver","Dodge and Roll"],"picked":"Poisoned Stab","floor":18},{"not_picked":["Dagger Spray","Heel Hook"],"picked":"Bouncing Flask+1","floor":20},{"not_picked":["Backflip","Deadly Poison"],"picked":"Well Laid Plans+1","floor":22},{"not_picked":["Bane","Sucker Punch"],"picked":"Dodge and Roll+1","floor":23},{"not_picked":["Dagger Throw","Dash+1"],"picked":"Prepared+1","floor":24},{"not_picked":["Blur","Slice"],"picked":"Bullet Time","floor":25},{"not_picked":["Choke","Outmaneuver+1"],"picked":"Infinite Blades","floor":30}],"player_experience":17343,"relics_obtained":[{"floor":6,"key":"MawBank"},{"floor":9,"key":"Darkstone Periapt"},{"floor":23,"key":"Dodecahedron"},{"floor":26,"key":"Whetstone"}],"event_choices":[{"damage_healed":0,"gold_gain":175,"player_choice":"AGREE","damage_taken":0,"max_hp_gain":0,"max_hp_loss":0,"event_name":"Liars Game","floor":2,"gold_loss":0,"cards_obtained":["Doubt"]},{"cards_removed":["Doubt"],"damage_healed":0,"gold_gain":0,"player_choice":"Forget","damage_taken":0,"max_hp_gain":0,"max_hp_loss":0,"event_name":"Living Wall","floor":3,"gold_loss":0},{"damage_healed":0,"gold_gain":0,"player_choice":"Take Wound","damage_taken":0,"relics_obtained":["Golden Idol"],"max_hp_gain":0,"max_hp_loss":0,"event_name":"Golden Idol","floor":10,"gold_loss":0,"cards_obtained":["Injury"]},{"damage_healed":0,"gold_gain":0,"player_choice":"Simplicity","damage_taken":0,"max_hp_gain":0,"max_hp_loss":0,"event_name":"Back to Basics","floor":19,"gold_loss":0,"cards_upgraded":["Strike_G","Strike_G","Strike_G","Strike_G","Strike_G","Defend_G","Defend_G","Defend_G","Defend_G","Defend_G"]},{"damage_healed":0,"gold_gain":0,"player_choice":"Copied","damage_taken":0,"max_hp_gain":0,"max_hp_loss":0,"event_name":"Duplicator","floor":21,"gold_loss":0,"cards_obtained":["Catalyst"]},{"damage_healed":0,"gold_gain":0,"player_choice":"Read","damage_taken":0,"max_hp_gain":0,"max_hp_loss":0,"event_name":"The Library","floor":27,"gold_loss":0,"cards_obtained":["Poisoned Stab"]},{"damage_healed":0,"gold_gain":0,"player_choice":"Fight","damage_taken":0,"max_hp_gain":0,"max_hp_loss":0,"event_name":"Colosseum","floor":31,"gold_loss":0},{"damage_healed":0,"gold_gain":0,"player_choice":"Fought Nobs","damage_taken":0,"max_hp_gain":0,"max_hp_loss":0,"event_name":"Colosseum","floor":31,"gold_loss":0}],"is_beta":false,"boss_relics":[{"not_picked":["Empty Cage","Runic Pyramid"],"picked":"Cursed Key"}],"items_purged_floors":[12],"is_endless":false,"potions_floor_spawned":[4,6,8,16,20,24,25,31],"killed_by":"Colosseum Nobs","ascension_level":0}