{"path_per_floor":["M","?","M","?","M","E","R","E","T","R","E","M","R","?","R","B",null,"M","?","M","$","$","R","E","R","T","M","M","?","E","M","R","B",null,"M","$","M","M","M","E","?","R","T","M","E","M","E","M","R","B"],"character_chosen":"THE_SILENT","items_purchased":["Letter Opener","Thread and Needle","Escape Plan"],"gold_per_floor":[114,114,129,129,144,174,174,204,254,254,284,299,299,474,474,574,574,589,514,529,279,279,279,309,309,309,324,339,339,369,384,384,484,484,499,130,145,160,175,205,205,205,205,220,250,265,295,310,310,310],"floor_reached":51,"campfire_rested":0,"playtime":2907,"current_hp_per_floor":[68,65,65,65,64,63,62,61,66,65,64,63,62,61,60,59,58,57,56,55,54,53,52,51,50,55,54,53,58,59,60,59,66,65,66,65,64,65,66,67,59,59,65,67,69,71,80,82,81,86],"items_purged":[],"gold":310,"score":1297,"play_id":"df1808ed-9462-4b12-9c48-98aee84041ad","local_time":"20180415100845","daily_mods":["Shiny","Cursed Run","Terminal"],"is_prod":false,"is_daily":true,"chose_seed":false,"is_ascension_mode":false,"campfire_upgraded":9,"timestamp":1523758125,"path_taken":["M","?","?","?","M","E","R","E","T","R","E","M","R","?","R","BOSS","M","?","M","?","$","R","E","R","T","?","M","?","E","M","R","BOSS","M","$","M","M","M","E","?","R","T","M","E","M","E","M","R","BOSS"],"build_version":"2018-04-12","seed_source_timestamp":0,"purchased_purges":0,"victory":true,"master_deck":["Adrenaline","Envenom","Doppelganger","Burst+1","Wraith Form v2+1","Venomology","Tools of the Trade","Night Terror+1","Phantasmal Killer+1","Unload","After Image+1","Tactician","Bullet Time+1","Glass Knife","Die Die Die","A Thousand Cuts+1","Grand Finale","Backflip","Acrobatics","Calculated Gamble","Backstab","Quick Slash","Decay","Endless Agony+1","Injury","Adrenaline","Decay","Injury","Escape Plan","Escape Plan","Madness+1","Madness","Parasite","Clumsy"],"max_hp_per_floor":[68,67,66,65,64,63,62,61,66,65,64,63,62,61,60,59,58,57,56,55,54,53,52,51,50,55,54,53,58,59,60,59,66,65,66,65,64,65,66,67,66,65,70,71,72,73,81,82,81,86],"relics":["Cursed Key","Darkstone Periapt","Du-Vu Doll","Bronze Scales","Bag of Preparation","Pen Nib","Omamori","Toolbox","Black Star","Letter Opener","Happy Flower","Dream Catcher","Mercury Hourglass","Vajra","Singing Bowl","Thread and Needle","Matryoshka","Paper Crane","Snake Skull","Mummified Hand","Girya","Torii","Strawberry","Blood Vial"],"card_choices":[{"not_picked":["Sucker Punch","Underhanded Strike"],"picked":"Backflip","floor":1},{"not_picked":["Riddle With Holes","Tactician"],"picked":"Acrobatics","floor":3},{"not_picked":["Slice","Deadly Poison"],"picked":"Backstab","floor":5},{"not_picked":["Underhanded Strike","PiercingWail"],"picked":"Quick Slash","floor":6},{"not_picked":["Crippling Poison","Tools of the Trade"],"picked":"Endless Agony","floor":11},{"not_picked":["Bane","Dodge and Roll"],"picked":"Adrenaline","floor":28},{"not_picked":["Sucker Punch","Dodge and Roll"],"picked":"Escape Plan","floor":37}],"player_experience":406395,"potions_floor_usage":[6,6,8,8,8,11,16,16,30,31,33,37,39,40,45,50,50],"damage_taken":[{"damage":0,"enemies":"Jaw Worm","floor":1,"turns":3},{"damage":0,"enemies":"Small Slimes","floor":3,"turns":3},{"damage":0,"enemies":"Cultist","floor":5,"turns":2},{"damage":0,"enemies":"Gremlin Nob","floor":6,"turns":3},{"damage":0,"enemies":"3 Sentries","floor":8,"turns":3},{"damage":0,"enemies":"Gremlin Nob","floor":11,"turns":3},{"damage":0,"enemies":"Blue Slaver","floor":12,"turns":1},{"damage":0,"enemies":"The Guardian","floor":16,"turns":5},{"damage":0,"enemies":"3 Byrds","floor":18,"turns":2},{"damage":0,"enemies":"Spheric Guardian","floor":20,"turns":2},{"damage":0,"enemies":"Gremlin Leader","floor":24,"turns":4},{"damage":0,"enemies":"3 Cultists","floor":27,"turns":2},{"damage":0,"enemies":"Snecko","floor":28,"turns":3},{"damage":0,"enemies":"Book of Stabbing","floor":30,"turns":2},{"damage":0,"enemies":"Chosen and Byrds","floor":31,"turns":2},{"damage":0,"enemies":"Champ","floor":33,"turns":6},{"damage":1,"enemies":"Orb Walker","floor":35,"turns":3},{"damage":1,"enemies":"3 Shapes","floor":37,"turns":2},{"damage":0,"enemies":"3 Darklings","floor":38,"turns":3},{"damage":0,"enemies":"Maw","floor":39,"turns":5},{"damage":0,"enemies":"Nemesis","floor":40,"turns":5},{"damage":0,"enemies":"Sphere and 2 Shapes","floor":44,"turns":2},{"damage":0,"enemies":"Giant Head","floor":45,"turns":4},{"damage":0,"enemies":"3 Darklings","floor":46,"turns":1},{"damage":0,"enemies":"2 Orb Walkers","floor":47,"turns":3},{"damage":0,"enemies":"4 Shapes","floor":48,"turns":3},{"damage":0,"enemies":"Awakened One","floor":50,"turns":7}],"event_choices":[{"event_name":"Scrap Ooze","player_choice":"success","floor":2,"damage_taken":3},{"event_name":"Living Wall","player_choice":"Change","floor":4,"damage_taken":0},{"event_name":"Liars Game","player_choice":"agreed","floor":14,"damage_taken":0},{"event_name":"Beggar","player_choice":"Gave Gold","floor":19,"damage_taken":0},{"event_name":"Forgotten Altar","player_choice":"Smashed Altar","floor":29,"damage_taken":0},{"event_name":"Winding Halls","player_choice":"Embrace Madness","floor":41,"damage_taken":0}],"boss_relics":[{"not_picked":["Orrery","Eternal Feather"],"picked":"Black Star"},{"not_picked":["Velvet Choker","Runic Pyramid","Sozu"]}],"potions_floor_spawned":[3,6,11,12,27,28,35,38,44,46,48],"seed_played":"-1933974520208401120","ascension_level":0,"is_trial":false}