{"gold_per_floor":[110,35,53,66,80,113,113,126,126,126,126,142,142,176,176,266,266,279,295,334,347,347,347,83,117,117,117,135,159,172,117,117,216,216,230,249,124,142,160,198,218,218,218,259,259,272,272,295,295,295,295,295,145,189,189],"floor_reached":56,"playtime":3369,"items_purged":["Strike_R","Strike_R","Defend_R","Defend_R"],"score":2141,"play_id":"7dd01c08-cda9-42a0-a4f9-74706eb5242f","local_time":"20181217142146","is_ascension_mode":true,"campfire_choices":[{"data":"Immolate","floor":7.0,"key":"SMITH"},{"data":"True Grit","floor":13.0,"key":"SMITH"},{"data":"Disarm","floor":15.0,"key":"SMITH"},{"data":"Fiend Fire","floor":23.0,"key":"SMITH"},{"data":"Disarm","floor":27.0,"key":"SMITH"},{"data":"Pommel Strike","floor":32.0,"key":"SMITH"},{"data":"Feed","floor":42.0,"key":"SMITH"},{"floor":45.0,"key":"RECALL"},{"data":"Defend_R","floor":49.0,"key":"PURGE"},{"data":"Strike_R","floor":52.0,"key":"PURGE"}],"neow_cost":"PERCENT_DAMAGE","seed_source_timestamp":4867521859399,"circlet_count":0,"master_deck":["AscendersBane","Strike_R","Defend_R","Bash","Immolate+1","Disarm+1","Dual Wield","Fiend Fire","True Grit+1","Fiend Fire+1","Armaments+1","Disarm+1","Shrug It Off+1","Shrug It Off","Pommel Strike+1","Pommel Strike","Feed+1","True Grit+1","Dark Embrace"],"special_seed":0,"relics":["Black Blood","Pocketwatch","Ornamental Fan","Golden Idol","Darkstone Periapt","Philosopher\u0027s Stone","Red Mask","Orichalcum","Sundial","Prayer Wheel","Bronze Scales","Peace Pipe","Unceasing Top"],"potions_floor_usage":[55,55],"damage_taken":[{"damage":0.0,"enemies":"Cultist","floor":1.0,"turns":3.0},{"damage":6.0,"enemies":"2 Louse","floor":3.0,"turns":2.0},{"damage":5.0,"enemies":"Jaw Worm","floor":4.0,"turns":3.0},{"damage":0.0,"enemies":"Large Slime","floor":5.0,"turns":5.0},{"damage":22.0,"enemies":"3 Sentries","floor":6.0,"turns":6.0},{"damage":18.0,"enemies":"Exordium Thugs","floor":8.0,"turns":7.0},{"damage":0.0,"enemies":"3 Louse","floor":12.0,"turns":1.0},{"damage":12.0,"enemies":"Lagavulin","floor":14.0,"turns":6.0},{"damage":23.0,"enemies":"Hexaghost","floor":16.0,"turns":12.0},{"damage":23.0,"enemies":"3 Byrds","floor":18.0,"turns":5.0},{"damage":2.0,"enemies":"Shell Parasite","floor":19.0,"turns":2.0},{"damage":23.0,"enemies":"Masked Bandits","floor":20.0,"turns":3.0},{"damage":12.0,"enemies":"Shelled Parasite and Fungi","floor":21.0,"turns":4.0},{"damage":0.0,"enemies":"Book of Stabbing","floor":25.0,"turns":6.0},{"damage":7.0,"enemies":"Centurion and Healer","floor":28.0,"turns":5.0},{"damage":1.0,"enemies":"Cultist and Chosen","floor":29.0,"turns":4.0},{"damage":0.0,"enemies":"Snake Plant","floor":30.0,"turns":4.0},{"damage":17.0,"enemies":"Automaton","floor":33.0,"turns":4.0},{"damage":2.0,"enemies":"3 Shapes","floor":35.0,"turns":5.0},{"damage":4.0,"enemies":"Orb Walker","floor":36.0,"turns":5.0},{"damage":0.0,"enemies":"Writhing Mass","floor":38.0,"turns":12.0},{"damage":15.0,"enemies":"Jaw Worm Horde","floor":39.0,"turns":3.0},{"damage":42.0,"enemies":"Reptomancer","floor":40.0,"turns":8.0},{"damage":6.0,"enemies":"Sphere and 2 Shapes","floor":41.0,"turns":3.0},{"damage":0.0,"enemies":"Giant Head","floor":44.0,"turns":5.0},{"damage":0.0,"enemies":"Writhing Mass","floor":46.0,"turns":11.0},{"damage":0.0,"enemies":"Maw","floor":48.0,"turns":5.0},{"damage":35.0,"enemies":"Time Eater","floor":50.0,"turns":14.0},{"damage":45,"enemies":"Shield and Spear","floor":54,"turns":5},{"damage":54,"enemies":"The Heart","floor":55,"turns":6}],"seed_played":"896680500376484845","potions_obtained":[{"floor":5.0,"key":"Swift Potion"},{"floor":12.0,"key":"Strength Potion"},{"floor":14.0,"key":"PowerPotion"},{"floor":19.0,"key":"Strength Potion"},{"floor":20.0,"key":"EssenceOfSteel"},{"floor":22.0,"key":"Dexterity Potion"},{"floor":36.0,"key":"Strength Potion"}],"is_trial":false,"path_per_floor":["M","$","M","M","M","E","R","M","T","?","?","M","R","E","R","B",null,"M","M","?","M","?","R","$","E","T","R","M","M","M","$","R","B",null,"M","M","$","M","M","E","M","R","T","E","R","M","?","M","R","B",null,"R","$","E","B",null],"character_chosen":"IRONCLAD","items_purchased":["Orichalcum","Pommel Strike"],"campfire_rested":0,"item_purchase_floors":[24,31],"current_hp_per_floor":[56,56,56,57,63,47,47,35,35,35,35,41,41,35,35,18,56,39,43,26,20,20,20,20,26,26,26,25,30,36,36,36,25,57,69,75,75,79,74,46,53,53,53,63,63,77,77,91,91,70,91,91,91,56,12],"gold":189,"neow_bonus":"THREE_RARE_CARDS","is_prod":false,"is_daily":false,"chose_seed":false,"campfire_upgraded":7,"win_rate":0,"timestamp":1545027706,"path_taken":["M","$","M","M","M","E","R","M","T","?","?","M","R","E","R","BOSS","M","M","?","M","?","R","$","E","T","R","M","M","?","$","R","BOSS","M","M","?","M","M","E","M","R","T","E","R","M","?","M","R","BOSS","R","$","E","BOSS"],"build_version":"2018-12-13","purchased_purges":4,"victory":true,"max_hp_per_floor":[75,75,75,75,75,75,75,75,75,68,68,68,68,68,68,68,68,68,68,68,68,68,68,68,68,68,68,68,68,68,68,68,68,68,72,75,75,79,79,83,86,86,86,86,86,90,90,94,94,98,98,98,98,98,98],"card_choices":[{"not_picked":["Impervious","Offering"],"picked":"Immolate","floor":0.0},{"not_picked":["Heavy Blade","Headbutt"],"picked":"Disarm","floor":1.0},{"not_picked":["Headbutt","Sever Soul","Cleave"],"picked":"SKIP","floor":3.0},{"not_picked":["Flame Barrier","Warcry"],"picked":"Dual Wield","floor":4.0},{"not_picked":["Havoc","Corruption","Cleave"],"picked":"SKIP","floor":5.0},{"not_picked":["Havoc","Dual Wield","Headbutt"],"picked":"SKIP","floor":6.0},{"not_picked":["Pommel Strike","Metallicize"],"picked":"Fiend Fire","floor":8.0},{"not_picked":["Cleave","Anger"],"picked":"True Grit","floor":12.0},{"not_picked":["Flame Barrier","Iron Wave","Carnage"],"picked":"SKIP","floor":14.0},{"not_picked":["Berserk","Immolate"],"picked":"Fiend Fire","floor":16.0},{"not_picked":["Body Slam","Sword Boomerang","Whirlwind"],"picked":"SKIP","floor":18.0},{"not_picked":["Twin Strike","Pommel Strike"],"picked":"Armaments+1","floor":19.0},{"not_picked":["Wild Strike","Pommel Strike"],"picked":"Disarm","floor":20.0},{"not_picked":["Sword Boomerang","Wild Strike"],"picked":"Shrug It Off+1","floor":21.0},{"not_picked":["Rampage","Clothesline"],"picked":"Shrug It Off","floor":25.0},{"not_picked":["Sword Boomerang","Thunderclap","Corruption"],"picked":"SKIP","floor":28.0},{"not_picked":["Pummel","Second Wind","Infernal Blade"],"picked":"SKIP","floor":28.0},{"not_picked":["Shockwave","Rampage+1"],"picked":"Exhume","floor":29.0},{"not_picked":["Perfected Strike","Carnage","Heavy Blade"],"picked":"SKIP","floor":29.0},{"not_picked":["Clash","Sentinel"],"picked":"Pommel Strike","floor":30.0},{"not_picked":["Iron Wave","Body Slam","Flex"],"picked":"SKIP","floor":30.0},{"not_picked":["Impervious","Double Tap"],"picked":"Feed","floor":33.0},{"not_picked":["Shrug It Off","Bloodletting"],"picked":"True Grit+1","floor":35.0},{"not_picked":["Spot Weakness","Feel No Pain","Iron Wave"],"picked":"SKIP","floor":35.0},{"not_picked":["Feel No Pain","Wild Strike+1","Intimidate"],"picked":"SKIP","floor":36.0},{"not_picked":["Anger","Fire Breathing+1","Reckless Charge+1"],"picked":"SKIP","floor":36.0},{"not_picked":["Hemokinesis+1","Warcry+1","Flame Barrier+1"],"picked":"SKIP","floor":38.0},{"not_picked":["Flex","Dual Wield","Rupture"],"picked":"SKIP","floor":38.0},{"not_picked":["Shrug It Off","Blood for Blood","Warcry"],"picked":"SKIP","floor":39.0},{"not_picked":["Pummel","Ghostly Armor","Havoc+1"],"picked":"SKIP","floor":39.0},{"not_picked":["Cleave","Metallicize","Bloodletting"],"picked":"SKIP","floor":40.0},{"not_picked":["True Grit+1","Uppercut","Second Wind"],"picked":"SKIP","floor":41.0},{"not_picked":["Iron Wave","Bludgeon","Twin Strike+1"],"picked":"SKIP","floor":41.0},{"not_picked":["Heavy Blade","Reaper","Havoc"],"picked":"SKIP","floor":44.0},{"not_picked":["Flex+1","Inflame","Sword Boomerang"],"picked":"SKIP","floor":46.0},{"not_picked":["Twin Strike+1","Perfected Strike","Power Through+1"],"picked":"SKIP","floor":46.0},{"not_picked":["Hemokinesis","Perfected Strike"],"picked":"Dark Embrace","floor":48.0},{"not_picked":["Dropkick","Thunderclap","Searing Blow"],"picked":"SKIP","floor":48.0},{"not_picked":["Uppercut+1","Intimidate+1","Shrug It Off"],"picked":"SKIP","floor":54}],"player_experience":1305609,"relics_obtained":[{"floor":6.0,"key":"Pocketwatch"},{"floor":9.0,"key":"Ornamental Fan"},{"floor":14.0,"key":"Darkstone Periapt"},{"floor":20.0,"key":"Red Mask"},{"floor":25.0,"key":"Sundial"},{"floor":26.0,"key":"Prayer Wheel"},{"floor":40.0,"key":"Bronze Scales"},{"floor":44.0,"key":"Peace Pipe"},{"floor":54,"key":"Unceasing Top"}],"event_choices":[{"damage_healed":0.0,"max_hp_gain":0.0,"max_hp_loss":7.0,"gold_gain":0.0,"event_name":"Golden Idol","player_choice":"Lose Max HP","floor":10.0,"gold_loss":0.0,"damage_taken":0.0,"relics_obtained":["Golden Idol"]},{"cards_removed":["Strike_R"],"damage_healed":0.0,"max_hp_gain":0.0,"max_hp_loss":0.0,"gold_gain":0.0,"event_name":"Bonfire Elementals","player_choice":"Offered Basic","floor":11.0,"gold_loss":0.0,"damage_taken":0.0},{"damage_healed":0.0,"max_hp_gain":0.0,"max_hp_loss":0.0,"gold_gain":0.0,"event_name":"Masked Bandits","player_choice":"Fought Bandits","floor":20.0,"gold_loss":0.0,"damage_taken":0.0},{"damage_healed":0.0,"max_hp_gain":0.0,"max_hp_loss":0.0,"gold_gain":0.0,"event_name":"Lab","player_choice":"Got Potions","floor":22.0,"gold_loss":0.0,"damage_taken":0.0},{"cards_removed":["Exhume"],"damage_healed":0.0,"max_hp_gain":0.0,"max_hp_loss":0.0,"gold_gain":0.0,"event_name":"Falling","player_choice":"Removed Skill","floor":47.0,"gold_loss":0.0,"damage_taken":0.0}],"is_beta":false,"boss_relics":[{"not_picked":["Orrery","Astrolabe"],"picked":"Philosopher\u0027s Stone"},{"not_picked":["Eternal Feather","Runic Cube"],"picked":"Black Blood"}],"items_purged_floors":[2,24,37,53],"is_endless":false,"potions_floor_spawned":[5,12,14,16,19,20,28,29,30,33,35,36,38,41,44],"ascension_level":16}