{"gold_per_floor":[118,4,4,24,42,67,67,142,142,156,156,168,168,197,197,275,275,250,250,250,250,270,270,270],"floor_reached":24,"playtime":1080,"items_purged":[],"score":408,"play_id":"e02c5b79-96b0-48b1-ac05-1f9ba8fcdcfb","local_time":"20190801180535","is_ascension_mode":true,"campfire_choices":[{"data":"Footwork","floor":7,"key":"SMITH"},{"data":"Malaise","floor":11,"key":"SMITH"},{"data":"Deadly Poison","floor":13,"key":"SMITH"},{"data":"Neutralize","floor":15,"key":"SMITH"},{"floor":23,"key":"REST"}],"neow_cost":"NONE","seed_source_timestamp":109736250550016,"circlet_count":0,"master_deck":["AscendersBane","Strike_G+1","Strike_G+1","Defend_G+1","Defend_G+1","Defend_G+1","Defend_G+1","Defend_G+1","Survivor","Neutralize+1","Footwork+1","Flying Knee","Backstab","PiercingWail","Malaise+1","Deadly Poison+1","Slice","Malaise","Skewer+1","After Image","Flechettes","PiercingWail"],"relics":["Ring of the Snake","Meat on the Bone","Bottled Flame","Matryoshka","Philosopher\u0027s Stone"],"potions_floor_usage":[6,14,16],"damage_taken":[{"damage":11,"enemies":"Cultist","floor":1,"turns":4},{"damage":0,"enemies":"2 Louse","floor":4,"turns":3},{"damage":0,"enemies":"Jaw Worm","floor":5,"turns":5},{"damage":22,"enemies":"Gremlin Nob","floor":6,"turns":4},{"damage":0,"enemies":"Exordium Wildlife","floor":10,"turns":5},{"damage":2,"enemies":"Large Slime","floor":12,"turns":9},{"damage":30,"enemies":"3 Sentries","floor":14,"turns":11},{"damage":11,"enemies":"The Guardian","floor":16,"turns":13},{"damage":15,"enemies":"2 Thieves","floor":18,"turns":4},{"damage":6,"enemies":"3 Byrds","floor":22,"turns":6},{"damage":61,"enemies":"Slavers","floor":24,"turns":11}],"seed_played":"-7460727198031993097","potions_obtained":[{"floor":1,"key":"Dexterity Potion"},{"floor":5,"key":"AttackPotion"},{"floor":6,"key":"Poison Potion"}],"is_trial":false,"path_per_floor":["M","$","?","M","M","E","R","?","T","M","R","M","R","E","R","B",null,"M","?","?","?","M","R","E"],"character_chosen":"THE_SILENT","items_purchased":["Footwork","Flying Knee"],"campfire_rested":1,"item_purchase_floors":[2,2],"current_hp_per_floor":[48,48,53,53,53,31,31,20,20,32,32,42,42,24,24,25,60,45,45,25,25,31,53,0],"gold":270,"neow_bonus":"REMOVE_CARD","is_prod":false,"is_daily":false,"chose_seed":false,"campfire_upgraded":4,"win_rate":0,"timestamp":1564675535,"path_taken":["M","$","?","M","M","E","R","?","T","?","R","M","R","E","R","BOSS","M","?","?","?","M","R","E"],"build_version":"2019-07-17","purchased_purges":0,"victory":false,"max_hp_per_floor":[66,66,71,71,71,71,71,71,71,71,71,71,71,71,71,71,71,71,71,76,76,76,76,76],"card_choices":[{"not_picked":["Eviscerate","Underhanded Strike","Prepared"],"picked":"SKIP","floor":1},{"not_picked":["Caltrops","Eviscerate"],"picked":"Backstab","floor":4},{"not_picked":["Acrobatics","Underhanded Strike"],"picked":"PiercingWail","floor":5},{"not_picked":["Bouncing Flask","Riddle With Holes"],"picked":"Malaise","floor":6},{"not_picked":["Cloak And Dagger","Backstab"],"picked":"Deadly Poison","floor":10},{"not_picked":["Blade Dance","Setup"],"picked":"Slice","floor":12},{"not_picked":["Finisher","Slice","Flying Knee"],"picked":"SKIP","floor":14},{"not_picked":["Envenom","Grand Finale"],"picked":"Malaise","floor":16},{"not_picked":["Quick Slash","Outmaneuver"],"picked":"Skewer+1","floor":18},{"not_picked":["Slice","Underhanded Strike"],"picked":"PiercingWail","floor":22}],"player_experience":810254,"relics_obtained":[{"floor":6,"key":"Meat on the Bone"},{"floor":9,"key":"Bottled Flame"},{"floor":14,"key":"Matryoshka"}],"event_choices":[{"damage_healed":0,"gold_gain":0,"player_choice":"Donut","damage_taken":0,"max_hp_gain":5,"max_hp_loss":0,"event_name":"Big Fish","floor":3,"gold_loss":0},{"damage_healed":0,"gold_gain":75,"player_choice":"Gather Gold","damage_taken":11,"max_hp_gain":0,"max_hp_loss":0,"event_name":"World of Goop","floor":8,"gold_loss":0},{"damage_healed":0,"gold_gain":0,"cards_transformed":["Strike_G","Strike_G"],"player_choice":"Became Test Subject","damage_taken":0,"max_hp_gain":0,"max_hp_loss":0,"event_name":"Drug Dealer","floor":19,"gold_loss":0,"cards_obtained":["After Image","Flechettes"]},{"damage_healed":0,"gold_gain":0,"player_choice":"Shed Blood","damage_taken":25,"max_hp_gain":5,"max_hp_loss":0,"event_name":"Forgotten Altar","floor":20,"gold_loss":0},{"damage_healed":0,"gold_gain":0,"player_choice":"Simplicity","damage_taken":0,"max_hp_gain":0,"max_hp_loss":0,"event_name":"Back to Basics","floor":21,"gold_loss":0,"cards_upgraded":["Strike_G","Strike_G","Defend_G","Defend_G","Defend_G","Defend_G","Defend_G"]}],"is_beta":false,"boss_relics":[{"not_picked":["Sozu","Ring of the Serpent"],"picked":"Philosopher\u0027s Stone"}],"items_purged_floors":[],"is_endless":false,"potions_floor_spawned":[1,5,6],"killed_by":"Slavers","ascension_level":20}