{"gold_per_floor":[115,115,127,146,173,173,173,173,173,192,267,299,310,328,328,405,405,416,200,125,144,144,144,171,171,195,206,206,206,217,230,230,307,307,325,325,325,337,60,79,96,96,141,175,49,49,61,111,111,111,111],"floor_reached":52,"playtime":2205,"items_purged":["Strike_G","Storm of Steel","Terror"],"score":2254,"play_id":"8438d6c0-29bb-4d1e-afd5-a5d6d4ad3cb2","local_time":"20190128164802","is_ascension_mode":true,"campfire_choices":[{"data":"Cloak And Dagger","floor":6.0,"key":"SMITH"},{"data":"Neutralize","floor":8.0,"key":"SMITH"},{"data":"Catalyst","floor":15.0,"key":"SMITH"},{"data":"Calculated Gamble","floor":23.0,"key":"SMITH"},{"data":"Corpse Explosion","floor":25.0,"key":"SMITH"},{"data":"Ghostly","floor":28.0,"key":"SMITH"},{"data":"Acrobatics","floor":32.0,"key":"SMITH"},{"data":"Wraith Form v2","floor":42.0,"key":"SMITH"},{"floor":49.0,"key":"RECALL"}],"neow_cost":"NONE","seed_source_timestamp":25421126771969,"circlet_count":0,"master_deck":["AscendersBane","Survivor+1","Neutralize+1","Acrobatics+1","Poisoned Stab+1","Catalyst+1","Corpse Explosion+1","Distraction+1","Malaise+1","Reflex+1","Calculated Gamble+1","Ghostly+1","Ghostly+1","Ghostly+1","Catalyst+1","Night Terror+1","Wraith Form v2+1","Outmaneuver+1","Catalyst+1"],"special_seed":0,"relics":["Ring of the Snake","NeowsBlessing","Bag of Marbles","Smiling Mask","FossilizedHelix","Thread and Needle","Astrolabe","Bag of Preparation","Nunchaku","Snake Skull","Pandora\u0027s Box","TwistedFunnel","Happy Flower","Dream Catcher","Mark of the Bloom","Mango"],"potions_floor_usage":[],"damage_taken":[{"damage":0.0,"enemies":"Jaw Worm","floor":1.0,"turns":1.0},{"damage":0.0,"enemies":"Cultist","floor":3.0,"turns":1.0},{"damage":0.0,"enemies":"2 Louse","floor":4.0,"turns":1.0},{"damage":0.0,"enemies":"Looter","floor":10.0,"turns":3.0},{"damage":14.0,"enemies":"3 Sentries","floor":12.0,"turns":13.0},{"damage":0.0,"enemies":"3 Louse","floor":13.0,"turns":5.0},{"damage":0.0,"enemies":"2 Fungi Beasts","floor":14.0,"turns":3.0},{"damage":14.0,"enemies":"The Guardian","floor":16.0,"turns":15.0},{"damage":0.0,"enemies":"3 Byrds","floor":18.0,"turns":1.0},{"damage":0.0,"enemies":"Shell Parasite","floor":21.0,"turns":6.0},{"damage":0.0,"enemies":"Gremlin Leader","floor":24.0,"turns":7.0},{"damage":0.0,"enemies":"Sentry and Sphere","floor":27.0,"turns":3.0},{"damage":0.0,"enemies":"Snecko","floor":30.0,"turns":3.0},{"damage":0.0,"enemies":"3 Cultists","floor":31.0,"turns":2.0},{"damage":0.0,"enemies":"Automaton","floor":33.0,"turns":11.0},{"damage":0.0,"enemies":"3 Darklings","floor":35.0,"turns":2.0},{"damage":1.0,"enemies":"Orb Walker","floor":38.0,"turns":5.0},{"damage":0.0,"enemies":"Sphere and 2 Shapes","floor":40.0,"turns":5.0},{"damage":0.0,"enemies":"Spire Growth","floor":41.0,"turns":7.0},{"damage":3.0,"enemies":"Nemesis","floor":44.0,"turns":9.0},{"damage":0.0,"enemies":"Transient","floor":47.0,"turns":6.0},{"damage":0.0,"enemies":"2 Orb Walkers","floor":48.0,"turns":3.0},{"damage":0.0,"enemies":"Awakened One","floor":50.0,"turns":12.0},{"damage":0,"enemies":"Donu and Deca","floor":51,"turns":5}],"seed_played":"-4398498731889572383","potions_obtained":[{"floor":10.0,"key":"Swift Potion"},{"floor":14.0,"key":"AttackPotion"},{"floor":16.0,"key":"SteroidPotion"},{"floor":18.0,"key":"SneckoOil"},{"floor":24.0,"key":"SteroidPotion"},{"floor":30.0,"key":"GhostInAJar"},{"floor":38.0,"key":"SteroidPotion"},{"floor":41.0,"key":"Swift Potion"}],"is_trial":false,"path_per_floor":["M","?","M","M","T","R","?","R","T","M","?","E","M","M","R","B",null,"M","$","?","M","?","R","E","R","T","M","R","?","M","M","R","B",null,"M","?","?","M","$","M","M","R","T","E","$","?","M","?","R","B","B",null],"character_chosen":"THE_SILENT","items_purchased":["Bag of Preparation","TwistedFunnel","Catalyst"],"campfire_rested":0,"item_purchase_floors":[19,39,45],"current_hp_per_floor":[59,59,59,59,59,59,59,59,59,59,48,34,34,34,34,20,55,55,55,55,55,33,33,33,33,33,33,33,33,33,33,33,33,33,33,33,33,32,32,32,32,32,32,29,29,29,29,29,29,29,29],"gold":111,"neow_bonus":"THREE_ENEMY_KILL","is_prod":false,"is_daily":false,"chose_seed":false,"campfire_upgraded":8,"win_rate":0,"timestamp":1548665282,"path_taken":["M","?","?","M","?","R","?","R","T","M","?","E","M","M","R","BOSS","M","$","?","M","?","R","E","R","T","M","R","?","M","?","R","BOSS","M","?","?","M","$","M","M","R","T","E","$","?","M","?","R","BOSS","BOSS"],"build_version":"2019-01-23","purchased_purges":3,"victory":true,"max_hp_per_floor":[66,66,66,66,66,66,66,66,66,66,66,66,66,66,66,66,66,66,66,66,66,33,33,33,33,33,33,33,33,33,33,33,33,33,33,33,33,33,33,33,33,33,33,33,33,33,33,47,47,47,47],"card_choices":[{"not_picked":["Underhanded Strike","Escape Plan"],"picked":"Cloak And Dagger","floor":1.0},{"not_picked":["Backstab","Sucker Punch"],"picked":"Acrobatics","floor":3.0},{"not_picked":["Leg Sweep","Setup","Backflip"],"picked":"SKIP","floor":4.0},{"not_picked":["Leg Sweep","Setup","Backflip"],"picked":"SKIP","floor":4.0},{"not_picked":["Poisoned Stab","Dagger Throw","Dodge and Roll"],"picked":"SKIP","floor":10.0},{"not_picked":["Dagger Throw","Dodge and Roll"],"picked":"Poisoned Stab","floor":10.0},{"not_picked":["PiercingWail","Doppelganger"],"picked":"Calculated Gamble","floor":12.0},{"not_picked":["Dodge and Roll","Bane"],"picked":"Catalyst","floor":13.0},{"not_picked":["Slice","Blade Dance","Outmaneuver"],"picked":"SKIP","floor":14.0},{"not_picked":["A Thousand Cuts","After Image"],"picked":"Corpse Explosion","floor":16.0},{"not_picked":["Sucker Punch","Quick Slash","Outmaneuver"],"picked":"SKIP","floor":18.0},{"not_picked":["PiercingWail","Underhanded Strike"],"picked":"Calculated Gamble","floor":21.0},{"not_picked":["Blur","Setup","Bane"],"picked":"SKIP","floor":24.0},{"not_picked":["Slice","Bane+1","Terror"],"picked":"SKIP","floor":27.0},{"not_picked":["Dagger Spray","Sucker Punch+1","Corpse Explosion"],"picked":"SKIP","floor":30.0},{"not_picked":["Noxious Fumes","Slice","Reflex+1"],"picked":"SKIP","floor":31.0},{"not_picked":["Dagger Spray","Bouncing Flask","Choke"],"picked":"SKIP","floor":35.0},{"not_picked":["Backflip","Caltrops","Distraction"],"picked":"SKIP","floor":38.0},{"not_picked":["Deflect","Backflip","Underhanded Strike"],"picked":"SKIP","floor":40.0},{"not_picked":["Cloak And Dagger","Underhanded Strike+1","Accuracy"],"picked":"SKIP","floor":41.0},{"not_picked":["Flying Knee","Noxious Fumes+1"],"picked":"Outmaneuver","floor":44.0},{"not_picked":["Blade Dance","Cloak And Dagger","Backflip+1"],"picked":"SKIP","floor":47.0}],"player_experience":1370155,"relics_obtained":[{"floor":5.0,"key":"Bag of Marbles"},{"floor":9.0,"key":"FossilizedHelix"},{"floor":12.0,"key":"Thread and Needle"},{"floor":24.0,"key":"Nunchaku"},{"floor":26.0,"key":"Snake Skull"},{"floor":43.0,"key":"Happy Flower"},{"floor":44.0,"key":"Dream Catcher"},{"floor":48.0,"key":"Mango"}],"event_choices":[{"cards_removed":["Strike_G"],"damage_healed":0.0,"max_hp_gain":0.0,"max_hp_loss":0.0,"gold_gain":0.0,"event_name":"Wheel of Change","player_choice":"Card Removal","floor":2.0,"gold_loss":0.0,"damage_taken":0.0},{"damage_healed":0.0,"max_hp_gain":0.0,"max_hp_loss":0.0,"gold_gain":0.0,"event_name":"Dead Adventurer","player_choice":"Searched \u00271\u0027 times","floor":7.0,"gold_loss":0.0,"damage_taken":0.0,"relics_obtained":["Smiling Mask"]},{"damage_healed":0.0,"max_hp_gain":0.0,"max_hp_loss":0.0,"gold_gain":75.0,"event_name":"World of Goop","player_choice":"Gather Gold","floor":11.0,"gold_loss":0.0,"damage_taken":11.0},{"cards_removed":["Strike_G"],"damage_healed":0.0,"max_hp_gain":0.0,"max_hp_loss":0.0,"gold_gain":0.0,"event_name":"Beggar","player_choice":"Gave Gold","floor":20.0,"gold_loss":75.0,"damage_taken":0.0},{"damage_healed":0.0,"max_hp_gain":0.0,"max_hp_loss":33.0,"gold_gain":0.0,"event_name":"Ghosts","player_choice":"Became a Ghost","floor":22.0,"gold_loss":0.0,"damage_taken":0.0,"cards_obtained":["Ghostly","Ghostly","Ghostly"]},{"damage_healed":0.0,"max_hp_gain":0.0,"max_hp_loss":0.0,"gold_gain":0.0,"event_name":"N\u0027loth","player_choice":"Ignored","floor":29.0,"gold_loss":0.0,"damage_taken":0.0},{"damage_healed":0.0,"max_hp_gain":0.0,"max_hp_loss":0.0,"gold_gain":0.0,"event_name":"Tomb of Lord Red Mask","player_choice":"Ignored","floor":36.0,"gold_loss":0.0,"damage_taken":0.0},{"cards_removed":["Cloak And Dagger"],"damage_healed":0.0,"max_hp_gain":0.0,"max_hp_loss":0.0,"gold_gain":0.0,"event_name":"Falling","player_choice":"Removed Skill","floor":37.0,"gold_loss":0.0,"damage_taken":0.0},{"damage_healed":0.0,"max_hp_gain":0.0,"max_hp_loss":0.0,"gold_gain":0.0,"event_name":"MindBloom","player_choice":"Upgrade","floor":46.0,"gold_loss":0.0,"damage_taken":0.0,"cards_upgraded":["Survivor","Poisoned Stab","Ghostly","Ghostly","Catalyst","Night Terror","Outmaneuver","Catalyst"],"relics_obtained":["Mark of the Bloom"]},{"damage_healed":0.0,"max_hp_gain":0.0,"max_hp_loss":0.0,"gold_gain":0.0,"event_name":"Mysterious Sphere","player_choice":"Fight","floor":48.0,"gold_loss":0.0,"damage_taken":0.0}],"is_beta":true,"boss_relics":[{"not_picked":["Busted Crown","HoveringKite"],"picked":"Astrolabe"},{"not_picked":["Sozu","Orrery"],"picked":"Pandora\u0027s Box"}],"items_purged_floors":[19,39,45],"is_endless":false,"potions_floor_spawned":[10,14,16,18,24,30,31,38,41],"ascension_level":20}