{"gold_per_floor":[116,116,191,19,37,37,37,66,146,146,173,186,218,237,237,316,316,329,254,169,169,169,169,202,202,225,245,274,274,299,313,313,313],"floor_reached":33,"playtime":1104,"items_purged":["Strike_B"],"score":838,"play_id":"1a20cfac-2064-4ace-8ba9-85348f6dd5b7","local_time":"20190220191418","is_ascension_mode":true,"campfire_choices":[{"data":"Zap","floor":6,"key":"SMITH"},{"data":"Dualcast","floor":10,"key":"SMITH"},{"data":"Buffer","floor":15,"key":"SMITH"},{"data":"Seek","floor":23,"key":"SMITH"},{"data":"Ghostly","floor":25,"key":"SMITH"},{"floor":29,"key":"DIG"},{"floor":32,"key":"DIG"}],"neow_cost":"NONE","seed_source_timestamp":609843560257334,"circlet_count":0,"master_deck":["AscendersBane","Defend_B","Defend_B","Defend_B","Defend_B","Zap+1","Dualcast+1","Lockon+1","Undo","Electrodynamics","Buffer+1","Static Discharge","Seek+1","Conserve Battery","Rainbow","Static Discharge+1","Barrage+1","Beam Cell+1","Ball Lightning+1","Ghostly","Ghostly+1","Ghostly","Necronomicurse","Streamline+1","Cold Snap+1","Leap","Storm"],"relics":["Cracked Core","NeowsBlessing","PreservedInsect","Meat on the Bone","Bottled Lightning","FossilizedHelix","Molten Egg 2","Astrolabe","The Courier","Necronomicon","Kunai","Shovel","Blood Vial","Smiling Mask","Juzu Bracelet"],"potions_floor_usage":[11,30,33],"damage_taken":[{"damage":0,"enemies":"2 Louse","floor":1,"turns":1},{"damage":0,"enemies":"Jaw Worm","floor":5,"turns":1},{"damage":0,"enemies":"Lagavulin","floor":8,"turns":1},{"damage":20,"enemies":"3 Sentries","floor":11,"turns":5},{"damage":0,"enemies":"Small Slimes","floor":12,"turns":3},{"damage":0,"enemies":"Lagavulin","floor":13,"turns":5},{"damage":0,"enemies":"3 Louse","floor":14,"turns":1},{"damage":18,"enemies":"Slime Boss","floor":16,"turns":9},{"damage":0,"enemies":"Chosen","floor":18,"turns":4},{"damage":0,"enemies":"Slavers","floor":24,"turns":3},{"damage":0,"enemies":"2 Thieves","floor":27,"turns":4},{"damage":2,"enemies":"Gremlin Leader","floor":28,"turns":4},{"damage":0,"enemies":"Book of Stabbing","floor":30,"turns":4},{"damage":0,"enemies":"Snecko","floor":31,"turns":5},{"damage":39,"enemies":"Collector","floor":33,"turns":6}],"seed_played":"147769869470934272","potions_obtained":[{"floor":8,"key":"SkillPotion"},{"floor":13,"key":"AttackPotion"},{"floor":16,"key":"EssenceOfSteel"},{"floor":24,"key":"GamblersBrew"}],"is_trial":false,"path_per_floor":["M","?","?","$","M","R","$","E","T","R","E","M","E","M","R","B",null,"M","$","?","?","?","R","E","R","T","M","E","R","E","M","R","B"],"character_chosen":"DEFECT","items_purchased":["PreservedInsect"],"campfire_rested":0,"item_purchase_floors":[4],"current_hp_per_floor":[64,64,53,53,53,53,53,53,53,53,45,45,45,45,45,39,63,63,63,63,35,14,14,26,26,26,26,24,24,26,28,28,0],"gold":313,"neow_bonus":"THREE_ENEMY_KILL","is_prod":false,"is_daily":false,"chose_seed":false,"campfire_upgraded":5,"win_rate":0,"timestamp":1550708058,"path_taken":["M","?","?","$","M","R","?","E","T","R","E","M","E","M","R","BOSS","M","$","?","?","?","R","E","R","T","M","E","R","E","M","R","BOSS"],"build_version":"2019-02-06","purchased_purges":1,"victory":false,"max_hp_per_floor":[71,71,71,71,71,71,71,71,71,71,71,71,71,71,71,71,71,71,71,71,35,35,35,35,35,35,35,35,35,35,35,35,35],"card_choices":[{"not_picked":["Stack","Compile Driver"],"picked":"Lockon","floor":1},{"not_picked":["Compile Driver","Barrage"],"picked":"Undo","floor":5},{"not_picked":["Fusion","Recycle"],"picked":"Electrodynamics","floor":8},{"not_picked":["Undo","Storm"],"picked":"Buffer","floor":11},{"not_picked":["Go for the Eyes","Ball Lightning"],"picked":"Static Discharge","floor":12},{"not_picked":["Barrage","Double Energy"],"picked":"Seek","floor":13},{"not_picked":["Barrage+1","Fusion"],"picked":"Conserve Battery","floor":14},{"not_picked":["Seek","Reboot"],"picked":"Rainbow","floor":16},{"not_picked":["Rebound+1","Reinforced Body"],"picked":"Ball Lightning+1","floor":18},{"not_picked":["Rainbow","Rebound+1"],"picked":"Streamline+1","floor":24},{"not_picked":["Sweeping Beam+1","Heatsinks"],"picked":"Cold Snap+1","floor":27},{"not_picked":["Reprogram","Beam Cell+1","Consume"],"picked":"SKIP","floor":28},{"not_picked":["Darkness","Scrape+1"],"picked":"Leap","floor":30},{"not_picked":["Steam","Gash+1"],"picked":"Storm","floor":31}],"player_experience":952009,"relics_obtained":[{"floor":8,"key":"Meat on the Bone"},{"floor":9,"key":"Bottled Lightning"},{"floor":11,"key":"FossilizedHelix"},{"floor":13,"key":"Molten Egg 2"},{"floor":22,"key":"Necronomicon"},{"floor":24,"key":"Kunai"},{"floor":28,"key":"Shovel"},{"floor":29,"key":"Blood Vial"},{"floor":30,"key":"Smiling Mask"},{"floor":32,"key":"Juzu Bracelet"}],"event_choices":[{"damage_healed":0,"gold_gain":0,"player_choice":"Grow","damage_taken":0,"max_hp_gain":0,"max_hp_loss":0,"event_name":"Living Wall","floor":2,"gold_loss":0,"cards_upgraded":["Lockon"]},{"damage_healed":0,"gold_gain":75,"player_choice":"Gather Gold","damage_taken":11,"max_hp_gain":0,"max_hp_loss":0,"event_name":"World of Goop","floor":3,"gold_loss":0},{"damage_healed":0,"gold_gain":0,"player_choice":"Obtained Relic","damage_taken":0,"relics_obtained":["The Courier"],"max_hp_gain":0,"max_hp_loss":0,"event_name":"Addict","floor":20,"gold_loss":85},{"damage_healed":0,"gold_gain":0,"player_choice":"Became a Ghost","damage_taken":0,"max_hp_gain":0,"max_hp_loss":36,"event_name":"Ghosts","floor":21,"gold_loss":0,"cards_obtained":["Ghostly","Ghostly","Ghostly"]},{"damage_healed":0,"gold_gain":0,"player_choice":"Obtained Book","damage_taken":21,"max_hp_gain":0,"max_hp_loss":0,"event_name":"Cursed Tome","floor":22,"gold_loss":0}],"is_beta":true,"boss_relics":[{"not_picked":["FrozenCore","Eternal Feather"],"picked":"Astrolabe"}],"items_purged_floors":[19],"is_endless":false,"potions_floor_spawned":[8,13,16,24,27],"killed_by":"Collector","ascension_level":20}