{"gold_per_floor":[119,19,39,114,114,144,144,162,162,191,191,202,8,21,21,120,120,130,130,147,147,162,162,196,196,196,196,211,57,57,57,57,57],"floor_reached":33,"playtime":1050,"items_purged":["Shame"],"score":300,"play_id":"d19c1487-4e3b-474a-ab4e-324e26081a2e","local_time":"20190326010431","is_ascension_mode":true,"campfire_choices":[{"floor":7,"key":"REST"},{"data":"Bash","floor":15,"key":"SMITH"},{"data":"Dagger Spray","floor":23,"key":"SMITH"},{"floor":25,"key":"REST"},{"data":"Anger","floor":27,"key":"SMITH"},{"floor":30,"key":"REST"},{"floor":32,"key":"REST"}],"neow_cost":"CURSE","seed_source_timestamp":464536130601117,"circlet_count":0,"master_deck":["Strike_R","Strike_R","Strike_R","Defend_R","Defend_R","Defend_R","Defend_R","Bash+1","Twin Strike","Shrug It Off","Pain","Flame Barrier","Spot Weakness","Anger+1","Bludgeon","Dagger Spray+1","Go for the Eyes+1","Streamline+1","Sunder+1","Flying Knee+1"],"relics":["Burning Blood","Ginger","WarpedTongs","Omamori","Pear","FossilizedHelix","PrismaticShard","Empty Cage","Question Card","Lantern","Anchor"],"potions_floor_usage":[6,10,16,16,24,24,28],"damage_taken":[{"damage":3,"enemies":"2 Louse","floor":1,"turns":3},{"damage":0,"enemies":"Cultist","floor":3,"turns":2},{"damage":35,"enemies":"3 Sentries","floor":6,"turns":8},{"damage":4,"enemies":"Jaw Worm","floor":8,"turns":5},{"damage":56,"enemies":"Lagavulin","floor":10,"turns":8},{"damage":11,"enemies":"Exordium Wildlife","floor":12,"turns":4},{"damage":3,"enemies":"2 Fungi Beasts","floor":14,"turns":3},{"damage":54,"enemies":"Hexaghost","floor":16,"turns":8},{"damage":17,"enemies":"Spheric Guardian","floor":18,"turns":4},{"damage":4,"enemies":"Shell Parasite","floor":20,"turns":3},{"damage":32,"enemies":"Snake Plant","floor":22,"turns":4},{"damage":60,"enemies":"Gremlin Leader","floor":24,"turns":7},{"damage":31,"enemies":"Centurion and Healer","floor":28,"turns":6},{"damage":8,"enemies":"Colosseum Slavers","floor":31,"turns":5},{"damage":79,"enemies":"Collector","floor":33,"turns":8}],"seed_played":"-8519176667234098725","potions_obtained":[{"floor":3,"key":"AttackPotion"},{"floor":6,"key":"AttackPotion"},{"floor":12,"key":"Block Potion"},{"floor":14,"key":"GamblersBrew"},{"floor":18,"key":"Poison Potion"},{"floor":22,"key":"Regen Potion"},{"floor":24,"key":"Weak Potion"}],"is_trial":false,"path_per_floor":["M","$","M","?","?","E","R","M","T","E","?","M","$","M","R","B",null,"M","T","M","?","M","R","E","R","T","R","M","$","R","?","R","B"],"character_chosen":"IRONCLAD","items_purchased":["Shrug It Off","PrismaticShard","Anchor"],"campfire_rested":4,"item_purchase_floors":[2,13,29],"current_hp_per_floor":[80,80,80,69,69,40,64,66,76,26,90,85,85,88,88,40,90,79,79,81,81,55,55,16,43,43,43,18,18,45,43,70,0],"gold":57,"neow_bonus":"ONE_RARE_RELIC","is_prod":false,"is_daily":false,"chose_seed":false,"campfire_upgraded":3,"win_rate":0,"timestamp":1553587471,"path_taken":["M","$","M","?","?","E","R","?","T","E","?","M","$","?","R","BOSS","M","?","M","?","M","R","E","R","T","R","M","?","R","?","R","BOSS"],"build_version":"2019-01-23","purchased_purges":1,"victory":false,"max_hp_per_floor":[80,80,80,80,80,80,80,80,90,90,90,90,90,90,90,90,90,90,90,90,90,90,90,90,90,90,90,90,90,90,90,90,90],"card_choices":[{"not_picked":["True Grit","Pommel Strike"],"picked":"Twin Strike","floor":1},{"not_picked":["Warcry","Searing Blow"],"picked":"Shockwave","floor":3},{"not_picked":["Pommel Strike","True Grit"],"picked":"Flame Barrier","floor":6},{"not_picked":["Headbutt","Carnage","Body Slam"],"picked":"SKIP","floor":8},{"not_picked":["Headbutt","Whirlwind"],"picked":"Spot Weakness","floor":10},{"not_picked":["Ghostly Armor","Evolve"],"picked":"Anger","floor":12},{"not_picked":["Reflex","Outmaneuver","Barrage"],"picked":"SKIP","floor":14},{"not_picked":["Venomology","Transmutation"],"picked":"Bludgeon","floor":16},{"not_picked":["Flex+1","Thunderclap"],"picked":"Dagger Spray","floor":18},{"not_picked":["PiercingWail","Calculated Gamble","Dagger Spray"],"picked":"Go for the Eyes+1","floor":20},{"not_picked":["Thunderclap","Seeing Red","Steam"],"picked":"Streamline+1","floor":22},{"not_picked":["Warcry+1","Poisoned Stab","Barrage+1"],"picked":"Sunder+1","floor":24},{"not_picked":["True Grit+1","Dodge and Roll+1","Bullet Time"],"picked":"Flying Knee+1","floor":28}],"player_experience":383565,"relics_obtained":[{"floor":6,"key":"Omamori"},{"floor":9,"key":"Pear"},{"floor":10,"key":"FossilizedHelix"},{"floor":19,"key":"Question Card"},{"floor":24,"key":"Lantern"}],"event_choices":[{"damage_healed":0,"gold_gain":75,"player_choice":"Gather Gold","damage_taken":11,"max_hp_gain":0,"max_hp_loss":0,"event_name":"World of Goop","floor":4,"gold_loss":0},{"damage_healed":0,"gold_gain":0,"player_choice":"Rummage","damage_taken":0,"relics_obtained":["WarpedTongs"],"max_hp_gain":0,"max_hp_loss":0,"event_name":"Accursed Blacksmith","floor":5,"gold_loss":0,"cards_obtained":["Pain"]},{"cards_removed":["Shockwave"],"damage_healed":64,"gold_gain":0,"player_choice":"Offered Uncommon","damage_taken":0,"max_hp_gain":0,"max_hp_loss":0,"event_name":"Bonfire Elementals","floor":11,"gold_loss":0},{"damage_healed":0,"gold_gain":0,"player_choice":"Ignored","damage_taken":0,"max_hp_gain":0,"max_hp_loss":0,"event_name":"Vampires","floor":21,"gold_loss":0},{"damage_healed":0,"gold_gain":0,"player_choice":"Fight","damage_taken":0,"max_hp_gain":0,"max_hp_loss":0,"event_name":"Colosseum","floor":31,"gold_loss":0},{"damage_healed":0,"gold_gain":0,"player_choice":"Fled From Nobs","damage_taken":0,"max_hp_gain":0,"max_hp_loss":0,"event_name":"Colosseum","floor":31,"gold_loss":0}],"is_beta":false,"boss_relics":[{"not_picked":["Snecko Eye","Cursed Key"],"picked":"Empty Cage"}],"items_purged_floors":[2],"is_endless":false,"potions_floor_spawned":[3,6,12,14,18,22,24],"killed_by":"Collector","ascension_level":2}