{"gold_per_floor":[110,110,110,260,260,303,303,338,338,351,374,374,417,433,433,531,531,555,605,569,569,607,607],"floor_reached":23,"playtime":521,"items_purged":[],"score":510,"play_id":"febd9024-718d-4438-b386-2af6e4e4d1e3","local_time":"20181103194303","is_ascension_mode":true,"campfire_choices":[{"data":"Streamline","floor":12,"key":"SMITH"},{"data":"Sunder","floor":15,"key":"SMITH"}],"neow_cost":"NONE","seed_source_timestamp":35451902183540,"circlet_count":0,"master_deck":["AscendersBane","Strike_B+1","Defend_B+1","Defend_B","Defend_B","Defend_B","Zap","Dualcast","Tempest","Turbo","Streamline+1","Sunder+1","Coolheaded","All For One","Reinforced Body+1","Turbo+1","Force Field+1","Coolheaded+1","Loop","BootSequence","Genetic Algorithm"],"relics":["Cracked Core","NeowsBlessing","Golden Idol","Juzu Bracelet","Turnip","Mercury Hourglass","Pen Nib","Astrolabe","Red Mask"],"potions_floor_usage":[13,16,22,22],"damage_taken":[{"damage":0,"enemies":"Small Slimes","floor":1,"turns":1},{"damage":0,"enemies":"3 Sentries","floor":6,"turns":2},{"damage":0,"enemies":"Lagavulin","floor":8,"turns":1},{"damage":0,"enemies":"2 Louse","floor":10,"turns":2},{"damage":0,"enemies":"Cultist","floor":11,"turns":3},{"damage":10,"enemies":"Gremlin Nob","floor":13,"turns":3},{"damage":8,"enemies":"Blue Slaver","floor":14,"turns":2},{"damage":2,"enemies":"Slime Boss","floor":16,"turns":5},{"damage":7,"enemies":"3 Byrds","floor":18,"turns":4},{"damage":27,"enemies":"Masked Bandits","floor":22,"turns":4},{"damage":25,"enemies":"Slavers","floor":23,"turns":2}],"seed_played":"-7997523744128054458","potions_obtained":[{"floor":1,"key":"Ancient Potion"},{"floor":10,"key":"FearPotion"},{"floor":14,"key":"AttackPotion"},{"floor":16,"key":"SkillPotion"}],"is_trial":false,"path_per_floor":["M","?","?","?","?","E","$","E","T","M","M","R","E","M","R","B",null,"M","?","$","?","?","E"],"character_chosen":"DEFECT","items_purchased":["Loop"],"campfire_rested":0,"item_purchase_floors":[20],"current_hp_per_floor":[64,64,45,45,38,38,38,38,38,38,38,38,28,20,20,18,53,46,46,46,46,19,0],"gold":607,"neow_bonus":"THREE_ENEMY_KILL","is_prod":false,"is_daily":false,"chose_seed":false,"campfire_upgraded":2,"win_rate":0,"timestamp":1541288583,"path_taken":["M","?","?","?","?","E","$","E","T","M","M","R","E","M","R","BOSS","M","?","$","?","?","E"],"build_version":"2018-11-02","purchased_purges":0,"victory":false,"max_hp_per_floor":[71,64,64,64,64,64,64,64,64,64,64,64,64,64,64,64,64,64,64,64,64,64,64],"card_choices":[{"not_picked":["Force Field","Hello World","Gash"],"picked":"SKIP","floor":1},{"not_picked":["Hologram","Buffer"],"picked":"Tempest","floor":6},{"not_picked":["White Noise","Scrape"],"picked":"Turbo","floor":8},{"not_picked":["Barrage","Gash"],"picked":"Streamline","floor":10},{"not_picked":["Redo","Steam Power","Gash"],"picked":"SKIP","floor":11},{"not_picked":["Go for the Eyes","Doom and Gloom"],"picked":"Sunder","floor":13},{"not_picked":["Barrage","Consume"],"picked":"Coolheaded","floor":14},{"not_picked":["Creative AI","Fission"],"picked":"All For One","floor":16},{"not_picked":["Steam Power","Streamline"],"picked":"Coolheaded+1","floor":18},{"not_picked":["Coolheaded","Compile Driver"],"picked":"Genetic Algorithm","floor":22}],"player_experience":824522,"relics_obtained":[{"floor":6,"key":"Juzu Bracelet"},{"floor":8,"key":"Turnip"},{"floor":9,"key":"Mercury Hourglass"},{"floor":13,"key":"Pen Nib"},{"floor":22,"key":"Red Mask"}],"event_choices":[{"damage_healed":0,"gold_gain":0,"player_choice":"Lose Max HP","damage_taken":0,"relics_obtained":["Golden Idol"],"max_hp_gain":0,"max_hp_loss":7,"event_name":"Golden Idol","floor":2,"gold_loss":0},{"damage_healed":0,"gold_gain":0,"player_choice":"Entered Light","damage_taken":19,"max_hp_gain":0,"max_hp_loss":0,"event_name":"Shining Light","floor":3,"gold_loss":0,"cards_upgraded":["Strike_B","Defend_B"]},{"damage_healed":0,"gold_gain":150,"player_choice":"AGREE","damage_taken":0,"max_hp_gain":0,"max_hp_loss":0,"event_name":"Liars Game","floor":4,"gold_loss":0,"cards_obtained":["Doubt"]},{"cards_removed":["Doubt"],"damage_healed":0,"gold_gain":0,"player_choice":"Card Removal","damage_taken":7,"max_hp_gain":0,"max_hp_loss":0,"event_name":"Golden Wing","floor":5,"gold_loss":0},{"damage_healed":0,"gold_gain":100,"player_choice":"Bet on Murderer","damage_taken":0,"max_hp_gain":0,"max_hp_loss":0,"event_name":"The Joust","floor":19,"gold_loss":50},{"damage_healed":0,"gold_gain":0,"player_choice":"Read","damage_taken":0,"max_hp_gain":0,"max_hp_loss":0,"event_name":"The Library","floor":21,"gold_loss":0,"cards_obtained":["BootSequence"]},{"damage_healed":0,"gold_gain":0,"player_choice":"Fought Bandits","damage_taken":0,"max_hp_gain":0,"max_hp_loss":0,"event_name":"Masked Bandits","floor":22,"gold_loss":0}],"is_beta":true,"boss_relics":[{"not_picked":["White Beast Statue","Empty Cage"],"picked":"Astrolabe"}],"items_purged_floors":[],"is_endless":false,"potions_floor_spawned":[1,10,14,16,18],"killed_by":"Slavers","ascension_level":20}