{"gold_per_floor":[18,29,29,42,42,42,74,44,44,44,56,21,21,52,64,176,188,213,239,58,58,72,72,72,72,72,88,88,100,100,100,100,201,251,262,282,282,282,282,282],"floor_reached":40,"playtime":1845,"items_purged":[],"score":437,"play_id":"a02b0c34-af45-4f37-a72a-32733b1a37cb","local_time":"20190221035628","is_ascension_mode":true,"campfire_choices":[{"data":"Crippling Poison","floor":6,"key":"SMITH"},{"data":"Endless Agony","floor":10,"key":"SMITH"},{"floor":15,"key":"REST"},{"data":"Glass Knife","floor":23,"key":"SMITH"},{"data":"Corpse Explosion","floor":28,"key":"SMITH"},{"floor":32,"key":"REST"}],"neow_cost":"NO_GOLD","seed_source_timestamp":42023360405726,"circlet_count":0,"master_deck":["Defend_G+1","Defend_G+1","Defend_G+1","Defend_G+1","Strike_G+1","Strike_G+1","Strike_G+1","Strike_G+1","Strike_G+1","Survivor+1","Neutralize+1","Blade Dance+1","Leg Sweep+1","Crippling Poison+1","Cloak And Dagger+1","Endless Agony+1","Infinite Blades+1","Adrenaline+1","Corpse Explosion+1","Crippling Poison+1","Dash+1","Glass Knife+1","Sucker Punch+1","Bane+1","Storm of Steel+1","Endless Agony+1"],"relics":["Ring of the Snake","Torii","WingedGreaves","Prayer Wheel","MawBank","Eternal Feather","Strange Spoon","Vajra","MutagenicStrength","Enchiridion","Pantograph","Tiny House","Mark of the Bloom"],"potions_floor_usage":[16,16,22,35],"damage_taken":[{"damage":0,"enemies":"Cultist","floor":1,"turns":4},{"damage":2,"enemies":"Jaw Worm","floor":2,"turns":6},{"damage":0,"enemies":"Small Slimes","floor":4,"turns":4},{"damage":37,"enemies":"Gremlin Nob","floor":7,"turns":5},{"damage":1,"enemies":"Looter","floor":8,"turns":4},{"damage":1,"enemies":"3 Louse","floor":11,"turns":2},{"damage":16,"enemies":"3 Sentries","floor":14,"turns":10},{"damage":24,"enemies":"Hexaghost","floor":16,"turns":14},{"damage":18,"enemies":"Shell Parasite","floor":18,"turns":6},{"damage":1,"enemies":"3 Byrds","floor":19,"turns":4},{"damage":0,"enemies":"Snecko","floor":22,"turns":4},{"damage":2,"enemies":"Cultist and Chosen","floor":27,"turns":3},{"damage":27,"enemies":"3 Cultists","floor":29,"turns":4},{"damage":72,"enemies":"Collector","floor":33,"turns":7},{"damage":0,"enemies":"3 Darklings","floor":35,"turns":2},{"damage":8,"enemies":"3 Shapes","floor":36,"turns":5},{"damage":90,"enemies":"Giant Head","floor":40,"turns":8}],"seed_played":"2428296921453074104","potions_obtained":[{"floor":2,"key":"SpeedPotion"},{"floor":14,"key":"GamblersBrew"},{"floor":19,"key":"Strength Potion"},{"floor":33,"key":"SpeedPotion"},{"floor":34,"key":"Fruit Juice"}],"is_trial":false,"path_per_floor":["M","M","?","M","$","R","E","M","T","R","M","$","?","E","R","B",null,"M","M","$","?","M","R","?","?","T","M","R","M","?","$","R","B",null,"M","M","?","?","?","E"],"character_chosen":"THE_SILENT","items_purchased":["Infinite Blades","Strange Spoon"],"campfire_rested":2,"item_purchase_floors":[12,20],"current_hp_per_floor":[70,68,68,68,68,68,31,30,30,30,29,29,29,13,34,10,70,52,51,51,51,51,63,63,47,47,45,57,30,17,17,51,3,80,85,77,77,77,77,0],"gold":282,"neow_bonus":"ONE_RARE_RELIC","is_prod":false,"is_daily":false,"chose_seed":false,"campfire_upgraded":4,"win_rate":0,"timestamp":1550750188,"path_taken":["M","?","?","M","?","R","E","?","T","R","M","$","?","E","R","BOSS","M","M","$","?","M","R","?","?","T","M","R","?","?","$","R","BOSS","M","M","?","?","?","E"],"build_version":"2019-01-23","purchased_purges":0,"victory":false,"max_hp_per_floor":[70,70,70,70,70,70,70,70,70,70,70,70,70,70,70,70,70,70,70,70,70,70,70,70,70,70,70,70,70,75,75,75,75,80,85,85,85,85,85,85],"card_choices":[{"not_picked":["PiercingWail","Underhanded Strike"],"picked":"Blade Dance","floor":1},{"not_picked":["Slice","Acrobatics"],"picked":"Leg Sweep","floor":2},{"not_picked":["Sucker Punch","Eviscerate"],"picked":"Crippling Poison","floor":4},{"not_picked":["Bullet Time","Leg Sweep"],"picked":"Cloak And Dagger","floor":7},{"not_picked":["PiercingWail","Terror"],"picked":"Endless Agony","floor":8},{"not_picked":["Blur","Calculated Gamble","Backflip"],"picked":"SKIP","floor":11},{"not_picked":["Choke","Expertise","Leg Sweep"],"picked":"SKIP","floor":11},{"not_picked":["Acrobatics","Well Laid Plans"],"picked":"Adrenaline","floor":14},{"not_picked":["Venomology","Phantasmal Killer"],"picked":"Corpse Explosion","floor":16},{"not_picked":["Flechettes","Riddle With Holes"],"picked":"Crippling Poison+1","floor":18},{"not_picked":["Prepared","Endless Agony","Acrobatics"],"picked":"SKIP","floor":18},{"not_picked":["Concentrate","Poisoned Stab"],"picked":"Dash+1","floor":19},{"not_picked":["Deadly Poison","Dodge and Roll"],"picked":"Glass Knife","floor":19},{"not_picked":["Escape Plan","Quick Slash"],"picked":"Sucker Punch+1","floor":22},{"not_picked":["Footwork","PiercingWail","All Out Attack"],"picked":"SKIP","floor":22},{"not_picked":["Sucker Punch","Acrobatics+1","Slice+1"],"picked":"SKIP","floor":27},{"not_picked":["Tactician","Prepared","Deflect"],"picked":"SKIP","floor":27},{"not_picked":["Tactician+1","Blade Dance"],"picked":"Bane","floor":29},{"not_picked":["Noxious Fumes+1","Finisher","Dash"],"picked":"SKIP","floor":29},{"not_picked":["Night Terror","Corpse Explosion"],"picked":"Storm of Steel","floor":33},{"not_picked":["Terror","Choke+1","Blade Dance"],"picked":"SKIP","floor":35},{"not_picked":["Concentrate","Riddle With Holes+1","Sucker Punch"],"picked":"SKIP","floor":35},{"not_picked":["Footwork+1","Slice"],"picked":"Endless Agony+1","floor":36},{"not_picked":["Dodge and Roll","Terror","Choke+1"],"picked":"SKIP","floor":36}],"player_experience":256565,"relics_obtained":[{"floor":7,"key":"WingedGreaves"},{"floor":9,"key":"Prayer Wheel"},{"floor":14,"key":"MawBank"},{"floor":25,"key":"Enchiridion"},{"floor":26,"key":"Pantograph"}],"event_choices":[{"cards_removed":["Defend_G"],"damage_healed":0,"gold_gain":0,"player_choice":"Offered Basic","damage_taken":0,"max_hp_gain":0,"max_hp_loss":0,"event_name":"Bonfire Elementals","floor":3,"gold_loss":0},{"damage_healed":0,"gold_gain":0,"player_choice":"Searched \u00270\u0027 times","damage_taken":0,"max_hp_gain":0,"max_hp_loss":0,"event_name":"Dead Adventurer","floor":13,"gold_loss":0},{"damage_healed":0,"gold_gain":0,"player_choice":"Opened","damage_taken":0,"relics_obtained":["Vajra"],"max_hp_gain":0,"max_hp_loss":0,"event_name":"The Mausoleum","floor":21,"gold_loss":0},{"damage_healed":0,"gold_gain":0,"player_choice":"Inject Mutagens","damage_taken":0,"relics_obtained":["MutagenicStrength"],"max_hp_gain":0,"max_hp_loss":0,"event_name":"Drug Dealer","floor":24,"gold_loss":0},{"damage_healed":0,"gold_gain":0,"player_choice":"Obtained Book","damage_taken":16,"max_hp_gain":0,"max_hp_loss":0,"event_name":"Cursed Tome","floor":25,"gold_loss":0},{"damage_healed":0,"gold_gain":0,"player_choice":"Shed Blood","damage_taken":18,"max_hp_gain":5,"max_hp_loss":0,"event_name":"Forgotten Altar","floor":30,"gold_loss":0},{"damage_healed":0,"gold_gain":0,"player_choice":"Upgrade","damage_taken":0,"relics_obtained":["Mark of the Bloom"],"max_hp_gain":0,"max_hp_loss":0,"event_name":"MindBloom","floor":37,"gold_loss":0,"cards_upgraded":["Defend_G","Defend_G","Defend_G","Defend_G","Strike_G","Strike_G","Strike_G","Strike_G","Survivor","Neutralize","Blade Dance","Leg Sweep","Cloak And Dagger","Infinite Blades","Adrenaline","Bane","Storm of Steel"]},{"damage_healed":0,"gold_gain":0,"player_choice":"Ignored","damage_taken":0,"max_hp_gain":0,"max_hp_loss":0,"event_name":"Mysterious Sphere","floor":38,"gold_loss":0},{"damage_healed":0,"gold_gain":0,"player_choice":"Ignored","damage_taken":0,"max_hp_gain":0,"max_hp_loss":0,"event_name":"Upgrade Shrine","floor":39,"gold_loss":0}],"is_beta":false,"boss_relics":[{"not_picked":["White Beast Statue","Sozu"],"picked":"Eternal Feather"},{"not_picked":["Coffee Dripper","Velvet Choker"],"picked":"Tiny House"}],"items_purged_floors":[],"is_endless":false,"potions_floor_spawned":[2,14,19,33],"killed_by":"Giant Head","ascension_level":1}