{"gold_per_floor":[119,119,133,133,146,187,187,206,206,232,232,247,260,303,303,392,392,406,406,406,386,175,175],"floor_reached":23,"playtime":844,"items_purged":[],"score":378,"play_id":"ddb0817c-3e2c-4544-ab6f-7b8f3a59e5e8","local_time":"20181030212856","is_ascension_mode":true,"campfire_choices":[{"data":"Loop","floor":7.0,"key":"SMITH"},{"data":"Hologram","floor":15.0,"key":"SMITH"}],"neow_cost":"NONE","seed_source_timestamp":44170654776023,"circlet_count":0,"master_deck":["Zap+1","Dualcast","AscendersBane","Glacier","Loop+1","Sweeping Beam","Glacier","Conserve Battery","Hologram+1","Coolheaded","FTL","Core Surge","Capacitor","BootSequence","Capacitor","Barrage","Defragment","Go for the Eyes","Coolheaded+1","Static Discharge","Capacitor"],"special_seed":0,"relics":["Cracked Core","Vajra","Bloody Idol","Peace Pipe","Odd Mushroom","Pear","Pandora\u0027s Box","OrangePellets"],"potions_floor_usage":[23,23],"damage_taken":[{"damage":0.0,"enemies":"2 Louse","floor":1.0,"turns":1.0},{"damage":1.0,"enemies":"Jaw Worm","floor":3.0,"turns":3.0},{"damage":2.0,"enemies":"Cultist","floor":5.0,"turns":4.0},{"damage":6.0,"enemies":"3 Sentries","floor":6.0,"turns":7.0},{"damage":4.0,"enemies":"Blue Slaver","floor":8.0,"turns":4.0},{"damage":4.0,"enemies":"The Mushroom Lair","floor":10.0,"turns":3.0},{"damage":6.0,"enemies":"Exordium Wildlife","floor":12.0,"turns":3.0},{"damage":0.0,"enemies":"Gremlin Gang","floor":13.0,"turns":5.0},{"damage":8.0,"enemies":"Lagavulin","floor":14.0,"turns":8.0},{"damage":31.0,"enemies":"Slime Boss","floor":16.0,"turns":12.0},{"damage":28.0,"enemies":"2 Thieves","floor":18.0,"turns":4.0},{"damage":33,"enemies":"Book of Stabbing","floor":23,"turns":3}],"seed_played":"-3037602800522268650","potions_obtained":[{"floor":3.0,"key":"Block Potion"},{"floor":5.0,"key":"EntropicBrew"},{"floor":8.0,"key":"FocusPotion"},{"floor":10.0,"key":"FearPotion"},{"floor":21.0,"key":"PowerPotion"}],"is_trial":false,"path_per_floor":["M","?","M","?","M","E","R","M","T","?","?","M","M","E","R","B",null,"M","?","?","?","$"],"character_chosen":"DEFECT","items_purchased":["OrangePellets"],"campfire_rested":0,"item_purchase_floors":[22],"current_hp_per_floor":[64,64,63,63,61,55,55,51,51,47,47,41,41,43,43,12,59,31,31,31,31,31,0],"gold":175,"neow_bonus":"RANDOM_COMMON_RELIC","is_prod":false,"is_daily":false,"chose_seed":false,"campfire_upgraded":2,"win_rate":0,"timestamp":1540949336,"path_taken":["M","?","?","?","M","E","R","M","T","?","?","M","?","E","R","BOSS","M","?","?","?","$","E"],"build_version":"2018-10-29v2","purchased_purges":0,"victory":false,"max_hp_per_floor":[71,71,71,64,64,64,64,64,64,64,64,64,64,74,74,74,74,74,74,74,74,74,74],"card_choices":[{"not_picked":["Coolheaded","Redo"],"picked":"Glacier","floor":1.0},{"not_picked":["Recycle","FTL"],"picked":"Loop","floor":3.0},{"not_picked":["Sweeping Beam","Go for the Eyes","Fusion"],"picked":"SKIP","floor":5.0},{"not_picked":["Go for the Eyes","Fusion"],"picked":"Sweeping Beam","floor":5.0},{"not_picked":["Redo","Beam Cell","Steam"],"picked":"SKIP","floor":6.0},{"not_picked":["Go for the Eyes","Stack","Compile Driver"],"picked":"SKIP","floor":8.0},{"not_picked":["Cold Snap","Blizzard"],"picked":"Glacier","floor":10.0},{"not_picked":["All For One","Leap"],"picked":"Hologram","floor":12.0},{"not_picked":["Doom and Gloom","Hologram"],"picked":"Coolheaded","floor":13.0},{"not_picked":["Reinforced Body","Sweeping Beam"],"picked":"FTL","floor":14.0},{"not_picked":["Creative AI","Machine Learning"],"picked":"Core Surge","floor":16.0},{"not_picked":["Steam","Sweeping Beam"],"picked":"Coolheaded+1","floor":18.0}],"player_experience":792864,"relics_obtained":[{"floor":6.0,"key":"Peace Pipe"},{"floor":10.0,"key":"Odd Mushroom"},{"floor":14.0,"key":"Pear"}],"event_choices":[{"damage_healed":0.0,"max_hp_gain":0.0,"max_hp_loss":0.0,"gold_gain":0.0,"event_name":"Living Wall","player_choice":"Grow","floor":2.0,"gold_loss":0.0,"damage_taken":0.0,"cards_upgraded":["Zap"]},{"damage_healed":0.0,"max_hp_gain":0.0,"max_hp_loss":7.0,"gold_gain":0.0,"event_name":"Golden Idol","player_choice":"Lose Max HP","floor":4.0,"gold_loss":0.0,"damage_taken":0.0,"relics_obtained":["Golden Idol"]},{"damage_healed":0.0,"max_hp_gain":0.0,"max_hp_loss":0.0,"gold_gain":0.0,"event_name":"Mushrooms","player_choice":"Fought Mushrooms","floor":10.0,"gold_loss":0.0,"damage_taken":0.0},{"damage_healed":0.0,"max_hp_gain":0.0,"max_hp_loss":0.0,"gold_gain":0.0,"event_name":"Match and Keep!","player_choice":"1 cards matched","floor":11.0,"gold_loss":0.0,"damage_taken":0.0,"cards_obtained":["Conserve Battery"]},{"damage_healed":0.0,"max_hp_gain":0.0,"max_hp_loss":0.0,"gold_gain":0.0,"cards_transformed":["Aggregate","Aggregate"],"event_name":"Drug Dealer","player_choice":"Became Test Subject","floor":19.0,"gold_loss":0.0,"damage_taken":0.0,"cards_obtained":["Static Discharge","Capacitor"]},{"damage_healed":0.0,"max_hp_gain":0.0,"max_hp_loss":0.0,"gold_gain":0.0,"event_name":"Forgotten Altar","player_choice":"Gave Idol","floor":20.0,"relics_lost":["Golden Idol"],"gold_loss":0.0,"damage_taken":0.0,"relics_obtained":["Bloody Idol"]},{"damage_healed":0.0,"max_hp_gain":0.0,"max_hp_loss":0.0,"gold_gain":0.0,"event_name":"The Woman in Blue","player_choice":"Bought 1 Potion","floor":21.0,"gold_loss":0.0,"damage_taken":0.0}],"is_beta":true,"boss_relics":[{"not_picked":["Fusion Hammer","Ectoplasm"],"picked":"Pandora\u0027s Box"}],"items_purged_floors":[],"is_endless":false,"potions_floor_spawned":[3,5,8,10,13],"killed_by":"Book of Stabbing","ascension_level":18}