{"gold_per_floor":[110,285,0,35,69,118,18,53,53,106,160,160,160,229,229,358,358,402,444,52,52,0,0,0],"floor_reached":24,"playtime":1233,"items_purged":["Doubt","Strike_G"],"score":247,"play_id":"4ce4894c-ea34-4ada-8093-1766f239b221","local_time":"20190107143621","is_ascension_mode":true,"campfire_choices":[{"data":"HandOfGreed","floor":13,"key":"SMITH"},{"floor":15,"key":"REST"},{"data":"Phantasmal Killer","floor":23,"key":"SMITH"}],"neow_cost":"TEN_PERCENT_HP_LOSS","seed_source_timestamp":2658289202223,"circlet_count":0,"master_deck":["Defend_G","Defend_G","Defend_G","Strike_G","Survivor","Neutralize","Choke","HandOfGreed+1","Prepared","Terror","Flying Knee","Slice","Leg Sweep","Well Laid Plans","Reflex","Backstab","Night Terror","Acrobatics","Prepared","Endless Agony","Phantasmal Killer+1"],"relics":["Ring of the Serpent","Meat on the Bone","Singing Bowl","Omamori","Boot","Toy Ornithopter"],"potions_floor_usage":[6,6,8,16,19],"damage_taken":[{"damage":3,"enemies":"2 Louse","floor":1,"turns":3},{"damage":1,"enemies":"Jaw Worm","floor":4,"turns":2},{"damage":0,"enemies":"Small Slimes","floor":5,"turns":2},{"damage":29,"enemies":"3 Sentries","floor":6,"turns":9},{"damage":5,"enemies":"2 Fungi Beasts","floor":8,"turns":3},{"damage":27,"enemies":"Lagavulin","floor":10,"turns":5},{"damage":0,"enemies":"Exordium Thugs","floor":11,"turns":4},{"damage":10,"enemies":"Gremlin Gang","floor":14,"turns":5},{"damage":15,"enemies":"Slime Boss","floor":16,"turns":8},{"damage":25,"enemies":"2 Thieves","floor":18,"turns":5},{"damage":24,"enemies":"3 Byrds","floor":19,"turns":4},{"damage":29,"enemies":"Gremlin Leader","floor":24,"turns":4}],"seed_played":"-3695117801733164912","potions_obtained":[{"floor":1,"key":"SteroidPotion"},{"floor":4,"key":"Block Potion"},{"floor":5,"key":"Poison Potion"},{"floor":6,"key":"PowerPotion"},{"floor":18,"key":"Energy Potion"}],"is_trial":false,"path_per_floor":["M","?","$","M","M","E","$","M","T","E","M","?","R","M","R","B",null,"M","M","$","?","?","R","E"],"character_chosen":"THE_SILENT","items_purchased":["HandOfGreed","Prepared","Boot","Toy Ornithopter","Prepared"],"campfire_rested":1,"item_purchase_floors":[3,3,20,20,20],"current_hp_per_floor":[60,60,60,59,59,30,30,37,37,22,34,34,34,36,54,39,63,38,28,28,28,28,28,0],"gold":0,"neow_bonus":"REMOVE_TWO","is_prod":false,"is_daily":false,"chose_seed":false,"campfire_upgraded":2,"win_rate":0,"timestamp":1546889781,"path_taken":["M","?","$","M","M","E","$","M","T","E","M","?","R","M","R","BOSS","M","M","$","?","?","R","E"],"build_version":"2019-01-03v4","purchased_purges":2,"victory":false,"max_hp_per_floor":[63,63,63,63,63,63,63,63,63,63,63,63,63,63,63,63,63,63,65,65,65,65,65,65],"card_choices":[{"not_picked":["Well Laid Plans","Deflect"],"picked":"Choke","floor":1},{"not_picked":["Blade Dance","Deadly Poison"],"picked":"Terror","floor":4},{"not_picked":["Sucker Punch","Cloak And Dagger"],"picked":"Flying Knee","floor":5},{"not_picked":["Accuracy","Predator"],"picked":"Slice","floor":6},{"not_picked":["PiercingWail","Backflip"],"picked":"Leg Sweep","floor":8},{"not_picked":["Quick Slash","Acrobatics"],"picked":"Well Laid Plans","floor":10},{"not_picked":["Blade Dance","Grand Finale"],"picked":"Reflex","floor":11},{"not_picked":["Poisoned Stab","Blade Dance"],"picked":"Backstab","floor":14},{"not_picked":["Unload","Wraith Form v2"],"picked":"Night Terror","floor":16},{"not_picked":["Deflect+1","Finisher"],"picked":"Acrobatics","floor":18},{"not_picked":["Distraction","All Out Attack","Deadly Poison"],"picked":"Singing Bowl","floor":19}],"player_experience":178602,"relics_obtained":[{"floor":6,"key":"Meat on the Bone"},{"floor":9,"key":"Singing Bowl"},{"floor":10,"key":"Omamori"}],"event_choices":[{"damage_healed":0,"gold_gain":175,"player_choice":"AGREE","damage_taken":0,"max_hp_gain":0,"max_hp_loss":0,"event_name":"Liars Game","floor":2,"gold_loss":0,"cards_obtained":["Doubt"]},{"cards_removed":["Defend_G"],"damage_healed":0,"gold_gain":0,"player_choice":"Forget","damage_taken":0,"max_hp_gain":0,"max_hp_loss":0,"event_name":"Living Wall","floor":12,"gold_loss":0},{"damage_healed":0,"gold_gain":0,"cards_transformed":["Strike_G","Strike_G"],"player_choice":"Became Test Subject","damage_taken":0,"max_hp_gain":0,"max_hp_loss":0,"event_name":"Drug Dealer","floor":21,"gold_loss":0,"cards_obtained":["Endless Agony","Phantasmal Killer"]},{"damage_healed":0,"gold_gain":0,"player_choice":"Paid Fearfully","damage_taken":0,"max_hp_gain":0,"max_hp_loss":0,"event_name":"Masked Bandits","floor":22,"gold_loss":52}],"is_beta":true,"boss_relics":[{"not_picked":["Runic Dome","Tiny House"],"picked":"Ring of the Serpent"}],"items_purged_floors":[3,7],"is_endless":false,"potions_floor_spawned":[1,4,5,6,18],"killed_by":"Gremlin Leader","ascension_level":4}