{"gold_per_floor":[113,113,131,141,106,106,120,80,125,125,200,24,24,24],"floor_reached":14,"playtime":346,"items_purged":[],"score":156,"play_id":"1cd6a0c7-5691-4bbd-9774-7f661c1b42b6","local_time":"20181222132603","is_ascension_mode":true,"campfire_choices":[{"data":"Neutralize","floor":6,"key":"SMITH"},{"data":"Caltrops","floor":10,"key":"SMITH"}],"neow_cost":"NONE","seed_source_timestamp":848253210039878,"circlet_count":0,"master_deck":["AscendersBane","Defend_G","Defend_G","Defend_G","Defend_G","Defend_G","Strike_G+1","Strike_G+1","Strike_G","Strike_G","Strike_G","Survivor","Neutralize+1","Cloak And Dagger","Caltrops+1","Backstab","A Thousand Cuts"],"relics":["Ring of the Snake","Vajra","Snake Skull"],"potions_floor_usage":[14],"damage_taken":[{"damage":2,"enemies":"Small Slimes","floor":1,"turns":3},{"damage":3,"enemies":"2 Louse","floor":3,"turns":3},{"damage":2,"enemies":"Jaw Worm","floor":4,"turns":5},{"damage":9,"enemies":"3 Louse","floor":7,"turns":4},{"damage":0,"enemies":"Looter","floor":8,"turns":4},{"damage":22,"enemies":"Gremlin Nob","floor":14,"turns":4}],"seed_played":"3066515343361895299","potions_obtained":[{"floor":3,"key":"Weak Potion"},{"floor":7,"key":"Weak Potion"}],"is_trial":false,"path_per_floor":["M","?","M","M","?","R","M","M","T","R","?","$","?","E"],"character_chosen":"THE_SILENT","items_purchased":["A Thousand Cuts"],"campfire_rested":0,"item_purchase_floors":[12],"current_hp_per_floor":[63,41,38,36,54,54,45,45,45,45,34,34,23,1],"gold":24,"neow_bonus":"TEN_PERCENT_HP_BONUS","is_prod":false,"is_daily":false,"chose_seed":false,"campfire_upgraded":2,"win_rate":0,"timestamp":1545503163,"path_taken":["M","?","M","M","?","R","M","M","T","R","?","?","?","E"],"build_version":"2018-12-20","purchased_purges":0,"victory":false,"max_hp_per_floor":[72,72,72,72,72,72,72,72,72,72,72,72,72,72],"card_choices":[{"not_picked":["Sucker Punch","Acrobatics"],"picked":"Cloak And Dagger","floor":1},{"not_picked":["Reflex","Underhanded Strike"],"picked":"Caltrops","floor":3},{"not_picked":["Masterful Stab","Flechettes","Riddle With Holes"],"picked":"SKIP","floor":4},{"not_picked":["Acrobatics","Blade Dance","Dagger Throw"],"picked":"SKIP","floor":7},{"not_picked":["Prepared","PiercingWail"],"picked":"Backstab","floor":8}],"player_experience":910097,"relics_obtained":[{"floor":9,"key":"Vajra"}],"event_choices":[{"damage_healed":0,"gold_gain":0,"player_choice":"Entered Light","damage_taken":22,"max_hp_gain":0,"max_hp_loss":0,"event_name":"Shining Light","floor":2,"gold_loss":0,"cards_upgraded":["Strike_G","Strike_G"]},{"damage_healed":18,"gold_gain":0,"player_choice":"Healed","damage_taken":0,"max_hp_gain":0,"max_hp_loss":0,"event_name":"The Cleric","floor":5,"gold_loss":35},{"damage_healed":0,"gold_gain":75,"player_choice":"Gather Gold","damage_taken":11,"max_hp_gain":0,"max_hp_loss":0,"event_name":"World of Goop","floor":11,"gold_loss":0},{"damage_healed":0,"gold_gain":0,"player_choice":"Success","damage_taken":11,"relics_obtained":["Snake Skull"],"max_hp_gain":0,"max_hp_loss":0,"event_name":"Scrap Ooze","floor":13,"gold_loss":0}],"is_beta":true,"boss_relics":[],"items_purged_floors":[],"is_endless":false,"potions_floor_spawned":[3,7],"killed_by":"Gremlin Nob","ascension_level":20}