{"gold_per_floor":[116,127,47,65,84,84,112,112,112,112,112,138,138,138,138,212,212,231,231,331,350,350,362,391,403,466,496,508,520,544,323,323,399,399,411,260,260,271,281,281,298,326,351,379,379,413,431,431,431,431,431,431,431,13,41,41],"floor_reached":57,"playtime":4127,"items_purged":["Writhe","Strike_G"],"score":2996,"play_id":"a62eb163-5377-4088-aae1-b4a11620a955","local_time":"20190327201825","is_ascension_mode":true,"campfire_choices":[{"data":"Catalyst","floor":6.0,"key":"SMITH"},{"data":"Noxious Fumes","floor":8.0,"key":"SMITH"},{"floor":13.0,"key":"REST"},{"data":"Backflip","floor":15.0,"key":"SMITH"},{"data":"Wraith Form v2","floor":23.0,"key":"SMITH"},{"data":"Bouncing Flask","floor":25.0,"key":"SMITH"},{"data":"Well Laid Plans","floor":28.0,"key":"SMITH"},{"floor":32.0,"key":"REST"},{"floor":40.0,"key":"RECALL"},{"data":"After Image","floor":49.0,"key":"SMITH"},{"floor":53.0,"key":"REST"}],"neow_cost":"NONE","seed_source_timestamp":1229029824010558,"circlet_count":0,"master_deck":["AscendersBane","Defend_G","Defend_G","Defend_G","Defend_G","Defend_G+1","Strike_G+1","Strike_G","Strike_G+1","Survivor","Neutralize","Calculated Gamble","Noxious Fumes+1","Backflip+1","Catalyst+1","After Image+1","Leg Sweep+1","Wraith Form v2+1","Bouncing Flask+1","Well Laid Plans+1","Acrobatics","Predator+1","Backflip","Dark Shackles+1","PiercingWail","PiercingWail","Catalyst+1","Predator","Acrobatics+1","Panacea","Wraith Form v2"],"special_seed":0,"relics":["Runic Dome","Snake Skull","PreservedInsect","Matryoshka","Whetstone","Sozu","Torii","Mummified Hand","MawBank","Shuriken","Omamori","Vajra","Nunchaku","Snecko Eye","Mercury Hourglass","Pen Nib","Dodecahedron","War Paint","Unceasing Top"],"potions_floor_usage":[56,56],"damage_taken":[{"damage":1.0,"enemies":"Cultist","floor":1.0,"turns":4.0},{"damage":2.0,"enemies":"Jaw Worm","floor":2.0,"turns":4.0},{"damage":8.0,"enemies":"Small Slimes","floor":4.0,"turns":4.0},{"damage":0.0,"enemies":"Blue Slaver","floor":5.0,"turns":5.0},{"damage":21.0,"enemies":"3 Sentries","floor":7.0,"turns":9.0},{"damage":0.0,"enemies":"Lagavulin","floor":12.0,"turns":7.0},{"damage":6.0,"enemies":"The Guardian","floor":16.0,"turns":8.0},{"damage":2.0,"enemies":"Shell Parasite","floor":18.0,"turns":7.0},{"damage":20.0,"enemies":"Colosseum Slavers","floor":20.0,"turns":5.0},{"damage":13.0,"enemies":"Colosseum Nobs","floor":20.0,"turns":4.0},{"damage":0.0,"enemies":"Chosen","floor":21.0,"turns":5.0},{"damage":0.0,"enemies":"3 Cultists","floor":24.0,"turns":5.0},{"damage":9.0,"enemies":"Snake Plant","floor":27.0,"turns":3.0},{"damage":1.0,"enemies":"Snecko","floor":30.0,"turns":5.0},{"damage":8.0,"enemies":"Champ","floor":33.0,"turns":9.0},{"damage":0.0,"enemies":"3 Darklings","floor":35.0,"turns":5.0},{"damage":0.0,"enemies":"Orb Walker","floor":38.0,"turns":4.0},{"damage":0.0,"enemies":"4 Shapes","floor":39.0,"turns":5.0},{"damage":8.0,"enemies":"Transient","floor":41.0,"turns":6.0},{"damage":0.0,"enemies":"Giant Head","floor":42.0,"turns":4.0},{"damage":0.0,"enemies":"Reptomancer","floor":44.0,"turns":3.0},{"damage":0.0,"enemies":"Nemesis","floor":46.0,"turns":5.0},{"damage":6.0,"enemies":"Maw","floor":47.0,"turns":5.0},{"damage":30.0,"enemies":"Awakened One","floor":50.0,"turns":15.0},{"damage":25.0,"enemies":"Time Eater","floor":51.0,"turns":7.0},{"damage":0.0,"enemies":"Shield and Spear","floor":55.0,"turns":6.0},{"damage":0,"enemies":"The Heart","floor":56,"turns":7}],"seed_played":"-6842769766079507989","potions_obtained":[{"floor":1.0,"key":"Poison Potion"},{"floor":4.0,"key":"GhostInAJar"},{"floor":12.0,"key":"Swift Potion"}],"is_trial":false,"path_per_floor":["M","M","$","M","M","R","E","R","T","?","?","E","R","?","R","B",null,"M","?","?","M","?","R","M","R","T","M","R","T","M","$","R","B",null,"M","$","?","M","M","R","M","E","T","E","?","E","M","?","R","B","B",null,"R","$","E","B",null],"character_chosen":"THE_SILENT","items_purchased":["Noxious Fumes","Backflip","Dark Shackles","PiercingWail","Panacea","War Paint","Wraith Form v2"],"campfire_rested":3,"item_purchase_floors":[3,31,31,36,54,54,54],"current_hp_per_floor":[58,56,56,48,48,48,27,27,27,1,1,1,20,20,20,14,53,51,51,18,18,18,18,18,18,18,9,9,9,8,8,27,19,54,54,54,76,76,76,76,68,68,68,68,68,68,62,62,62,32,7,59,76,76,76,76],"gold":41,"neow_bonus":"BOSS_RELIC","is_prod":false,"is_daily":false,"chose_seed":false,"campfire_upgraded":7,"win_rate":0,"timestamp":1553732305,"path_taken":["M","M","?","M","M","R","E","R","T","?","?","E","R","?","R","BOSS","M","?","?","M","?","R","M","R","T","M","R","?","?","$","R","BOSS","M","$","?","M","?","R","M","E","T","E","?","E","M","?","R","BOSS","BOSS","R","$","E","BOSS"],"build_version":"2019-03-15","purchased_purges":2,"victory":true,"max_hp_per_floor":[66,66,66,66,66,66,66,66,66,66,66,66,66,66,66,66,66,66,66,66,66,66,66,66,66,66,66,66,66,66,66,66,66,66,66,66,76,76,76,76,76,76,76,76,76,76,76,76,76,76,76,76,76,76,76,76],"card_choices":[{"not_picked":["Reflex","Blade Dance"],"picked":"Calculated Gamble","floor":1.0},{"not_picked":["Bane","Deflect","Sucker Punch"],"picked":"SKIP","floor":2.0},{"not_picked":["PiercingWail","Dagger Spray"],"picked":"Backflip","floor":4.0},{"not_picked":["Sucker Punch","Accuracy"],"picked":"Catalyst","floor":5.0},{"not_picked":["Terror","Heel Hook"],"picked":"After Image","floor":7.0},{"not_picked":["Dodge and Roll","Accuracy"],"picked":"Leg Sweep","floor":12.0},{"not_picked":["Phantasmal Killer","Storm of Steel"],"picked":"Wraith Form v2","floor":16.0},{"not_picked":["Crippling Poison","Footwork"],"picked":"Bouncing Flask","floor":18.0},{"not_picked":["Bouncing Flask","Sucker Punch"],"picked":"Acrobatics","floor":20.0},{"not_picked":["Underhanded Strike","Outmaneuver","Quick Slash"],"picked":"SKIP","floor":21.0},{"not_picked":["Reflex","Prepared"],"picked":"Predator+1","floor":24.0},{"not_picked":["Poisoned Stab","Flechettes","Backstab"],"picked":"SKIP","floor":27.0},{"not_picked":["Eviscerate","Setup","Expertise"],"picked":"SKIP","floor":30.0},{"not_picked":["Envenom","Bullet Time"],"picked":"Adrenaline","floor":33.0},{"not_picked":["Poisoned Stab","Setup"],"picked":"PiercingWail","floor":35.0},{"not_picked":["Reflex+1","Poisoned Stab"],"picked":"Catalyst+1","floor":38.0},{"not_picked":["Dagger Spray","Accuracy"],"picked":"Predator","floor":39.0},{"not_picked":["Blade Dance","Flechettes"],"picked":"Acrobatics+1","floor":41.0},{"not_picked":["Distraction","Bullet Time","Noxious Fumes"],"picked":"SKIP","floor":42.0},{"not_picked":["Riddle With Holes","Well Laid Plans+1","Blade Dance"],"picked":"SKIP","floor":44.0},{"not_picked":["Unload","Cloak And Dagger","Heel Hook"],"picked":"SKIP","floor":46.0},{"not_picked":["Cloak And Dagger","Sucker Punch","Escape Plan"],"picked":"SKIP","floor":47.0},{"not_picked":["Quick Slash","Dash","Well Laid Plans"],"picked":"SKIP","floor":55.0}],"player_experience":1318157,"relics_obtained":[{"floor":7.0,"key":"Snake Skull"},{"floor":9.0,"key":"PreservedInsect"},{"floor":12.0,"key":"Whetstone"},{"floor":20.0,"key":"Torii"},{"floor":20.0,"key":"Mummified Hand"},{"floor":26.0,"key":"Shuriken"},{"floor":26.0,"key":"Omamori"},{"floor":29.0,"key":"Vajra"},{"floor":29.0,"key":"Nunchaku"},{"floor":42.0,"key":"Mercury Hourglass"},{"floor":44.0,"key":"Pen Nib"},{"floor":46.0,"key":"Dodecahedron"},{"floor":55.0,"key":"Unceasing Top"}],"event_choices":[{"damage_healed":0.0,"max_hp_gain":0.0,"max_hp_loss":0.0,"gold_gain":0.0,"event_name":"Scrap Ooze","player_choice":"Success","floor":10.0,"gold_loss":0.0,"damage_taken":26.0,"relics_obtained":["Matryoshka"]},{"damage_healed":0.0,"max_hp_gain":0.0,"max_hp_loss":0.0,"gold_gain":0.0,"event_name":"Dead Adventurer","player_choice":"Searched \u00270\u0027 times","floor":11.0,"gold_loss":0.0,"damage_taken":0.0},{"damage_healed":0.0,"max_hp_gain":0.0,"max_hp_loss":0.0,"gold_gain":0.0,"event_name":"Living Wall","player_choice":"Grow","floor":14.0,"gold_loss":0.0,"damage_taken":0.0,"cards_upgraded":["Leg Sweep"]},{"damage_healed":0.0,"max_hp_gain":0.0,"max_hp_loss":0.0,"gold_gain":0.0,"event_name":"The Library","player_choice":"Read","floor":19.0,"gold_loss":0.0,"damage_taken":0.0,"cards_obtained":["Well Laid Plans"]},{"damage_healed":0.0,"max_hp_gain":0.0,"max_hp_loss":0.0,"gold_gain":0.0,"event_name":"Colosseum","player_choice":"Fight","floor":20.0,"gold_loss":0.0,"damage_taken":0.0},{"damage_healed":0.0,"max_hp_gain":0.0,"max_hp_loss":0.0,"gold_gain":0.0,"event_name":"Colosseum","player_choice":"Fought Nobs","floor":20.0,"gold_loss":0.0,"damage_taken":0.0},{"damage_healed":0.0,"max_hp_gain":0.0,"max_hp_loss":0.0,"gold_gain":0.0,"event_name":"The Mausoleum","player_choice":"Opened","floor":22.0,"gold_loss":0.0,"damage_taken":0.0,"relics_obtained":["MawBank"],"cards_obtained":["Writhe"]},{"cards_removed":["Adrenaline"],"damage_healed":12.0,"max_hp_gain":10.0,"max_hp_loss":0.0,"gold_gain":0.0,"event_name":"Bonfire Elementals","player_choice":"Offered Rare","floor":37.0,"gold_loss":0.0,"damage_taken":0.0},{"damage_healed":0.0,"max_hp_gain":0.0,"max_hp_loss":0.0,"gold_gain":0.0,"event_name":"Tomb of Lord Red Mask","player_choice":"Ignored","floor":45.0,"gold_loss":0.0,"damage_taken":0.0},{"cards_removed":["Strike_G"],"damage_healed":0.0,"max_hp_gain":0.0,"max_hp_loss":0.0,"gold_gain":0.0,"event_name":"Falling","player_choice":"Removed Attack","floor":48.0,"gold_loss":0.0,"damage_taken":0.0}],"is_beta":true,"boss_relics":[{"not_picked":["Orrery","Ectoplasm"],"picked":"Sozu"},{"not_picked":["Velvet Choker","Empty Cage"],"picked":"Snecko Eye"}],"items_purged_floors":[31,36],"is_endless":false,"potions_floor_spawned":[1,4,5,12,16,20,24,30,33,35,38,39,46,55],"ascension_level":20}