{"gold_per_floor":[110,120,120,133,143,159,177,177,177,177,196,226,236,236],"floor_reached":14,"playtime":427,"items_purged":[],"score":101,"play_id":"82ae2832-ce9e-4a31-9f77-a88909ed91d6","local_time":"20190228030411","is_ascension_mode":true,"campfire_choices":[{"data":"Sucker Punch","floor":8,"key":"SMITH"},{"data":"Neutralize","floor":10,"key":"SMITH"}],"neow_cost":"NONE","seed_source_timestamp":645156581152925,"circlet_count":0,"master_deck":["Defend_G","Defend_G","Defend_G","Defend_G","Defend_G","Strike_G","Strike_G","Strike_G","Strike_G","Strike_G","Survivor","Neutralize+1","Flying Knee","Sucker Punch+1","Dagger Throw","Dagger Throw","Deadly Poison","Outmaneuver","Dagger Spray"],"relics":["Ring of the Snake","NeowsBlessing","Frozen Egg 2","Mango","Bottled Flame"],"potions_floor_usage":[5,11,12,12],"damage_taken":[{"damage":0,"enemies":"Cultist","floor":1,"turns":1},{"damage":0,"enemies":"Small Slimes","floor":2,"turns":1},{"damage":0,"enemies":"2 Louse","floor":4,"turns":1},{"damage":8,"enemies":"Large Slime","floor":5,"turns":4},{"damage":7,"enemies":"Looter","floor":6,"turns":3},{"damage":12,"enemies":"Gremlin Gang","floor":7,"turns":4},{"damage":7,"enemies":"Exordium Thugs","floor":11,"turns":4},{"damage":39,"enemies":"Lagavulin","floor":12,"turns":6},{"damage":6,"enemies":"Red Slaver","floor":13,"turns":4},{"damage":7,"enemies":"2 Fungi Beasts","floor":14,"turns":1}],"seed_played":"-4220954719213157771","potions_obtained":[{"floor":1,"key":"SteroidPotion"},{"floor":6,"key":"GamblersBrew"},{"floor":7,"key":"Ancient Potion"},{"floor":11,"key":"FearPotion"},{"floor":12,"key":"LiquidBronze"}],"is_trial":false,"path_per_floor":["M","M","T","M","M","M","M","R","T","R","M","E","M","M"],"character_chosen":"THE_SILENT","items_purchased":[],"campfire_rested":0,"item_purchase_floors":[],"current_hp_per_floor":[70,70,70,70,62,55,43,43,57,57,50,11,5,0],"gold":236,"neow_bonus":"THREE_ENEMY_KILL","is_prod":false,"is_daily":false,"chose_seed":false,"campfire_upgraded":2,"win_rate":0,"timestamp":1551351851,"path_taken":["M","?","?","M","?","M","M","R","T","R","M","E","M","?"],"build_version":"2019-01-23","purchased_purges":0,"victory":false,"max_hp_per_floor":[70,70,70,70,70,70,70,70,84,84,84,84,84,84],"card_choices":[{"not_picked":["Crippling Poison","Bane"],"picked":"Flying Knee","floor":1},{"not_picked":["PiercingWail","Prepared"],"picked":"Sucker Punch","floor":2},{"not_picked":["Deflect","Heel Hook"],"picked":"Dagger Throw","floor":4},{"not_picked":["Poisoned Stab","Bouncing Flask"],"picked":"Dagger Throw","floor":5},{"not_picked":["Terror","Dodge and Roll"],"picked":"Deadly Poison","floor":6},{"not_picked":["Slice","Cloak And Dagger"],"picked":"Outmaneuver","floor":7},{"not_picked":["Outmaneuver","Acrobatics"],"picked":"Dagger Spray","floor":11},{"not_picked":["Blade Dance","Flying Knee","Storm of Steel"],"picked":"SKIP","floor":12},{"not_picked":["Concentrate","Sucker Punch","Dagger Spray"],"picked":"SKIP","floor":13}],"player_experience":283443,"relics_obtained":[{"floor":3,"key":"Frozen Egg 2"},{"floor":9,"key":"Mango"},{"floor":12,"key":"Bottled Flame"}],"event_choices":[],"is_beta":false,"boss_relics":[],"items_purged_floors":[],"is_endless":false,"potions_floor_spawned":[1,6,7,11,12],"killed_by":"2 Fungi Beasts","ascension_level":1}