{"gold_per_floor":[142,165,184,184,164,179,193,243,243,284,284,305,305],"floor_reached":13,"playtime":408,"items_purged":[],"score":170,"play_id":"692fc556-2805-452a-a591-dfbdeba2b02a","local_time":"20190323172015","is_ascension_mode":true,"campfire_choices":[{"data":"Neutralize","floor":11,"key":"SMITH"}],"neow_cost":"NONE","seed_source_timestamp":910621182729813,"circlet_count":0,"master_deck":["AscendersBane","Defend_G","Defend_G","Defend_G","Defend_G","Defend_G","Strike_G","Strike_G","Strike_G","Strike_G","Strike_G","Survivor","Neutralize+1","Flying Knee","Flying Knee","Deadly Poison","Cloak And Dagger"],"special_seed":0,"relics":["Ring of the Snake","Tiny Chest","Oddly Smooth Stone","Golden Idol","StoneCalendar"],"potions_floor_usage":[10,13,13],"damage_taken":[{"damage":2.0,"enemies":"Cultist","floor":1.0,"turns":4.0},{"damage":0.0,"enemies":"2 Louse","floor":3.0,"turns":3.0},{"damage":3.0,"enemies":"Small Slimes","floor":6.0,"turns":5.0},{"damage":1.0,"enemies":"Red Slaver","floor":7.0,"turns":6.0},{"damage":28,"enemies":"3 Sentries","floor":10,"turns":9},{"damage":17,"enemies":"Lots of Slimes","floor":12,"turns":6},{"damage":27,"enemies":"Gremlin Nob","floor":13,"turns":3}],"seed_played":"-2575008304420774835","potions_obtained":[{"floor":1.0,"key":"Explosive Potion"},{"floor":5.0,"key":"GamblersBrew"},{"floor":12,"key":"FearPotion"}],"is_trial":false,"path_per_floor":["M","T","M","?","?","M","M","?","T","E","R","M","E"],"character_chosen":"THE_SILENT","items_purchased":[],"campfire_rested":0,"item_purchase_floors":[],"current_hp_per_floor":[57,57,57,57,57,54,53,47,47,19,19,2,0],"gold":305,"neow_bonus":"RANDOM_COMMON_RELIC","is_prod":false,"is_daily":false,"chose_seed":false,"campfire_upgraded":1,"win_rate":0,"timestamp":1553376015,"path_taken":["M","?","M","?","?","?","?","?","T","E","R","M","E"],"build_version":"2019-03-15","purchased_purges":0,"victory":false,"max_hp_per_floor":[66,66,66,60,60,60,60,60,60,60,60,60,60],"card_choices":[{"not_picked":["Expertise","Heel Hook","Blade Dance"],"picked":"SKIP","floor":1.0},{"not_picked":["Prepared","Acrobatics","Sucker Punch"],"picked":"SKIP","floor":3.0},{"not_picked":["Deflect","Envenom"],"picked":"Flying Knee","floor":6.0},{"not_picked":["Riddle With Holes","Prepared"],"picked":"Flying Knee","floor":7.0},{"not_picked":["Eviscerate","Cloak And Dagger"],"picked":"Deadly Poison","floor":10},{"not_picked":["Terror","All Out Attack"],"picked":"Cloak And Dagger","floor":12}],"player_experience":1205105,"relics_obtained":[{"floor":2.0,"key":"Oddly Smooth Stone"},{"floor":10,"key":"StoneCalendar"}],"event_choices":[{"damage_healed":0.0,"max_hp_gain":0.0,"max_hp_loss":6.0,"gold_gain":0.0,"event_name":"Golden Idol","player_choice":"Lose Max HP","floor":4.0,"gold_loss":0.0,"damage_taken":0.0,"relics_obtained":["Golden Idol"]},{"damage_healed":0.0,"max_hp_gain":0.0,"max_hp_loss":0.0,"gold_gain":0.0,"event_name":"The Woman in Blue","player_choice":"Bought 1 Potion","floor":5.0,"gold_loss":0.0,"damage_taken":0.0},{"damage_healed":0.0,"max_hp_gain":0.0,"max_hp_loss":0.0,"gold_gain":50.0,"event_name":"FaceTrader","player_choice":"Touch","floor":8.0,"gold_loss":0.0,"damage_taken":6.0}],"is_beta":true,"boss_relics":[],"items_purged_floors":[],"is_endless":false,"potions_floor_spawned":[1,7,12],"killed_by":"Gremlin Nob","ascension_level":20}