{"gold_per_floor":[114,130,149,74,87,87,99,99,168,168,197,197,212,227,227,303,303,317,335,62,73,90,90],"floor_reached":23,"playtime":1232,"items_purged":["Strike_B"],"score":345,"play_id":"0b6655bc-7ae3-4662-b3f9-72cf65b8de1a","local_time":"20190114194246","is_ascension_mode":true,"campfire_choices":[{"data":"Defragment","floor":6.0,"key":"SMITH"},{"data":"Dualcast","floor":8.0,"key":"SMITH"},{"data":"Zap","floor":10.0,"key":"SMITH"},{"data":"Static Discharge","floor":12.0,"key":"SMITH"},{"floor":15.0,"key":"REST"}],"neow_cost":"TEN_PERCENT_HP_LOSS","seed_source_timestamp":0,"circlet_count":0,"master_deck":["AscendersBane","Strike_B","Defend_B","Defend_B","Defend_B","Defend_B","Zap+1","Dualcast+1","Buffer","Static Discharge+1","Conserve Battery","Ball Lightning","Defragment+1","Conserve Battery","Coolheaded","Hologram","Electrodynamics","White Noise","Go for the Eyes","Defragment","Defragment+1","Consume"],"special_seed":0,"relics":["Cracked Core","Bottled Lightning","Emotion Chip","Inserter","DollysMirror"],"potions_floor_usage":[23,23],"damage_taken":[{"damage":1.0,"enemies":"Cultist","floor":1.0,"turns":4.0},{"damage":0.0,"enemies":"Small Slimes","floor":2.0,"turns":3.0},{"damage":7.0,"enemies":"Jaw Worm","floor":3.0,"turns":3.0},{"damage":7.0,"enemies":"3 Louse","floor":5.0,"turns":4.0},{"damage":6.0,"enemies":"Blue Slaver","floor":7.0,"turns":3.0},{"damage":12.0,"enemies":"Gremlin Nob","floor":11.0,"turns":4.0},{"damage":10.0,"enemies":"Lots of Slimes","floor":13.0,"turns":3.0},{"damage":0.0,"enemies":"Gremlin Gang","floor":14.0,"turns":1.0},{"damage":12.0,"enemies":"Hexaghost","floor":16.0,"turns":9.0},{"damage":7.0,"enemies":"3 Byrds","floor":18.0,"turns":2.0},{"damage":5.0,"enemies":"Shell Parasite","floor":19.0,"turns":8.0},{"damage":6.0,"enemies":"3 Cultists","floor":21.0,"turns":4.0},{"damage":20.0,"enemies":"Shelled Parasite and Fungi","floor":22.0,"turns":4.0},{"damage":23,"enemies":"Slavers","floor":23,"turns":2}],"seed_played":"-7730950868922372369","potions_obtained":[{"floor":2.0,"key":"Explosive Potion"},{"floor":11.0,"key":"Strength Potion"},{"floor":16.0,"key":"Explosive Potion"},{"floor":18.0,"key":"Energy Potion"},{"floor":21.0,"key":"Poison Potion"}],"is_trial":false,"path_per_floor":["M","M","M","$","M","R","M","R","T","R","E","R","M","M","R","B",null,"M","M","$","M","M","E"],"character_chosen":"DEFECT","items_purchased":["Defragment","DollysMirror"],"campfire_rested":1,"item_purchase_floors":[20,20],"current_hp_per_floor":[63,63,56,56,49,49,43,43,43,43,31,31,21,21,40,28,55,48,43,43,37,17,0],"gold":90,"neow_bonus":"TRANSFORM_TWO_CARDS","is_prod":false,"is_daily":false,"chose_seed":false,"campfire_upgraded":4,"win_rate":0,"timestamp":1547512966,"path_taken":["M","M","M","$","?","R","M","R","T","R","E","R","M","M","R","BOSS","M","M","$","M","M","E"],"build_version":"2019-01-10","purchased_purges":1,"victory":false,"max_hp_per_floor":[64,64,64,64,64,64,64,64,64,64,64,64,64,64,64,64,64,64,64,64,64,64,64],"card_choices":[{"not_picked":["Leap","Sweeping Beam"],"picked":"Conserve Battery","floor":1.0},{"not_picked":["Compile Driver","Coolheaded"],"picked":"Ball Lightning","floor":2.0},{"not_picked":["Hologram","Barrage"],"picked":"Defragment","floor":3.0},{"not_picked":["Redo","Gash","Rebound"],"picked":"SKIP","floor":5.0},{"not_picked":["Lockon","Steam"],"picked":"Conserve Battery","floor":7.0},{"not_picked":["Melter","Double Energy","Steam"],"picked":"SKIP","floor":11.0},{"not_picked":["Aggregate","Buffer"],"picked":"Coolheaded","floor":13.0},{"not_picked":["Recycle","Sweeping Beam"],"picked":"Hologram","floor":14.0},{"not_picked":["Biased Cognition","Core Surge"],"picked":"Electrodynamics","floor":16.0},{"not_picked":["Go for the Eyes","Stack"],"picked":"White Noise","floor":18.0},{"not_picked":["Genetic Algorithm","Streamline"],"picked":"Go for the Eyes","floor":19.0},{"not_picked":["Recycle","Rebound","Turbo"],"picked":"SKIP","floor":21.0},{"not_picked":["Go for the Eyes+1","Stack"],"picked":"Consume","floor":22.0}],"player_experience":422786,"relics_obtained":[{"floor":9.0,"key":"Bottled Lightning"},{"floor":11.0,"key":"Emotion Chip"}],"event_choices":[],"is_beta":false,"boss_relics":[{"not_picked":["Eternal Feather","Tiny House"],"picked":"Inserter"}],"items_purged_floors":[4],"is_endless":false,"potions_floor_spawned":[2,11,13,16,18,21],"killed_by":"Slavers","ascension_level":15}