{"gold_per_floor":[153,78,128,165,198,283,342,342,366,366,395,395,464,577,577,648,648,683,475,475,515,28,86,86,156,180,180,266,266,307,345,345,345],"floor_reached":33,"playtime":2067,"items_purged":["Strike_R","Strike_R"],"score":608,"play_id":"0e7b2a4f-16cf-45f6-95f6-d28c85a1d178","local_time":"20190326230645","is_ascension_mode":true,"campfire_choices":[{"data":"HandOfGreed","floor":8.0,"key":"SMITH"},{"floor":10.0,"key":"REST"},{"data":"Uppercut","floor":12.0,"key":"SMITH"},{"data":"True Grit","floor":15.0,"key":"SMITH"},{"floor":24,"key":"REST"},{"floor":27,"key":"REST"},{"floor":32,"key":"REST"}],"neow_cost":"CURSE","seed_source_timestamp":0,"circlet_count":0,"master_deck":["AscendersBane","Strike_R","Strike_R","Strike_R","Defend_R","Defend_R","Defend_R","Defend_R","Bash","Dramatic Entrance","HandOfGreed+1","Uppercut+1","Ghostly Armor","True Grit+1","Shockwave+1","Shockwave","Feel No Pain","Whirlwind","Offering","Spot Weakness","Shrug It Off","Shrug It Off","Feel No Pain","Burning Pact","Havoc","Shrug It Off","Battle Trance"],"special_seed":0,"relics":["Burning Blood","Art of War","Lantern","Strawberry","Runic Pyramid","Mango","Shuriken","Pen Nib","Dream Catcher"],"potions_floor_usage":[28,28],"damage_taken":[{"damage":5.0,"enemies":"Small Slimes","floor":1.0,"turns":4.0},{"damage":1.0,"enemies":"Cultist","floor":4.0,"turns":4.0},{"damage":4.0,"enemies":"Jaw Worm","floor":5.0,"turns":2.0},{"damage":43.0,"enemies":"3 Sentries","floor":6.0,"turns":15.0},{"damage":21.0,"enemies":"Exordium Wildlife","floor":7.0,"turns":5.0},{"damage":21.0,"enemies":"Gremlin Nob","floor":11.0,"turns":4.0},{"damage":1.0,"enemies":"2 Fungi Beasts","floor":13.0,"turns":6.0},{"damage":12.0,"enemies":"Lots of Slimes","floor":14.0,"turns":10.0},{"damage":36.0,"enemies":"Hexaghost","floor":16.0,"turns":11.0},{"damage":30,"enemies":"Spheric Guardian","floor":18,"turns":8},{"damage":6,"enemies":"Chosen","floor":21,"turns":3},{"damage":42,"enemies":"Book of Stabbing","floor":23,"turns":7},{"damage":15,"enemies":"Sentry and Sphere","floor":25,"turns":6},{"damage":30,"enemies":"3 Cultists","floor":28,"turns":7},{"damage":11,"enemies":"Centurion and Healer","floor":30,"turns":7},{"damage":6,"enemies":"Snake Plant","floor":31,"turns":4},{"damage":91,"enemies":"Champ","floor":33,"turns":15}],"seed_played":"5155679570209084695","potions_obtained":[{"floor":5.0,"key":"Regen Potion"},{"floor":7.0,"key":"AttackPotion"},{"floor":11.0,"key":"AttackPotion"},{"floor":23,"key":"EssenceOfSteel"},{"floor":28,"key":"Ancient Potion"}],"is_trial":false,"path_per_floor":["M","?","?","M","M","E","M","R","T","R","E","R","M","M","R","B",null,"M","$","?","M","$","E","R","M","T","R","M","?","M","M","R","B"],"character_chosen":"IRONCLAD","items_purchased":["Spot Weakness","AttackPotion","Mango","Shrug It Off"],"campfire_rested":4,"item_purchase_floors":[19,19,22,22],"current_hp_per_floor":[69,69,62,67,69,47,32,32,32,54,46,46,51,45,45,15,65,41,41,41,41,55,19,47,38,38,66,42,42,37,37,65,0],"gold":345,"neow_bonus":"RANDOM_COLORLESS_2","is_prod":false,"is_daily":false,"chose_seed":true,"campfire_upgraded":3,"win_rate":0,"timestamp":1553656005,"path_taken":["M","?","?","M","M","E","M","R","T","R","E","R","M","M","R","BOSS","M","$","?","M","$","E","R","M","T","R","?","?","M","M","R","BOSS"],"build_version":"2019-03-15","purchased_purges":2,"victory":false,"max_hp_per_floor":[75,75,75,75,75,75,75,75,75,75,82,82,82,82,82,82,82,82,82,82,82,96,96,96,96,96,96,96,96,96,96,96,96],"card_choices":[{"not_picked":["Warcry","Thunderclap"],"picked":"Uppercut","floor":1.0},{"not_picked":["Power Through","Flex"],"picked":"Ghostly Armor","floor":4.0},{"not_picked":["Entrench","Body Slam"],"picked":"True Grit","floor":5.0},{"not_picked":["Iron Wave","True Grit"],"picked":"Shockwave","floor":6.0},{"not_picked":["Pommel Strike","Warcry"],"picked":"Shockwave","floor":7.0},{"not_picked":["Armaments","Wild Strike"],"picked":"Feel No Pain","floor":11.0},{"not_picked":["Wild Strike","Thunderclap","Clothesline"],"picked":"SKIP","floor":13.0},{"not_picked":["Brutality","Wild Strike"],"picked":"Whirlwind","floor":14.0},{"not_picked":["Barricade","Dark Embrace"],"picked":"Offering","floor":16.0},{"not_picked":["True Grit","Dual Wield","Warcry"],"picked":"SKIP","floor":18},{"not_picked":["Pommel Strike+1","Clash"],"picked":"Shrug It Off","floor":21},{"not_picked":["Intimidate+1","Warcry"],"picked":"Feel No Pain","floor":23},{"not_picked":["Intimidate","Warcry"],"picked":"Burning Pact","floor":25},{"not_picked":["Sword Boomerang","Juggernaut"],"picked":"Havoc","floor":28},{"not_picked":["Cleave","Dual Wield"],"picked":"Shrug It Off","floor":30},{"not_picked":["Carnage","Fire Breathing","Wild Strike"],"picked":"SKIP","floor":31},{"not_picked":["Flex","Warcry"],"picked":"Battle Trance","floor":32}],"player_experience":1302981,"relics_obtained":[{"floor":6.0,"key":"Art of War"},{"floor":9.0,"key":"Lantern"},{"floor":11.0,"key":"Strawberry"},{"floor":23,"key":"Shuriken"},{"floor":26,"key":"Pen Nib"}],"event_choices":[{"cards_removed":["Injury"],"damage_healed":0.0,"max_hp_gain":0.0,"max_hp_loss":0.0,"gold_gain":0.0,"event_name":"The Cleric","player_choice":"Card Removal","floor":2.0,"gold_loss":75.0,"damage_taken":0.0},{"damage_healed":0.0,"max_hp_gain":0.0,"max_hp_loss":0.0,"gold_gain":50.0,"event_name":"FaceTrader","player_choice":"Touch","floor":3.0,"gold_loss":0.0,"damage_taken":7.0},{"damage_healed":0,"gold_gain":0,"player_choice":"Forge","damage_taken":0,"max_hp_gain":0,"max_hp_loss":0,"event_name":"Accursed Blacksmith","floor":20,"gold_loss":0,"cards_upgraded":["Shockwave"]},{"damage_healed":0,"gold_gain":0,"player_choice":"Gave Potion","damage_taken":0,"relics_obtained":["Dream Catcher"],"max_hp_gain":0,"max_hp_loss":0,"event_name":"WeMeetAgain","floor":29,"gold_loss":0}],"is_beta":true,"boss_relics":[{"not_picked":["Calling Bell","Tiny House"],"picked":"Runic Pyramid"}],"items_purged_floors":[19,22],"is_endless":false,"potions_floor_spawned":[5,7,11,23,28],"killed_by":"Champ","ascension_level":20}