{"gold_per_floor":[361,376,40,40,1,34,34,46,46,81,81,81,81,99,99,176,176,189,205,37,37,53,53,78,78,78,92,107,107,181,181],"floor_reached":31,"playtime":2023,"items_purged":[],"score":526,"play_id":"45a7b8bd-8d22-4b7e-982e-ee21afdf7ba2","local_time":"20181003004859","is_ascension_mode":true,"campfire_choices":[{"data":"Loop","floor":7.0,"key":"SMITH"},{"data":"Dualcast","floor":11.0,"key":"SMITH"},{"data":"Glacier","floor":13.0,"key":"SMITH"},{"data":"Loop","floor":15.0,"key":"SMITH"},{"data":"Hologram","floor":23.0,"key":"SMITH"},{"data":"Seek","floor":25.0,"key":"SMITH"}],"neow_cost":"TEN_PERCENT_HP_LOSS","seed_source_timestamp":419735314637643,"circlet_count":0,"master_deck":["Strike_B","Strike_B+1","Strike_B","Strike_B","Defend_B","Defend_B","Defend_B","Defend_B","Zap","Dualcast+1","AscendersBane","Leap","Sweeping Beam","Glacier+1","Loop+1","Darkness+1","Rip and Tear","Seek+1","Loop+1","Echo Form","Coolheaded+1","Hologram+1","Streamline+1","Coolheaded","Turbo"],"special_seed":0,"relics":["Cracked Core","Pantograph","FaceOfCleric","WingedGreaves","Letter Opener","Lantern","Lizard Tail","Oddly Smooth Stone","Anchor","Question Card","Dodecahedron"],"potions_floor_usage":[],"damage_taken":[{"damage":7.0,"enemies":"Small Slimes","floor":1.0,"turns":4.0},{"damage":1.0,"enemies":"Cultist","floor":2.0,"turns":4.0},{"damage":28.0,"enemies":"3 Sentries","floor":6.0,"turns":11.0},{"damage":0.0,"enemies":"2 Louse","floor":8.0,"turns":2.0},{"damage":6.0,"enemies":"Lagavulin","floor":10.0,"turns":6.0},{"damage":0.0,"enemies":"Exordium Thugs","floor":14.0,"turns":3.0},{"damage":18.0,"enemies":"The Guardian","floor":16.0,"turns":10.0},{"damage":12.0,"enemies":"Shell Parasite","floor":18.0,"turns":10.0},{"damage":9.0,"enemies":"Spheric Guardian","floor":19.0,"turns":7.0},{"damage":5.0,"enemies":"Snake Plant","floor":22.0,"turns":7.0},{"damage":38.0,"enemies":"Slavers","floor":24.0,"turns":8.0},{"damage":8.0,"enemies":"Centurion and Healer","floor":27.0,"turns":10.0},{"damage":0.0,"enemies":"Snecko","floor":28.0,"turns":7.0},{"damage":2.0,"enemies":"Colosseum Slavers","floor":29.0,"turns":4.0},{"damage":12.0,"enemies":"Colosseum Nobs","floor":29.0,"turns":3.0},{"damage":10,"enemies":"Cultist and Chosen","floor":31,"turns":5}],"seed_played":"-9178886065196639783","potions_obtained":[{"floor":1.0,"key":"Swift Potion"},{"floor":2.0,"key":"Fruit Juice"},{"floor":10.0,"key":"Weak Potion"},{"floor":18.0,"key":"SmokeBomb"}],"is_trial":false,"path_per_floor":["M","M","$","?","$","E","R","M","T","E","R","?","R","M","R","B",null,"M","M","$","?","M","R","E","R","T","M","M","?","T"],"character_chosen":"DEFECT","items_purchased":["Pantograph","Glacier","Loop","Oddly Smooth Stone"],"campfire_rested":0,"item_purchase_floors":[3,3,5,20],"current_hp_per_floor":[57,56,56,56,56,29,29,30,30,30,30,8,8,9,9,17,60,49,41,41,76,72,72,35,35,35,28,29,17,17,7],"gold":181,"neow_bonus":"TWO_FIFTY_GOLD","is_prod":false,"is_daily":false,"chose_seed":false,"campfire_upgraded":6,"win_rate":0,"timestamp":1538542139,"path_taken":["M","M","$","?","?","E","R","M","T","E","R","?","R","M","R","BOSS","M","M","$","?","M","R","E","R","T","M","M","?","?","?"],"build_version":"2018-09-27","purchased_purges":0,"victory":false,"max_hp_per_floor":[64,64,64,64,64,65,65,66,66,72,72,72,72,73,73,74,74,75,76,76,76,77,77,78,78,78,79,80,82,82,82],"card_choices":[{"not_picked":["Fusion","Lockon"],"picked":"Leap","floor":1.0},{"not_picked":["Beam Cell","Coolheaded"],"picked":"Sweeping Beam","floor":2.0},{"not_picked":["Coolheaded","Self Repair"],"picked":"Darkness","floor":6.0},{"not_picked":["Stack","Force Field"],"picked":"Rip and Tear","floor":8.0},{"not_picked":["Sweeping Beam","Compile Driver"],"picked":"Seek","floor":10.0},{"not_picked":["Cold Snap","Stack"],"picked":"Loop","floor":14.0},{"not_picked":["Machine Learning","Multi-Cast"],"picked":"Echo Form","floor":16.0},{"not_picked":["Reinforced Body","Undo"],"picked":"Coolheaded+1","floor":18.0},{"not_picked":["Stack","Compile Driver+1"],"picked":"Hologram","floor":19.0},{"not_picked":["Double Energy","Sweeping Beam"],"picked":"Streamline+1","floor":22.0},{"not_picked":["Double Energy","Melter","Machine Learning"],"picked":"SKIP","floor":24.0},{"not_picked":["Hologram+1","Conserve Battery","Rebound"],"picked":"Coolheaded","floor":27.0},{"not_picked":["Reinforced Body","Aggregate","Loop"],"picked":"Turbo","floor":28.0}],"player_experience":913087,"relics_obtained":[{"floor":6.0,"key":"WingedGreaves"},{"floor":9.0,"key":"Letter Opener"},{"floor":10.0,"key":"Lantern"},{"floor":24.0,"key":"Anchor"},{"floor":26.0,"key":"Question Card"},{"floor":30.0,"key":"Dodecahedron"}],"event_choices":[{"event_name":"FaceTrader","player_choice":"Trade","floor":4.0,"damage_taken":0.0},{"event_name":"Shining Light","player_choice":"Entered Light","floor":12.0,"damage_taken":0.0},{"event_name":"Wheel of Change","player_choice":"Full Heal","floor":21.0,"damage_taken":0.0},{"event_name":"Colosseum","player_choice":"Fight","floor":29.0,"damage_taken":0.0},{"event_name":"Colosseum","player_choice":"Fought Nobs","floor":29.0,"damage_taken":0.0}],"is_beta":false,"boss_relics":[{"not_picked":["Calling Bell","Black Star"],"picked":"Lizard Tail"}],"items_purged_floors":[],"is_endless":false,"potions_floor_spawned":[1,2,10,18,29],"killed_by":"Cultist and Chosen","ascension_level":20}