{"gold_per_floor":[212,362,362,376,171,171,191,191,191,191,224,189,230,245,245,245],"floor_reached":16,"playtime":553,"items_purged":["Doubt"],"score":216,"play_id":"57e047f4-d34e-4753-9c7f-6a034e4ab275","local_time":"20190310112511","is_ascension_mode":true,"campfire_choices":[{"data":"Footwork","floor":6,"key":"SMITH"},{"data":"Neutralize","floor":8,"key":"SMITH"},{"data":"Leg Sweep","floor":15,"key":"SMITH"}],"neow_cost":"NONE","seed_source_timestamp":287447658925397,"circlet_count":0,"master_deck":["AscendersBane","Defend_G","Defend_G","Defend_G","Defend_G","Defend_G","Strike_G","Strike_G","Strike_G","Strike_G","Strike_G","Survivor","Neutralize+1","PiercingWail","Infinite Blades","Footwork+1","Leg Sweep+1","Die Die Die","Cloak And Dagger+1","Dagger Spray"],"relics":["Ring of the Snake","Golden Idol","Toxic Egg 2","Regal Pillow","The Specimen"],"potions_floor_usage":[11,16,16],"damage_taken":[{"damage":3,"enemies":"Cultist","floor":1,"turns":4},{"damage":4,"enemies":"Small Slimes","floor":4,"turns":6},{"damage":2,"enemies":"Jaw Worm","floor":7,"turns":6},{"damage":34,"enemies":"Gremlin Nob","floor":11,"turns":6},{"damage":18,"enemies":"3 Sentries","floor":13,"turns":10},{"damage":0,"enemies":"Red Slaver","floor":14,"turns":5},{"damage":19,"enemies":"Hexaghost","floor":16,"turns":11}],"seed_played":"1296487780467346544","potions_obtained":[{"floor":1,"key":"Fire Potion"},{"floor":13,"key":"AttackPotion"},{"floor":14,"key":"Explosive Potion"}],"is_trial":false,"path_per_floor":["M","?","?","M","$","R","M","R","T","?","E","?","E","M","R","B"],"character_chosen":"THE_SILENT","items_purchased":["Footwork","Leg Sweep"],"campfire_rested":0,"item_purchase_floors":[5,5],"current_hp_per_floor":[56,56,56,52,52,52,50,50,50,55,21,37,19,19,19,0],"gold":245,"neow_bonus":"HUNDRED_GOLD","is_prod":false,"is_daily":false,"chose_seed":false,"campfire_upgraded":3,"win_rate":0,"timestamp":1552231511,"path_taken":["M","?","?","M","$","R","M","R","T","?","E","?","E","M","R","BOSS"],"build_version":"2019-02-06","purchased_purges":1,"victory":false,"max_hp_per_floor":[66,66,60,60,60,60,60,60,60,65,65,65,65,65,65,65],"card_choices":[{"not_picked":["Calculated Gamble","Prepared"],"picked":"PiercingWail","floor":1},{"not_picked":["Underhanded Strike","Cloak And Dagger"],"picked":"Infinite Blades","floor":4},{"not_picked":["Sucker Punch","Prepared","Bane"],"picked":"SKIP","floor":7},{"not_picked":["Dagger Throw","Outmaneuver+1"],"picked":"Die Die Die","floor":11},{"not_picked":["Flechettes","Dagger Throw"],"picked":"Cloak And Dagger+1","floor":13},{"not_picked":["Slice","Quick Slash"],"picked":"Dagger Spray","floor":14}],"player_experience":1069965,"relics_obtained":[{"floor":9,"key":"Toxic Egg 2"},{"floor":11,"key":"Regal Pillow"},{"floor":13,"key":"The Specimen"}],"event_choices":[{"damage_healed":0,"gold_gain":150,"player_choice":"AGREE","damage_taken":0,"max_hp_gain":0,"max_hp_loss":0,"event_name":"Liars Game","floor":2,"gold_loss":0,"cards_obtained":["Doubt"]},{"damage_healed":0,"gold_gain":0,"player_choice":"Lose Max HP","damage_taken":0,"relics_obtained":["Golden Idol"],"max_hp_gain":0,"max_hp_loss":6,"event_name":"Golden Idol","floor":3,"gold_loss":0},{"damage_healed":0,"gold_gain":0,"player_choice":"Donut","damage_taken":0,"max_hp_gain":5,"max_hp_loss":0,"event_name":"Big Fish","floor":10,"gold_loss":0},{"damage_healed":16,"gold_gain":0,"player_choice":"Healed","damage_taken":0,"max_hp_gain":0,"max_hp_loss":0,"event_name":"The Cleric","floor":12,"gold_loss":35}],"is_beta":true,"boss_relics":[],"items_purged_floors":[5],"is_endless":false,"potions_floor_spawned":[1,13,14],"killed_by":"Hexaghost","ascension_level":20}