{"gold_per_floor":[116,116,116,135,135,162,4,35,82,110,110,126,49,64,64,167,167,185,185,202,202,218,253,253,253],"floor_reached":25,"playtime":1007,"items_purged":[],"score":290,"play_id":"7ee7b174-1c8f-49cc-a4ba-760c4b3c9583","local_time":"20181125132408","is_ascension_mode":true,"campfire_choices":[{"floor":15,"key":"REST"},{"data":"Defragment","floor":24,"key":"SMITH"}],"neow_cost":"NONE","seed_source_timestamp":302378507437037,"circlet_count":0,"master_deck":["Strike_B","Strike_B","Defend_B","Defend_B+1","Defend_B+1","Defend_B","Zap+1","Dualcast","Chill+1","Ball Lightning","Defragment+1","Beam Cell","Core Surge","Consume","Defragment","Biased Cognition","Conserve Battery","Ball Lightning"],"relics":["Cracked Core","NeowsBlessing","Pantograph","Boot","Singing Bowl","War Paint","Smiling Mask","Inserter","Letter Opener"],"potions_floor_usage":[10,22,22,23,23],"damage_taken":[{"damage":0,"enemies":"Cultist","floor":1,"turns":1},{"damage":0,"enemies":"Small Slimes","floor":4,"turns":1},{"damage":0,"enemies":"Gremlin Nob","floor":6,"turns":1},{"damage":15,"enemies":"3 Sentries","floor":8,"turns":6},{"damage":13,"enemies":"Gremlin Nob","floor":10,"turns":3},{"damage":0,"enemies":"2 Louse","floor":12,"turns":2},{"damage":9,"enemies":"Large Slime","floor":14,"turns":3},{"damage":56,"enemies":"The Guardian","floor":16,"turns":11},{"damage":17,"enemies":"Spheric Guardian","floor":18,"turns":4},{"damage":9,"enemies":"Shell Parasite","floor":20,"turns":4},{"damage":15,"enemies":"3 Cultists","floor":22,"turns":7},{"damage":69,"enemies":"Slavers","floor":23,"turns":7},{"damage":33,"enemies":"Gremlin Leader","floor":25,"turns":4}],"seed_played":"-5796598308446937023","potions_obtained":[{"floor":6,"key":"Swift Potion"},{"floor":8,"key":"Strength Potion"},{"floor":10,"key":"Fire Potion"},{"floor":16,"key":"SpeedPotion"},{"floor":18,"key":"SkillPotion"},{"floor":20,"key":"Regen Potion"},{"floor":22,"key":"Regen Potion"}],"is_trial":false,"path_per_floor":["M","T","?","M","?","E","$","E","T","E","?","M","$","M","R","B",null,"M","?","M","?","M","E","R","E"],"character_chosen":"DEFECT","items_purchased":["Core Surge","Defragment"],"campfire_rested":1,"item_purchase_floors":[7,13],"current_hp_per_floor":[75,75,60,60,60,60,60,47,47,36,36,36,36,29,53,22,81,66,66,59,59,46,22,22,0],"gold":253,"neow_bonus":"THREE_ENEMY_KILL","is_prod":false,"is_daily":false,"chose_seed":false,"campfire_upgraded":1,"win_rate":0,"timestamp":1543170248,"path_taken":["M","?","?","M","?","E","$","E","T","E","?","M","?","?","R","BOSS","M","?","M","?","M","E","R","E"],"build_version":"2018-11-15","purchased_purges":0,"victory":false,"max_hp_per_floor":[75,75,75,75,75,75,75,77,77,79,79,79,79,81,81,81,81,83,83,85,85,87,87,87,87],"card_choices":[{"not_picked":["Steam","Turbo"],"picked":"Chill","floor":1},{"not_picked":["Conserve Battery","Beam Cell"],"picked":"Ball Lightning","floor":4},{"not_picked":["Reinforced Body","Force Field"],"picked":"Beam Cell","floor":6},{"not_picked":["Ball Lightning","Compile Driver","Recycle"],"picked":"Singing Bowl","floor":8},{"not_picked":["Conserve Battery","Compile Driver","Reprogram"],"picked":"Singing Bowl","floor":10},{"not_picked":["Beam Cell","Coolheaded"],"picked":"Consume","floor":12},{"not_picked":["FTL","Amplify","Hologram"],"picked":"Singing Bowl","floor":14},{"not_picked":["Meteor Strike","Seek"],"picked":"Biased Cognition","floor":16},{"not_picked":["Recycle+1","Stack","Steam Power"],"picked":"Singing Bowl","floor":18},{"not_picked":["Blizzard","Sweeping Beam","Conserve Battery"],"picked":"Singing Bowl","floor":20},{"not_picked":["Compile Driver","Blizzard","Steam+1"],"picked":"Singing Bowl","floor":22},{"not_picked":["Gash","Conserve Battery"],"picked":"Ball Lightning","floor":23}],"player_experience":140183,"relics_obtained":[{"floor":2,"key":"Pantograph"},{"floor":6,"key":"Boot"},{"floor":8,"key":"Singing Bowl"},{"floor":9,"key":"War Paint"},{"floor":10,"key":"Smiling Mask"},{"floor":23,"key":"Letter Opener"}],"event_choices":[{"damage_healed":0,"gold_gain":0,"player_choice":"Entered Light","damage_taken":15,"max_hp_gain":0,"max_hp_loss":0,"event_name":"Shining Light","floor":3,"gold_loss":0,"cards_upgraded":["Defend_B","Chill"]},{"damage_healed":0,"gold_gain":0,"cards_transformed":["Strike_B"],"player_choice":"Change","damage_taken":0,"max_hp_gain":0,"max_hp_loss":0,"event_name":"Living Wall","floor":5,"gold_loss":0,"cards_obtained":["Defragment"]},{"damage_healed":0,"gold_gain":0,"player_choice":"Fled","damage_taken":0,"max_hp_gain":0,"max_hp_loss":0,"event_name":"Scrap Ooze","floor":11,"gold_loss":0},{"damage_healed":0,"gold_gain":0,"player_choice":"Ignored","damage_taken":0,"max_hp_gain":0,"max_hp_loss":0,"event_name":"Cursed Tome","floor":19,"gold_loss":0},{"damage_healed":0,"gold_gain":0,"cards_transformed":["Strike_B"],"player_choice":"Transformed","damage_taken":0,"max_hp_gain":0,"max_hp_loss":0,"event_name":"Transmorgrifier","floor":21,"gold_loss":0,"cards_obtained":["Conserve Battery"]}],"is_beta":true,"boss_relics":[{"not_picked":["Astrolabe","Fusion Hammer"],"picked":"Inserter"}],"items_purged_floors":[],"is_endless":false,"potions_floor_spawned":[6,8,10,16,18,20,22],"killed_by":"Gremlin Leader","ascension_level":2}