{"gold_per_floor":[113,78,153,172,189,215,215,265,265,265,275,275,275,300,300,426,426,450,468,99,14,39,39,59,59],"floor_reached":25,"playtime":958,"items_purged":["Barricade"],"score":203,"play_id":"0a1ae382-9841-4bad-9c0b-20721020350a","local_time":"20190129044202","is_ascension_mode":false,"campfire_choices":[{"floor":7,"key":"REST"},{"data":"Spot Weakness","floor":10,"key":"SMITH"},{"data":"Reaper","floor":15,"key":"SMITH"},{"data":"Heavy Blade","floor":23,"key":"SMITH"}],"neow_cost":"NONE","seed_source_timestamp":164238926858063,"circlet_count":0,"master_deck":["Strike_R","Strike_R","Strike_R","Defend_R","Defend_R","Defend_R","Bash","Heavy Blade+1","Spot Weakness+1","Reaper+1","Flex","Immolate+1","Intimidate+1","Sever Soul+1","Flex","Flex+1","Feed"],"relics":["Burning Blood","Sundial","Pear","Golden Idol","Astrolabe","Thread and Needle","Letter Opener"],"potions_floor_usage":[11,14,18,19,25],"damage_taken":[{"damage":46,"enemies":"Cultist","floor":1,"turns":8},{"damage":7,"enemies":"2 Louse","floor":4,"turns":5},{"damage":2,"enemies":"Small Slimes","floor":5,"turns":4},{"damage":40,"enemies":"3 Sentries","floor":6,"turns":7},{"damage":17,"enemies":"3 Louse","floor":11,"turns":4},{"damage":13,"enemies":"Large Slime","floor":14,"turns":6},{"damage":75,"enemies":"Slime Boss","floor":16,"turns":10},{"damage":30,"enemies":"Spheric Guardian","floor":18,"turns":4},{"damage":29,"enemies":"Chosen","floor":19,"turns":6},{"damage":13,"enemies":"Centurion and Healer","floor":22,"turns":5},{"damage":44,"enemies":"Sentry and Sphere","floor":24,"turns":6},{"damage":44,"enemies":"Slavers","floor":25,"turns":2}],"seed_played":"3870002257604474029","potions_obtained":[{"floor":6,"key":"BloodPotion"},{"floor":11,"key":"BloodPotion"},{"floor":16,"key":"SteroidPotion"},{"floor":18,"key":"Ancient Potion"},{"floor":19,"key":"SneckoOil"},{"floor":22,"key":"FearPotion"}],"is_trial":false,"path_per_floor":["M","?","?","M","M","E","R","?","T","R","M","?","?","M","R","B",null,"M","M","$","?","M","R","M","E"],"character_chosen":"IRONCLAD","items_purchased":["Thread and Needle"],"campfire_rested":1,"item_purchase_floors":[20],"current_hp_per_floor":[40,60,49,48,52,18,42,42,52,52,62,62,62,70,70,14,90,66,49,49,49,60,60,22,0],"gold":59,"neow_bonus":"ONE_RANDOM_RARE_CARD","is_prod":false,"is_daily":false,"chose_seed":false,"campfire_upgraded":3,"win_rate":0,"timestamp":1548765722,"path_taken":["M","?","?","M","M","E","R","?","T","R","M","?","?","M","R","BOSS","M","M","$","?","M","R","M","E"],"build_version":"2019-01-23","purchased_purges":1,"victory":false,"max_hp_per_floor":[80,80,80,80,80,80,80,80,90,90,90,90,90,90,90,90,90,90,90,90,90,90,90,90,90],"card_choices":[{"not_picked":["Thunderclap","Shrug It Off","True Grit"],"picked":"SKIP","floor":1},{"not_picked":["Havoc","Iron Wave"],"picked":"Heavy Blade","floor":4},{"not_picked":["Cleave","Headbutt"],"picked":"Spot Weakness","floor":5},{"not_picked":["Warcry","Ghostly Armor"],"picked":"Reaper","floor":6},{"not_picked":["Warcry","Wild Strike"],"picked":"Flex","floor":11},{"not_picked":["Havoc","Rupture","Twin Strike"],"picked":"SKIP","floor":14},{"not_picked":["Warcry","Cleave+1","True Grit"],"picked":"SKIP","floor":18},{"not_picked":["Seeing Red","Sever Soul"],"picked":"Flex","floor":19},{"not_picked":["Armaments","Power Through+1"],"picked":"Flex+1","floor":22},{"not_picked":["Thunderclap","Iron Wave"],"picked":"Feed","floor":24}],"player_experience":217080,"relics_obtained":[{"floor":6,"key":"Sundial"},{"floor":9,"key":"Pear"}],"event_choices":[{"damage_healed":20,"gold_gain":0,"player_choice":"Healed","damage_taken":0,"max_hp_gain":0,"max_hp_loss":0,"event_name":"The Cleric","floor":2,"gold_loss":35},{"damage_healed":0,"gold_gain":75,"player_choice":"Gather Gold","damage_taken":11,"max_hp_gain":0,"max_hp_loss":0,"event_name":"World of Goop","floor":3,"gold_loss":0},{"damage_healed":0,"gold_gain":50,"player_choice":"Gained Gold","damage_taken":0,"max_hp_gain":0,"max_hp_loss":0,"event_name":"Golden Wing","floor":8,"gold_loss":0},{"damage_healed":0,"gold_gain":0,"player_choice":"Take Wound","damage_taken":0,"relics_obtained":["Golden Idol"],"max_hp_gain":0,"max_hp_loss":0,"event_name":"Golden Idol","floor":12,"gold_loss":0,"cards_obtained":["Injury"]},{"cards_removed":["Injury"],"damage_healed":0,"gold_gain":0,"player_choice":"Forget","damage_taken":0,"max_hp_gain":0,"max_hp_loss":0,"event_name":"Living Wall","floor":13,"gold_loss":0},{"damage_healed":0,"gold_gain":0,"player_choice":"Obtained Relic","damage_taken":0,"relics_obtained":["Letter Opener"],"max_hp_gain":0,"max_hp_loss":0,"event_name":"Addict","floor":21,"gold_loss":85}],"is_beta":false,"boss_relics":[{"not_picked":["Ectoplasm","Calling Bell"],"picked":"Astrolabe"}],"items_purged_floors":[20],"is_endless":false,"potions_floor_spawned":[6,11,16,18,19,22],"killed_by":"Slavers","ascension_level":0}