{"gold_per_floor":[112,2,2,2,2,27,27,62,88,101,101,130,55,66,66,66],"floor_reached":16,"playtime":677,"items_purged":["Strike_R"],"score":257,"play_id":"6227dc5f-a22f-4a4f-8d92-7503102e3ea5","local_time":"20190319184409","is_ascension_mode":true,"campfire_choices":[{"floor":7,"key":"REST"},{"floor":11,"key":"REST"},{"data":"True Grit","floor":15,"key":"SMITH"}],"neow_cost":"PERCENT_DAMAGE","seed_source_timestamp":569822394928504,"circlet_count":0,"master_deck":["AscendersBane","Strike_R","Strike_R","Strike_R","Strike_R","Defend_R","Defend_R","Defend_R","Defend_R","Bash+1","Fiend Fire","Shrug It Off","Thunderclap","Iron Wave","True Grit+1","Armaments","Flame Barrier","Headbutt"],"relics":["Burning Blood","Pear","Omamori","Strawberry","Orichalcum","Prayer Wheel"],"potions_floor_usage":[6,8,12,16,16],"damage_taken":[{"damage":9,"enemies":"2 Louse","floor":1,"turns":3},{"damage":40,"enemies":"3 Sentries","floor":6,"turns":11},{"damage":32,"enemies":"Gremlin Nob","floor":8,"turns":4},{"damage":7,"enemies":"Jaw Worm","floor":10,"turns":3},{"damage":20,"enemies":"Lagavulin","floor":12,"turns":5},{"damage":6,"enemies":"Small Slimes","floor":14,"turns":3},{"damage":29,"enemies":"The Guardian","floor":16,"turns":15}],"seed_played":"6980038865538640121","potions_obtained":[{"floor":8,"key":"SkillPotion"},{"floor":10,"key":"Fire Potion"},{"floor":14,"key":"EssenceOfSteel"}],"is_trial":false,"path_per_floor":["M","$","?","?","?","E","R","E","T","M","R","E","$","M","R","B"],"character_chosen":"IRONCLAD","items_purchased":["Fire Potion","AttackPotion"],"campfire_rested":2,"item_purchase_floors":[2,2],"current_hp_per_floor":[47,47,52,52,44,10,37,18,18,17,46,32,32,32,32,3],"gold":66,"neow_bonus":"THREE_RARE_CARDS","is_prod":false,"is_daily":false,"chose_seed":false,"campfire_upgraded":1,"win_rate":0,"timestamp":1553035449,"path_taken":["M","$","?","?","?","E","R","E","T","M","R","E","?","?","R","BOSS"],"build_version":"2019-03-15","purchased_purges":1,"victory":false,"max_hp_per_floor":[75,75,80,80,90,90,90,97,97,97,97,97,97,97,97,97],"card_choices":[{"not_picked":["Offering","Exhume"],"picked":"Fiend Fire","floor":0},{"not_picked":["Reckless Charge","Pummel"],"picked":"Shrug It Off","floor":1},{"not_picked":["Clothesline","Demon Form"],"picked":"Thunderclap","floor":6},{"not_picked":["Second Wind","Body Slam"],"picked":"Iron Wave","floor":8},{"not_picked":["Power Through","Second Wind"],"picked":"True Grit","floor":10},{"not_picked":["True Grit","Rampage"],"picked":"Armaments","floor":12},{"not_picked":["Ghostly Armor","Spot Weakness"],"picked":"Flame Barrier","floor":14},{"not_picked":["Havoc","Twin Strike"],"picked":"Headbutt","floor":14}],"player_experience":1143994,"relics_obtained":[{"floor":6,"key":"Omamori"},{"floor":8,"key":"Strawberry"},{"floor":9,"key":"Orichalcum"},{"floor":12,"key":"Prayer Wheel"}],"event_choices":[{"damage_healed":0,"gold_gain":0,"player_choice":"Donut","damage_taken":0,"max_hp_gain":5,"max_hp_loss":0,"event_name":"Big Fish","floor":3,"gold_loss":0},{"damage_healed":0,"gold_gain":0,"player_choice":"Grow","damage_taken":0,"max_hp_gain":0,"max_hp_loss":0,"event_name":"Living Wall","floor":4,"gold_loss":0,"cards_upgraded":["Bash"]},{"damage_healed":0,"gold_gain":0,"player_choice":"Success","damage_taken":18,"relics_obtained":["Pear"],"max_hp_gain":0,"max_hp_loss":0,"event_name":"Scrap Ooze","floor":5,"gold_loss":0}],"is_beta":true,"boss_relics":[],"items_purged_floors":[13],"is_endless":false,"potions_floor_spawned":[8,10,14],"killed_by":"The Guardian","ascension_level":20}