{"gold_per_floor":[118,138,158,158,158,189,189,216,242,254,285,324,353,385,397,481,493,536,525,487,507,107,137,137,137,137,147,177,177,196,196,196,196],"floor_reached":33,"playtime":1619,"items_purged":["Strike_R","Strike_R"],"score":644,"play_id":"6b607179-ea67-400a-a939-2bb1578b98e4","local_time":"20181009220944","is_ascension_mode":true,"campfire_choices":[{"data":"Armaments","floor":7.0,"key":"SMITH"},{"floor":10.0,"key":"REST"},{"data":"Uppercut","floor":15.0,"key":"SMITH"},{"floor":24.0,"key":"REST"},{"floor":29,"key":"REST"},{"floor":32,"key":"REST"}],"neow_cost":"NONE","seed_source_timestamp":538497924766560,"circlet_count":0,"master_deck":["Strike_R","Strike_R","Defend_R","Defend_R","Defend_R","Defend_R","Bash","AscendersBane","Immolate","Second Wind","Ghostly Armor","Pummel","Armaments+1","Feel No Pain","Feed","Uppercut+1","Feed","Infernal Blade+1","Evolve+1","Rampage","Feed","Battle Trance","Metallicize","Shrug It Off"],"special_seed":0,"relics":["Burning Blood","Anchor","Bag of Marbles","Smiling Mask","MawBank","Art of War","Sozu","Mango","Centennial Puzzle","Self Forming Clay","Juzu Bracelet"],"potions_floor_usage":[33],"damage_taken":[{"damage":1.0,"enemies":"Cultist","floor":1.0,"turns":3.0},{"damage":8.0,"enemies":"Small Slimes","floor":2.0,"turns":3.0},{"damage":8.0,"enemies":"2 Louse","floor":3.0,"turns":3.0},{"damage":31.0,"enemies":"Lagavulin","floor":6.0,"turns":6.0},{"damage":8.0,"enemies":"Large Slime","floor":11.0,"turns":5.0},{"damage":6.0,"enemies":"Gremlin Nob","floor":12.0,"turns":3.0},{"damage":4.0,"enemies":"Red Slaver","floor":13.0,"turns":2.0},{"damage":0.0,"enemies":"3 Louse","floor":14.0,"turns":3.0},{"damage":52.0,"enemies":"Hexaghost","floor":16.0,"turns":14.0},{"damage":33.0,"enemies":"Spheric Guardian","floor":18.0,"turns":6.0},{"damage":4.0,"enemies":"2 Thieves","floor":19.0,"turns":4.0},{"damage":22.0,"enemies":"Chosen and Byrds","floor":21.0,"turns":7.0},{"damage":39.0,"enemies":"Slavers","floor":23.0,"turns":5.0},{"damage":6,"enemies":"Cultist and Chosen","floor":27,"turns":5},{"damage":32,"enemies":"Book of Stabbing","floor":28,"turns":6},{"damage":12,"enemies":"Sentry and Sphere","floor":30,"turns":7},{"damage":107,"enemies":"Automaton","floor":33,"turns":12}],"seed_played":"-2856810393091880504","potions_obtained":[{"floor":1.0,"key":"SteroidPotion"},{"floor":3.0,"key":"FearPotion"},{"floor":11.0,"key":"Energy Potion"},{"floor":13.0,"key":"AttackPotion"},{"floor":16.0,"key":"Explosive Potion"}],"is_trial":false,"path_per_floor":["M","M","M","?","?","E","R","T","T","R","M","E","M","M","R","B",null,"M","M","$","M","$","E","R","?","T","M","E","R","M","?","R"],"character_chosen":"IRONCLAD","items_purchased":["Mango"],"campfire_rested":4,"item_purchase_floors":[22],"current_hp_per_floor":[73,71,69,62,57,32,32,32,32,54,52,52,57,66,66,20,66,43,48,48,35,49,20,52,52,52,59,33,67,67,67,103,0],"gold":196,"neow_bonus":"ONE_RANDOM_RARE_CARD","is_prod":false,"is_daily":false,"chose_seed":false,"campfire_upgraded":2,"win_rate":0,"timestamp":1539137384,"path_taken":["M","M","?","?","?","E","R","?","T","R","M","E","?","?","R","BOSS","M","M","$","?","$","E","R","?","T","M","E","R","M","?","R","BOSS"],"build_version":"2018-10-04v2","purchased_purges":2,"victory":false,"max_hp_per_floor":[75,75,75,75,75,75,75,75,75,75,75,75,78,81,81,81,81,85,88,88,91,105,109,109,109,109,116,116,116,122,122,122,122],"card_choices":[{"not_picked":["Corruption","Blood for Blood"],"picked":"Second Wind","floor":1.0},{"not_picked":["Warcry","Infernal Blade"],"picked":"Ghostly Armor","floor":2.0},{"not_picked":["Perfected Strike","Pommel Strike"],"picked":"Pummel","floor":3.0},{"not_picked":["Havoc","Searing Blow"],"picked":"Armaments","floor":6.0},{"not_picked":["Power Through","Armaments"],"picked":"Feel No Pain","floor":11.0},{"not_picked":["Blood for Blood","Bloodletting"],"picked":"Feed","floor":12.0},{"not_picked":["Warcry","Havoc","Armaments"],"picked":"SKIP","floor":13.0},{"not_picked":["Havoc","Ghostly Armor"],"picked":"Uppercut","floor":14.0},{"not_picked":["Dark Embrace","Barricade"],"picked":"Feed","floor":16.0},{"not_picked":["Anger","Double Tap"],"picked":"Infernal Blade+1","floor":18.0},{"not_picked":["Warcry","Heavy Blade"],"picked":"Evolve+1","floor":19.0},{"not_picked":["Thunderclap","Reckless Charge","Cleave"],"picked":"SKIP","floor":21.0},{"not_picked":["Combust+1","Anger"],"picked":"Rampage","floor":23.0},{"not_picked":["Entrench","Pommel Strike"],"picked":"Metallicize","floor":27},{"not_picked":["Sentinel","Heavy Blade","Anger"],"picked":"SKIP","floor":28},{"not_picked":["Sentinel","Heavy Blade","Anger"],"picked":"SKIP","floor":28},{"not_picked":["Anger","Sentinel","Reckless Charge"],"picked":"SKIP","floor":30}],"player_experience":944311,"relics_obtained":[{"floor":6.0,"key":"Bag of Marbles"},{"floor":8.0,"key":"Smiling Mask"},{"floor":9.0,"key":"MawBank"},{"floor":12.0,"key":"Art of War"},{"floor":23.0,"key":"Centennial Puzzle"},{"floor":26,"key":"Self Forming Clay"},{"floor":28,"key":"Juzu Bracelet"}],"event_choices":[{"event_name":"Golden Wing","player_choice":"Card Removal","floor":4.0,"damage_taken":0.0},{"event_name":"Scrap Ooze","player_choice":"success","floor":5.0,"damage_taken":5.0},{"event_name":"Match and Keep!","player_choice":"2 cards matched","floor":25,"damage_taken":0},{"event_name":"The Library","player_choice":"Read","floor":31,"damage_taken":0}],"is_beta":false,"boss_relics":[{"not_picked":["Orrery","Tiny House"],"picked":"Sozu"}],"items_purged_floors":[20,22],"is_endless":false,"potions_floor_spawned":[1,3,11,13,16,19,23,30],"killed_by":"Automaton","ascension_level":20}