{"gold_per_floor":[110,110,80,98,98,124,141,416,416,298,309,322,322,355,355,433,433,450,461,306,324,249,281,281,308,308,308],"floor_reached":27,"playtime":1462,"items_purged":["Regret","Strike_G"],"score":772,"play_id":"dfa8e686-4caf-401e-a7ca-7bc9d8bae771","local_time":"20190324163753","is_ascension_mode":true,"campfire_choices":[{"data":"Noxious Fumes","floor":13.0,"key":"SMITH"},{"data":"Footwork","floor":15.0,"key":"SMITH"},{"data":"Leg Sweep","floor":24.0,"key":"SMITH"}],"neow_cost":"NONE","seed_source_timestamp":992977317119569,"circlet_count":0,"master_deck":["AscendersBane","Defend_G","Defend_G","Defend_G","Defend_G","Defend_G","Strike_G","Strike_G","Survivor","Neutralize","Footwork+1","Backflip","Noxious Fumes+1","Predator","Blur","Backflip","Deadly Poison","PiercingWail","Corpse Explosion","Dagger Spray","Leg Sweep+1","Leg Sweep","Burst"],"special_seed":0,"relics":["Ring of the Snake","NeowsBlessing","Pocketwatch","Mercury Hourglass","Gremlin Horn","Philosopher\u0027s Stone","Pantograph","Anchor"],"potions_floor_usage":[],"damage_taken":[{"damage":0.0,"enemies":"Jaw Worm","floor":1.0,"turns":1.0},{"damage":0.0,"enemies":"Cultist","floor":4.0,"turns":1.0},{"damage":0.0,"enemies":"Lagavulin","floor":6.0,"turns":1.0},{"damage":0.0,"enemies":"Small Slimes","floor":7.0,"turns":4.0},{"damage":0.0,"enemies":"Looter","floor":11.0,"turns":4.0},{"damage":0.0,"enemies":"Gremlin Gang","floor":12.0,"turns":6.0},{"damage":2.0,"enemies":"3 Sentries","floor":14.0,"turns":6.0},{"damage":0.0,"enemies":"The Guardian","floor":16.0,"turns":13.0},{"damage":0.0,"enemies":"Shell Parasite","floor":18.0,"turns":7.0},{"damage":6.0,"enemies":"Spheric Guardian","floor":19.0,"turns":4.0},{"damage":3.0,"enemies":"Chosen and Byrds","floor":21.0,"turns":7.0},{"damage":3.0,"enemies":"Gremlin Leader","floor":23.0,"turns":6.0},{"damage":0.0,"enemies":"Slavers","floor":25.0,"turns":4.0},{"damage":29,"enemies":"Book of Stabbing","floor":27,"turns":4}],"seed_played":"-4566188608281213819","potions_obtained":[{"floor":3.0,"key":"Explosive Potion"},{"floor":3.0,"key":"SteroidPotion"},{"floor":7.0,"key":"Ancient Potion"},{"floor":11.0,"key":"Strength Potion"},{"floor":16.0,"key":"Swift Potion"}],"is_trial":false,"path_per_floor":["M","?","?","M","?","E","M","?","T","$","M","M","R","E","R","B",null,"M","M","$","M","?","E","R","E","T","E"],"character_chosen":"THE_SILENT","items_purchased":["Blur","AttackPotion"],"campfire_rested":0,"item_purchase_floors":[10,20],"current_hp_per_floor":[59,52,52,52,57,57,57,57,57,57,57,57,57,55,55,55,67,67,61,61,58,58,55,55,55,55,26],"gold":308,"neow_bonus":"THREE_ENEMY_KILL","is_prod":false,"is_daily":false,"chose_seed":false,"campfire_upgraded":3,"win_rate":0,"timestamp":1553459873,"path_taken":["M","?","?","?","?","E","M","?","T","$","M","M","R","E","R","BOSS","M","?","$","M","?","E","R","E","T","E"],"build_version":"2019-03-15","purchased_purges":2,"victory":false,"max_hp_per_floor":[66,66,66,66,71,71,71,71,71,71,71,71,71,71,71,71,71,71,71,71,71,71,71,71,71,71,71],"card_choices":[{"not_picked":["Deadly Poison","Escape Plan"],"picked":"Footwork","floor":1.0},{"not_picked":["Outmaneuver","Bouncing Flask"],"picked":"Backflip","floor":4.0},{"not_picked":["Flechettes","Tactician"],"picked":"Noxious Fumes","floor":6.0},{"not_picked":["Prepared","PiercingWail"],"picked":"Predator","floor":7.0},{"not_picked":["Prepared","Bane"],"picked":"Backflip","floor":11.0},{"not_picked":["Underhanded Strike","Prepared"],"picked":"Deadly Poison","floor":12.0},{"not_picked":["Bane","Blade Dance"],"picked":"PiercingWail","floor":14.0},{"not_picked":["Venomology","Wraith Form v2"],"picked":"Corpse Explosion","floor":16.0},{"not_picked":["Flying Knee","Heel Hook"],"picked":"Dagger Spray","floor":18.0},{"not_picked":["Prepared","Bane+1"],"picked":"Leg Sweep","floor":19.0},{"not_picked":["PiercingWail+1","Blade Dance"],"picked":"Leg Sweep","floor":21.0},{"not_picked":["Endless Agony","Prepared","Infinite Blades"],"picked":"SKIP","floor":23.0},{"not_picked":["Flying Knee+1","Infinite Blades+1"],"picked":"Burst","floor":25.0}],"player_experience":1233471,"relics_obtained":[{"floor":6.0,"key":"Pocketwatch"},{"floor":9.0,"key":"Mercury Hourglass"},{"floor":14.0,"key":"Gremlin Horn"},{"floor":23.0,"key":"Pantograph"},{"floor":25.0,"key":"Anchor"}],"event_choices":[{"cards_removed":["Strike_G"],"damage_healed":0.0,"max_hp_gain":0.0,"max_hp_loss":0.0,"gold_gain":0.0,"event_name":"Golden Wing","player_choice":"Card Removal","floor":2.0,"gold_loss":0.0,"damage_taken":7.0},{"damage_healed":0.0,"max_hp_gain":0.0,"max_hp_loss":0.0,"gold_gain":0.0,"event_name":"The Woman in Blue","player_choice":"Bought 2 Potions","floor":3.0,"gold_loss":0.0,"damage_taken":0.0},{"damage_healed":0.0,"max_hp_gain":5.0,"max_hp_loss":0.0,"gold_gain":0.0,"event_name":"Big Fish","player_choice":"Donut","floor":5.0,"gold_loss":0.0,"damage_taken":0.0},{"damage_healed":0.0,"max_hp_gain":0.0,"max_hp_loss":0.0,"gold_gain":275.0,"event_name":"Golden Shrine","player_choice":"Desecrate","floor":8.0,"gold_loss":0.0,"damage_taken":0.0,"cards_obtained":["Regret"]},{"cards_removed":["Strike_G"],"damage_healed":0.0,"max_hp_gain":0.0,"max_hp_loss":0.0,"gold_gain":0.0,"event_name":"Beggar","player_choice":"Gave Gold","floor":22.0,"gold_loss":75.0,"damage_taken":0.0}],"is_beta":true,"boss_relics":[{"not_picked":["Eternal Feather","WristBlade"],"picked":"Philosopher\u0027s Stone"}],"items_purged_floors":[10,20],"is_endless":false,"potions_floor_spawned":[6,7,11,16,23],"killed_by":"Book of Stabbing","ascension_level":20}