{"gold_per_floor":[110,22,35,35,35,70,70,70,70,145,145,165,177,204,204,278,278,290,180,180,105,119,146,146,146,173,185,14,14,14,46,46,119,119,129,29,29,43,43,63,63,63,88,119,131,155,167,210,222,234],"floor_reached":50,"playtime":3280,"items_purged":["Shame","Defend_B"],"score":1088,"play_id":"58650348-1bfb-4aa3-89cc-a8b5247e2235","local_time":"20181014133648","is_ascension_mode":true,"campfire_choices":[{"data":"Defragment","floor":7.0,"key":"SMITH"},{"data":"Zap","floor":11.0,"key":"SMITH"},{"data":"Blizzard","floor":15.0,"key":"SMITH"},{"floor":24.0,"key":"REST"},{"floor":30.0,"key":"REST"},{"floor":32.0,"key":"REST"},{"floor":41,"key":"REST"},{"floor":45,"key":"REST"},{"floor":49,"key":"REST"}],"neow_cost":"NONE","seed_source_timestamp":0,"circlet_count":0,"master_deck":["Defend_B","Defend_B","Zap+1","Dualcast","AscendersBane","Glacier","Turbo+1","Compile Driver","Defragment+1","Doom and Gloom","Melter","Blizzard+1","Echo Form+1","Conserve Battery+1","Reinforced Body+1","Bite","Bite","Bite","Bite","Bite","BootSequence+1","Conserve Battery","Impatience","Discovery"],"special_seed":0,"relics":["Cracked Core","NeowsBlessing","Gremlin Horn","Letter Opener","Mercury Hourglass","Dead Branch","Fusion Hammer","Oddly Smooth Stone","War Paint","Bronze Scales","Art of War","Red Mask","Busted Crown","MawBank","PreservedInsect"],"potions_floor_usage":[50,50],"damage_taken":[{"damage":0.0,"enemies":"2 Louse","floor":1.0,"turns":1.0},{"damage":0.0,"enemies":"Cultist","floor":3.0,"turns":1.0},{"damage":0.0,"enemies":"Lagavulin","floor":6.0,"turns":1.0},{"damage":0.0,"enemies":"Small Slimes","floor":12.0,"turns":2.0},{"damage":0.0,"enemies":"Red Slaver","floor":13.0,"turns":3.0},{"damage":15.0,"enemies":"3 Sentries","floor":14.0,"turns":4.0},{"damage":26.0,"enemies":"The Guardian","floor":16.0,"turns":12.0},{"damage":23.0,"enemies":"Shell Parasite","floor":18.0,"turns":4.0},{"damage":26.0,"enemies":"2 Thieves","floor":22.0,"turns":4.0},{"damage":9.0,"enemies":"Slavers","floor":23.0,"turns":4.0},{"damage":9.0,"enemies":"Snecko","floor":27.0,"turns":4.0},{"damage":0.0,"enemies":"Masked Bandits","floor":31.0,"turns":2.0},{"damage":24.0,"enemies":"Champ","floor":33.0,"turns":13.0},{"damage":0.0,"enemies":"3 Darklings","floor":35.0,"turns":3.0},{"damage":7.0,"enemies":"3 Shapes","floor":38.0,"turns":5.0},{"damage":47,"enemies":"Spire Growth","floor":40,"turns":5},{"damage":3,"enemies":"Reptomancer","floor":44,"turns":6},{"damage":0,"enemies":"3 Darklings","floor":46,"turns":2},{"damage":27,"enemies":"2 Orb Walkers","floor":48,"turns":5},{"damage":82,"enemies":"Time Eater","floor":50,"turns":21}],"seed_played":"7972719930444637602","potions_obtained":[{"floor":1.0,"key":"Regen Potion"},{"floor":6.0,"key":"Dexterity Potion"},{"floor":12.0,"key":"Poison Potion"},{"floor":16.0,"key":"PowerPotion"},{"floor":18.0,"key":"Energy Potion"},{"floor":23.0,"key":"Poison Potion"},{"floor":33.0,"key":"PowerPotion"},{"floor":35.0,"key":"Energy Potion"},{"floor":44,"key":"GamblersBrew"}],"is_trial":false,"path_per_floor":["M","$","M","?","?","E","R","?","T","?","R","M","M","E","R","B",null,"M","?","?","$","M","E","R","?","T","M","$","?","R","?","R","B",null,"M","$","?","M","?","M","R","?","T","M","R","M","?","E","R"],"character_chosen":"DEFECT","items_purchased":["Turbo","Compile Driver","Art of War"],"campfire_rested":6,"item_purchase_floors":[2,2,28],"current_hp_per_floor":[64,64,64,64,71,71,71,71,71,60,60,62,64,51,51,27,60,39,39,39,39,15,8,29,29,29,30,30,30,51,57,71,47,65,69,69,67,62,62,27,47,37,37,50,67,67,67,44,64,0],"gold":234,"neow_bonus":"THREE_ENEMY_KILL","is_prod":false,"is_daily":false,"chose_seed":false,"campfire_upgraded":3,"win_rate":0,"timestamp":1539538608,"path_taken":["M","$","M","?","?","E","R","?","T","?","R","?","M","E","R","BOSS","M","?","?","$","M","E","R","?","T","M","?","?","R","?","R","BOSS","M","$","?","M","?","M","R","?","T","?","R","M","?","E","R","BOSS"],"build_version":"2018-10-11","purchased_purges":2,"victory":false,"max_hp_per_floor":[71,71,71,71,71,71,71,71,71,71,71,71,71,71,71,71,71,71,71,71,71,71,71,71,71,71,71,71,71,71,71,71,71,71,71,71,67,67,67,67,67,67,67,67,67,67,67,67,67,67],"card_choices":[{"not_picked":["Leap","Hologram"],"picked":"Glacier","floor":1.0},{"not_picked":["Steam","Sunder"],"picked":"Defragment","floor":3.0},{"not_picked":["Blizzard","Static Discharge"],"picked":"Doom and Gloom","floor":6.0},{"not_picked":["Darkness","Compile Driver","Coolheaded"],"picked":"SKIP","floor":12.0},{"not_picked":["Glacier","Streamline"],"picked":"Melter","floor":13.0},{"not_picked":["Rip and Tear","All For One"],"picked":"Blizzard","floor":14.0},{"not_picked":["Thunder Strike","Machine Learning"],"picked":"Echo Form","floor":16.0},{"not_picked":["Defragment","Streamline"],"picked":"Conserve Battery","floor":18.0},{"not_picked":["Hologram","Double Energy"],"picked":"Reinforced Body","floor":22.0},{"not_picked":["Sunder","Defragment","Gash"],"picked":"SKIP","floor":23.0},{"not_picked":["Barrage","Leap"],"picked":"BootSequence+1","floor":27.0},{"not_picked":["Hyperbeam","Reboot"],"picked":"Electrodynamics","floor":33.0},{"not_picked":[],"picked":"Conserve Battery","floor":35.0},{"not_picked":["Defragment"],"picked":"SKIP","floor":38.0},{"not_picked":["Rebound"],"picked":"SKIP","floor":40},{"not_picked":[],"picked":"Impatience","floor":42},{"not_picked":[],"picked":"Discovery","floor":42},{"not_picked":["Go for the Eyes"],"picked":"SKIP","floor":44},{"not_picked":["Compile Driver"],"picked":"SKIP","floor":46},{"not_picked":["Hologram"],"picked":"SKIP","floor":48}],"player_experience":964574,"relics_obtained":[{"floor":6.0,"key":"Gremlin Horn"},{"floor":9.0,"key":"Mercury Hourglass"},{"floor":14.0,"key":"Dead Branch"},{"floor":23.0,"key":"War Paint"},{"floor":26.0,"key":"Bronze Scales"},{"floor":31.0,"key":"Red Mask"},{"floor":43,"key":"MawBank"},{"floor":48,"key":"PreservedInsect"}],"event_choices":[{"event_name":"WeMeetAgain","player_choice":"Potion","floor":4.0,"damage_taken":0.0},{"event_name":"Wheel of Change","player_choice":"Full Heal","floor":5.0,"damage_taken":0.0},{"event_name":"Dead Adventurer","player_choice":"Searched \u00271\u0027 times","floor":8.0,"damage_taken":0.0},{"event_name":"World of Goop","player_choice":"Gather Gold","floor":10.0,"damage_taken":0.0},{"event_name":"Designer","player_choice":"Full Service","floor":19.0,"damage_taken":0.0},{"event_name":"Addict","player_choice":"Stole Relic","floor":20.0,"damage_taken":0.0},{"event_name":"Vampires","player_choice":"Became a vampire (Vial)","floor":25.0,"damage_taken":0.0},{"event_name":"Upgrade Shrine","player_choice":"Upgraded","floor":29.0,"damage_taken":0.0},{"event_name":"Masked Bandits","player_choice":"Fought Bandits","floor":31.0,"damage_taken":0.0},{"event_name":"Winding Halls","player_choice":"Max HP","floor":37.0,"damage_taken":0.0},{"event_name":"Purifier","player_choice":"One Purge","floor":39.0,"damage_taken":0.0},{"event_name":"SensoryStone","player_choice":"Memory 3","floor":42,"damage_taken":0},{"event_name":"Falling","player_choice":"Removed Power","floor":47,"damage_taken":0}],"is_beta":false,"boss_relics":[{"not_picked":["Nuclear Battery","FrozenCore"],"picked":"Fusion Hammer"},{"not_picked":["Tiny House","Runic Dome"],"picked":"Busted Crown"}],"items_purged_floors":[21,36],"is_endless":false,"potions_floor_spawned":[1,6,12,16,18,23,33,35,44,48],"killed_by":"Time Eater","ascension_level":20}