{"gold_per_floor":[19,19,36,50,50,50,70,103,181,181,201,278,298,323,323,396,396,408,2,2,20,33,64,64,95,125,125,125,125,157,176,176,254,254,266,184,184,202,214,242,260,260,285,317,317,366,366,386,386,386,386,386,386,13,48,48],"floor_reached":57,"playtime":4294,"items_purged":["Strike_G"],"score":3310,"play_id":"71f18c06-0f6e-44e8-8737-a788320fe4a2","local_time":"20190325192933","is_ascension_mode":true,"campfire_choices":[{"data":"Neutralize","floor":6.0,"key":"SMITH"},{"floor":10.0,"key":"REST"},{"data":"Strike_G","floor":15.0,"key":"PURGE"},{"data":"Envenom","floor":24.0,"key":"SMITH"},{"data":"Doubt","floor":27.0,"key":"PURGE"},{"data":"Strike_G","floor":29.0,"key":"PURGE"},{"data":"Footwork","floor":32.0,"key":"SMITH"},{"data":"After Image","floor":42.0,"key":"SMITH"},{"floor":45.0,"key":"RECALL"},{"data":"Well Laid Plans","floor":49.0,"key":"SMITH"},{"data":"Caltrops","floor":53.0,"key":"SMITH"}],"neow_cost":"NO_GOLD","seed_source_timestamp":0,"circlet_count":0,"master_deck":["AscendersBane","Defend_G","Defend_G","Defend_G","Defend_G","Defend_G","Survivor","Neutralize+1","Backflip","Predator+1","Acrobatics+1","Blade Dance+1","Adrenaline+1","Footwork+1","Flechettes+1","Cloak And Dagger+1","Envenom+1","Backflip+1","Cloak And Dagger+1","Footwork+1","Deflect+1","Escape Plan+1","Backflip+1","Dash+1","Cloak And Dagger+1","After Image+1","Terror+1","Leg Sweep+1","Caltrops+1","Prepared+1","Well Laid Plans+1","PiercingWail+1","Dodge and Roll+1","PiercingWail+1","Leg Sweep+1","Finisher+1"],"special_seed":0,"relics":["Ring of the Snake","Toxic Egg 2","Strawberry","Matryoshka","Shuriken","Ornamental Fan","Peace Pipe","Cursed Key","Membership Card","Bag of Preparation","Blood Vial","Smiling Mask","Tiny Chest","Art of War","FossilizedHelix","Sozu","Omamori","Gremlin Horn","Bottled Flame","Tingsha","TheAbacus","Pear","Whetstone","Oddly Smooth Stone"],"potions_floor_usage":[56],"damage_taken":[{"damage":3.0,"enemies":"Cultist","floor":1.0,"turns":5.0},{"damage":2.0,"enemies":"Small Slimes","floor":3.0,"turns":5.0},{"damage":3.0,"enemies":"Jaw Worm","floor":4.0,"turns":3.0},{"damage":0.0,"enemies":"Exordium Thugs","floor":7.0,"turns":3.0},{"damage":22.0,"enemies":"Lagavulin","floor":8.0,"turns":7.0},{"damage":1.0,"enemies":"Red Slaver","floor":11.0,"turns":2.0},{"damage":2.0,"enemies":"3 Louse","floor":13.0,"turns":3.0},{"damage":9.0,"enemies":"3 Sentries","floor":14.0,"turns":6.0},{"damage":0.0,"enemies":"The Guardian","floor":16.0,"turns":9.0},{"damage":0.0,"enemies":"Spheric Guardian","floor":18.0,"turns":3.0},{"damage":6.0,"enemies":"Chosen","floor":21.0,"turns":4.0},{"damage":4.0,"enemies":"3 Cultists","floor":22.0,"turns":5.0},{"damage":1.0,"enemies":"Book of Stabbing","floor":23.0,"turns":5.0},{"damage":0.0,"enemies":"Gremlin Leader","floor":25.0,"turns":3.0},{"damage":0.0,"enemies":"Slavers","floor":30.0,"turns":5.0},{"damage":0.0,"enemies":"Centurion and Healer","floor":31.0,"turns":4.0},{"damage":0.0,"enemies":"Automaton","floor":33.0,"turns":9.0},{"damage":0.0,"enemies":"3 Darklings","floor":35.0,"turns":4.0},{"damage":0.0,"enemies":"Orb Walker","floor":38.0,"turns":3.0},{"damage":0.0,"enemies":"Transient","floor":39.0,"turns":6.0},{"damage":21.0,"enemies":"Reptomancer","floor":40.0,"turns":9.0},{"damage":0.0,"enemies":"Maw","floor":41.0,"turns":5.0},{"damage":0.0,"enemies":"Giant Head","floor":44.0,"turns":5.0},{"damage":3.0,"enemies":"2 Orb Walkers","floor":46.0,"turns":7.0},{"damage":0.0,"enemies":"Jaw Worm Horde","floor":48.0,"turns":3.0},{"damage":0.0,"enemies":"Awakened One","floor":50.0,"turns":12.0},{"damage":0.0,"enemies":"Time Eater","floor":51.0,"turns":14.0},{"damage":0.0,"enemies":"Shield and Spear","floor":55.0,"turns":9.0},{"damage":16,"enemies":"The Heart","floor":56,"turns":9}],"seed_played":"-655590784773226690","potions_obtained":[{"floor":3.0,"key":"EssenceOfSteel"},{"floor":7.0,"key":"AttackPotion"},{"floor":8.0,"key":"Dexterity Potion"},{"floor":13.0,"key":"Fire Potion"},{"floor":30.0,"key":"Fruit Juice"},{"floor":33.0,"key":"Poison Potion"}],"is_trial":false,"path_per_floor":["M","T","M","M","?","R","M","E","T","R","M","T","M","E","R","B",null,"M","$","?","M","M","E","R","E","T","R","?","R","E","M","R","B",null,"M","$","?","M","M","E","M","R","T","E","R","?","?","M","R","B","B",null,"R","$","E","B",null],"character_chosen":"THE_SILENT","items_purchased":["Membership Card","Bag of Preparation","Cloak And Dagger+1","Footwork","Leg Sweep+1","Caltrops","TheAbacus","Pear","Whetstone","PiercingWail+1","Leg Sweep+1"],"campfire_rested":1,"item_purchase_floors":[19,19,19,19,36,36,54,54,54,54,54],"current_hp_per_floor":[56,56,54,51,51,51,51,36,36,57,56,56,54,45,45,45,66,66,66,66,60,56,55,55,57,57,57,57,57,59,61,61,68,76,78,78,78,78,78,57,59,59,59,61,61,60,60,62,62,64,66,75,75,85,87,72],"gold":48,"neow_bonus":"REMOVE_TWO","is_prod":false,"is_daily":false,"chose_seed":false,"campfire_upgraded":6,"win_rate":0,"timestamp":1553556573,"path_taken":["M","?","M","M","?","R","M","E","T","R","M","?","M","E","R","BOSS","M","$","?","?","M","E","R","E","T","R","?","R","E","M","R","BOSS","M","$","?","?","M","E","M","R","T","E","R","?","?","M","R","BOSS","BOSS","R","$","E","BOSS"],"build_version":"2019-03-15","purchased_purges":1,"victory":true,"max_hp_per_floor":[66,66,66,66,66,66,66,73,73,73,73,73,73,73,73,73,73,73,73,73,73,73,73,73,73,73,73,73,73,73,73,73,78,78,78,78,78,78,78,78,78,78,78,78,78,78,78,78,78,78,78,78,78,88,88,88],"card_choices":[{"not_picked":["Dodge and Roll","Blade Dance"],"picked":"Backflip","floor":1.0},{"not_picked":["Dagger Throw","Quick Slash"],"picked":"Predator","floor":3.0},{"not_picked":["Quick Slash","Poisoned Stab"],"picked":"Acrobatics+1","floor":4.0},{"not_picked":["Poisoned Stab","Distraction+1"],"picked":"Blade Dance+1","floor":7.0},{"not_picked":["Underhanded Strike","Caltrops"],"picked":"Adrenaline+1","floor":8.0},{"not_picked":["Backflip+1","Dodge and Roll+1"],"picked":"Footwork","floor":11.0},{"not_picked":["Prepared+1","Unload"],"picked":"Flechettes","floor":13.0},{"not_picked":["Die Die Die","Acrobatics+1"],"picked":"Cloak And Dagger+1","floor":14.0},{"not_picked":["Unload","Tools of the Trade"],"picked":"Envenom","floor":16.0},{"not_picked":["Slice","Finisher"],"picked":"Backflip+1","floor":18.0},{"not_picked":["Quick Slash","Eviscerate"],"picked":"Deflect+1","floor":21.0},{"not_picked":["Masterful Stab","Underhanded Strike","Quick Slash"],"picked":"SKIP","floor":22.0},{"not_picked":["Poisoned Stab","Deflect+1"],"picked":"Escape Plan+1","floor":23.0},{"not_picked":["Predator","Calculated Gamble+1"],"picked":"Backflip+1","floor":25.0},{"not_picked":["Expertise+1","Underhanded Strike"],"picked":"Dash","floor":30.0},{"not_picked":["Acrobatics+1","Heel Hook"],"picked":"Cloak And Dagger+1","floor":31.0},{"not_picked":["Corpse Explosion+1","Envenom"],"picked":"After Image","floor":33.0},{"not_picked":["Cloak And Dagger+1","Slice+1"],"picked":"Terror+1","floor":35.0},{"not_picked":["Poisoned Stab","Dagger Throw+1"],"picked":"Prepared+1","floor":38.0},{"not_picked":["Predator","Distraction+1","Bane"],"picked":"SKIP","floor":39.0},{"not_picked":["Distraction+1","Concentrate+1"],"picked":"Well Laid Plans","floor":40.0},{"not_picked":["Prepared+1","Deadly Poison+1"],"picked":"PiercingWail+1","floor":41.0},{"not_picked":["Deflect+1","Blade Dance+1"],"picked":"Dodge and Roll+1","floor":44.0},{"not_picked":["Reflex+1","Accuracy","Terror+1"],"picked":"SKIP","floor":48.0},{"not_picked":["Noxious Fumes+1","Accuracy+1"],"picked":"Finisher+1","floor":55.0}],"player_experience":1264088,"relics_obtained":[{"floor":2.0,"key":"Toxic Egg 2"},{"floor":8.0,"key":"Strawberry"},{"floor":9.0,"key":"Matryoshka"},{"floor":12.0,"key":"Shuriken"},{"floor":12.0,"key":"Ornamental Fan"},{"floor":14.0,"key":"Peace Pipe"},{"floor":23.0,"key":"Blood Vial"},{"floor":25.0,"key":"Smiling Mask"},{"floor":26.0,"key":"Tiny Chest"},{"floor":26.0,"key":"Art of War"},{"floor":30.0,"key":"FossilizedHelix"},{"floor":37.0,"key":"Omamori"},{"floor":40.0,"key":"Gremlin Horn"},{"floor":44.0,"key":"Bottled Flame"},{"floor":46.0,"key":"Tingsha"},{"floor":55.0,"key":"Oddly Smooth Stone"}],"event_choices":[{"damage_healed":0.0,"max_hp_gain":0.0,"max_hp_loss":0.0,"gold_gain":0.0,"event_name":"Living Wall","player_choice":"Grow","floor":5.0,"gold_loss":0.0,"damage_taken":0.0,"cards_upgraded":["Predator"]},{"damage_healed":0.0,"max_hp_gain":0.0,"max_hp_loss":0.0,"gold_gain":0.0,"event_name":"Upgrade Shrine","player_choice":"Upgraded","floor":20.0,"gold_loss":0.0,"damage_taken":0.0,"cards_upgraded":["Footwork"]},{"damage_healed":0.0,"max_hp_gain":0.0,"max_hp_loss":0.0,"gold_gain":0.0,"event_name":"Vampires","player_choice":"Ignored","floor":28.0,"gold_loss":0.0,"damage_taken":0.0},{"damage_healed":0.0,"max_hp_gain":0.0,"max_hp_loss":0.0,"gold_gain":0.0,"event_name":"Wheel of Change","player_choice":"Relic","floor":37.0,"gold_loss":0.0,"damage_taken":0.0},{"damage_healed":0.0,"max_hp_gain":0.0,"max_hp_loss":0.0,"gold_gain":0.0,"event_name":"Mysterious Sphere","player_choice":"Fight","floor":46.0,"gold_loss":0.0,"damage_taken":0.0},{"damage_healed":0.0,"max_hp_gain":0.0,"max_hp_loss":0.0,"gold_gain":0.0,"event_name":"Tomb of Lord Red Mask","player_choice":"Ignored","floor":47.0,"gold_loss":0.0,"damage_taken":0.0}],"is_beta":true,"boss_relics":[{"not_picked":["Eternal Feather","Orrery"],"picked":"Cursed Key"},{"not_picked":["Lizard Tail","Tiny House"],"picked":"Sozu"}],"items_purged_floors":[19],"is_endless":false,"potions_floor_spawned":[3,7,8,13,14,21,30,33,35,38,41,55],"ascension_level":20}