{"gold_per_floor":[110,110,190,18,37,62,62,337,412,310,310,340,340,351,351,430,430,445,457,507,166,166,198,198,198],"floor_reached":25,"playtime":812,"items_purged":["Regret","Strike_B"],"score":450,"play_id":"94973633-2e36-4300-bea3-17b9b552a6a7","local_time":"20190217233820","is_ascension_mode":true,"campfire_choices":[{"data":"Sweeping Beam","floor":7.0,"key":"SMITH"},{"floor":11.0,"key":"REST"},{"data":"Coolheaded","floor":13.0,"key":"SMITH"},{"data":"Dualcast","floor":15.0,"key":"SMITH"},{"data":"Defragment","floor":24.0,"key":"SMITH"}],"neow_cost":"NONE","seed_source_timestamp":366720173830011,"circlet_count":0,"master_deck":["AscendersBane","Strike_B+1","Strike_B+1","Strike_B+1","Defend_B+1","Defend_B+1","Defend_B+1","Defend_B+1","Zap+1","Dualcast+1","Rebound","Sweeping Beam+1","Cold Snap","Coolheaded+1","Sweeping Beam+1","Ball Lightning+1","Go for the Eyes+1","Echo Form","Sunder+1","Defragment+1"],"special_seed":0,"relics":["Cracked Core","Kunai","Bag of Preparation","Smiling Mask","Molten Egg 2","Calipers","Snecko Eye","ClockworkSouvenir","DataDisk"],"potions_floor_usage":[25],"damage_taken":[{"damage":4.0,"enemies":"Jaw Worm","floor":1.0,"turns":4.0},{"damage":3.0,"enemies":"Small Slimes","floor":5.0,"turns":2.0},{"damage":24.0,"enemies":"3 Sentries","floor":6.0,"turns":7.0},{"damage":16.0,"enemies":"Lagavulin","floor":12.0,"turns":6.0},{"damage":0.0,"enemies":"Cultist","floor":14.0,"turns":2.0},{"damage":14.0,"enemies":"Slime Boss","floor":16.0,"turns":6.0},{"damage":14.0,"enemies":"2 Thieves","floor":18.0,"turns":4.0},{"damage":10.0,"enemies":"Spheric Guardian","floor":19.0,"turns":4.0},{"damage":12.0,"enemies":"Gremlin Leader","floor":23.0,"turns":4.0},{"damage":0,"enemies":"Slavers","floor":25,"turns":1}],"seed_played":"6350990862578598049","potions_obtained":[{"floor":5.0,"key":"Swift Potion"},{"floor":6.0,"key":"Swift Potion"},{"floor":19.0,"key":"Weak Potion"},{"floor":23.0,"key":"Energy Potion"}],"is_trial":false,"path_per_floor":["M","?","T","$","M","E","R","?","T","$","R","E","R","M","R","B",null,"M","M","?","$","?","E","R","E"],"character_chosen":"DEFECT","items_purchased":["Bag of Preparation","Sweeping Beam+1","Sunder+1","ClockworkSouvenir"],"campfire_rested":1,"item_purchase_floors":[4,10,21,21],"current_hp_per_floor":[60,60,60,60,57,33,33,33,33,33,54,38,38,38,38,24,59,45,35,35,35,35,23,23,23],"gold":198,"neow_bonus":"THREE_CARDS","is_prod":false,"is_daily":false,"chose_seed":false,"campfire_upgraded":4,"win_rate":0,"timestamp":1550464700,"path_taken":["M","?","?","?","M","E","R","?","T","$","R","E","R","?","R","BOSS","M","M","?","?","?","E","R","E"],"build_version":"2019-02-06","purchased_purges":2,"victory":false,"max_hp_per_floor":[71,71,71,71,71,71,71,71,71,71,71,71,71,71,71,71,71,71,71,71,71,71,71,71,71],"card_choices":[{"not_picked":["Barrage","Steam Power"],"picked":"Rebound","floor":0.0},{"not_picked":["Lockon","Hologram"],"picked":"Sweeping Beam","floor":1.0},{"not_picked":["Steam Power","Streamline"],"picked":"Cold Snap","floor":5.0},{"not_picked":["Reinforced Body","Double Energy"],"picked":"Coolheaded","floor":6.0},{"not_picked":["Heatsinks","Beam Cell+1"],"picked":"Ball Lightning+1","floor":12.0},{"not_picked":["Conserve Battery","Skim"],"picked":"Go for the Eyes+1","floor":14.0},{"not_picked":["Seek","Hyperbeam+1"],"picked":"Echo Form","floor":16.0},{"not_picked":["Streamline+1","White Noise","Stack"],"picked":"SKIP","floor":18.0},{"not_picked":["Redo","Stack","Steam"],"picked":"SKIP","floor":19.0},{"not_picked":["Steam Power+1","Ball Lightning+1"],"picked":"Defragment","floor":23.0}],"player_experience":934650,"relics_obtained":[{"floor":3.0,"key":"Kunai"},{"floor":6.0,"key":"Smiling Mask"},{"floor":9.0,"key":"Molten Egg 2"},{"floor":12.0,"key":"Calipers"},{"floor":23.0,"key":"DataDisk"}],"event_choices":[{"damage_healed":0.0,"max_hp_gain":0.0,"max_hp_loss":0.0,"gold_gain":0.0,"event_name":"Living Wall","player_choice":"Grow","floor":2.0,"gold_loss":0.0,"damage_taken":0.0,"cards_upgraded":["Zap"]},{"damage_healed":0.0,"max_hp_gain":0.0,"max_hp_loss":0.0,"gold_gain":275.0,"event_name":"Golden Shrine","player_choice":"Desecrate","floor":8.0,"gold_loss":0.0,"damage_taken":0.0,"cards_obtained":["Regret"]},{"damage_healed":0.0,"max_hp_gain":0.0,"max_hp_loss":0.0,"gold_gain":50.0,"event_name":"Nest","player_choice":"Stole From Cult","floor":20.0,"gold_loss":0.0,"damage_taken":0.0},{"damage_healed":0.0,"max_hp_gain":0.0,"max_hp_loss":0.0,"gold_gain":0.0,"event_name":"Back to Basics","player_choice":"Simplicity","floor":22.0,"gold_loss":0.0,"damage_taken":0.0,"cards_upgraded":["Strike_B","Strike_B","Strike_B","Defend_B","Defend_B","Defend_B","Defend_B"]}],"is_beta":true,"boss_relics":[{"not_picked":["Eternal Feather","Runic Pyramid"],"picked":"Snecko Eye"}],"items_purged_floors":[10,21],"is_endless":false,"potions_floor_spawned":[5,6,14,19,23],"killed_by":"Slavers","ascension_level":20}