{"path_per_floor":["M","M","$","M","$","E","R","?","T","E","?","R","M","?","R","B",null,"M","$","?","?","M","E","?","E","T","M","R","$","?","M","R"],"character_chosen":"THE_SILENT","items_purchased":["Poisoned Stab","Strawberry","Catalyst","Deadly Poison"],"gold_per_floor":[209,222,147,165,18,44,44,44,44,74,29,29,44,44,44,146,146,160,5,5,5,23,53,53,88,114,133,133,43,43,62,62,62],"floor_reached":33,"campfire_rested":4,"playtime":1330,"current_hp_per_floor":[70,70,70,70,70,43,43,43,43,21,21,42,42,30,51,10,70,59,66,66,66,58,49,49,17,17,10,33,33,33,3,26,0],"items_purged":["Defend_G","Strike_G"],"gold":62,"score":317,"play_id":"ad55b32f-9e6d-4bed-bf33-e5ae5764bea2","local_time":"20180402165823","is_prod":false,"is_daily":false,"is_ascension_mode":false,"campfire_upgraded":1,"timestamp":1522713503,"path_taken":["M","M","$","M","$","E","R","?","T","E","?","R","M","?","R","BOSS","M","$","?","?","?","E","?","E","T","M","R","$","?","M","R","BOSS"],"build_version":"2018-03-29v2","purchased_purges":3,"victory":false,"master_deck":["Defend_G","Defend_G","Defend_G","Strike_G","Strike_G","Strike_G","Strike_G","Survivor","Neutralize","Deadly Poison+1","Poisoned Stab","Deadly Poison","Burst","Deadly Poison+1","Deadly Poison","Catalyst","Deadly Poison"],"max_hp_per_floor":[70,70,70,70,70,70,70,70,70,70,70,70,70,70,70,70,70,70,77,77,77,77,77,77,77,77,77,77,77,77,77,77,77],"relics":["Ring of the Snake","Orichalcum","Girya","Snake Skull","Bird Faced Urn","White Beast Statue","Strawberry","Blood Vial","Molten Egg 2","Bronze Scales","Sundial"],"card_choices":[{"not_picked":["Distraction","Deflect"],"picked":"Deadly Poison","floor":1},{"not_picked":["Outmaneuver","Dodge and Roll"],"picked":"Deadly Poison","floor":10},{"not_picked":["Night Terror","Glass Knife"],"picked":"Burst","floor":16},{"not_picked":["Accuracy","Escape Plan"],"picked":"Deadly Poison","floor":18}],"player_experience":111776,"potions_floor_usage":[13,16,22,23,23,27,27],"damage_taken":[{"damage":0,"enemies":"Jaw Worm","floor":1,"turns":6},{"damage":0,"enemies":"Cultist","floor":2,"turns":4},{"damage":0,"enemies":"Small Slimes","floor":4,"turns":4},{"damage":27,"enemies":"Lagavulin","floor":6,"turns":7},{"damage":22,"enemies":"3 Sentries","floor":10,"turns":8},{"damage":0,"enemies":"3 Louse","floor":13,"turns":3},{"damage":41,"enemies":"Slime Boss","floor":16,"turns":14},{"damage":11,"enemies":"Shell Parasite","floor":18,"turns":5},{"damage":8,"enemies":"Spheric Guardian","floor":22,"turns":4},{"damage":21,"enemies":"Book of Stabbing","floor":23,"turns":4},{"damage":34,"enemies":"Gremlin Leader","floor":25,"turns":5},{"damage":9,"enemies":"Snake Plant","floor":27,"turns":2},{"damage":32,"enemies":"Centurion and Healer","floor":31,"turns":5},{"damage":41,"enemies":"Collector","floor":33,"turns":3}],"event_choices":[{"event_name":"Purifier","player_choice":"One Purge","floor":8,"damage_taken":0},{"event_name":"World of Goop","player_choice":"Left","floor":11,"damage_taken":0},{"event_name":"Scrap Ooze","player_choice":"success","floor":14,"damage_taken":12},{"event_name":"Vampires","player_choice":"Ignored","floor":20,"damage_taken":0},{"event_name":"The Library","player_choice":"Read","floor":21,"damage_taken":0},{"event_name":"Ghosts","player_choice":"Ignored","floor":24,"damage_taken":0},{"event_name":"The Mausoleum","player_choice":"Yes","floor":30,"damage_taken":0}],"boss_relics":[{"not_picked":["Calling Bell","Astrolabe"],"picked":"White Beast Statue"}],"potions_floor_spawned":[4,10,16,18,22,23,25,27,31],"seed_played":"4318625753343549541","killed_by":"Collector","ascension_level":0,"is_trial":false}