{"gold_per_floor":[110,125,125,125,149,185,64,64,94,94,134,153,198,236,236,236],"floor_reached":16,"playtime":988,"items_purged":["Strike_G"],"score":136,"play_id":"afa74f78-8b89-4ae7-a859-634a09a8dbc6","local_time":"20190319015413","is_ascension_mode":true,"campfire_choices":[{"floor":8,"key":"REST"},{"floor":15,"key":"REST"}],"neow_cost":"NONE","seed_source_timestamp":36857534610400,"circlet_count":0,"master_deck":["Defend_G","Defend_G","Defend_G","Defend_G","Defend_G","Strike_G","Strike_G","Survivor","Neutralize+1","Bouncing Flask","Poisoned Stab","Dagger Spray","Flying Knee","Catalyst","Deadly Poison","Tactician","Poisoned Stab","Dash","Poisoned Stab"],"relics":["Ring of the Snake","Golden Idol","Frozen Egg 2","Tiny Chest","Dodecahedron","Mango"],"potions_floor_usage":[16,16,16],"damage_taken":[{"damage":0,"enemies":"2 Louse","floor":1,"turns":3},{"damage":0,"enemies":"Jaw Worm","floor":2,"turns":5},{"damage":0,"enemies":"Cultist","floor":5,"turns":3},{"damage":28,"enemies":"Gremlin Nob","floor":6,"turns":4},{"damage":19,"enemies":"3 Sentries","floor":11,"turns":7},{"damage":23,"enemies":"Exordium Thugs","floor":12,"turns":4},{"damage":1,"enemies":"Gremlin Nob","floor":14,"turns":3},{"damage":49,"enemies":"Slime Boss","floor":16,"turns":9}],"seed_played":"7799092734882190126","potions_obtained":[{"floor":2,"key":"SpeedPotion"},{"floor":5,"key":"Dexterity Potion"},{"floor":11,"key":"SpeedPotion"}],"is_trial":false,"path_per_floor":["M","M","?","?","M","E","$","R","T","?","E","M","T","E","R","B"],"character_chosen":"THE_SILENT","items_purchased":["Deadly Poison"],"campfire_rested":2,"item_purchase_floors":[7],"current_hp_per_floor":[70,70,53,53,53,25,25,46,46,46,27,4,4,17,42,0],"gold":236,"neow_bonus":"UPGRADE_CARD","is_prod":false,"is_daily":false,"chose_seed":false,"campfire_upgraded":0,"win_rate":0,"timestamp":1552940653,"path_taken":["M","M","?","?","M","E","$","R","T","?","E","?","?","E","R","BOSS"],"build_version":"2019-01-23","purchased_purges":1,"victory":false,"max_hp_per_floor":[70,70,70,70,70,70,70,70,70,70,70,70,70,84,84,84],"card_choices":[{"not_picked":["Dodge and Roll","Underhanded Strike"],"picked":"Bouncing Flask","floor":1},{"not_picked":["Outmaneuver","Dagger Spray"],"picked":"Poisoned Stab","floor":2},{"not_picked":["Endless Agony","Slice"],"picked":"Flying Knee","floor":5},{"not_picked":["Wraith Form v2","Deflect"],"picked":"Catalyst","floor":6},{"not_picked":["Dagger Throw","Prepared"],"picked":"Poisoned Stab","floor":11},{"not_picked":["Prepared","All Out Attack"],"picked":"Dash","floor":12},{"not_picked":["Blade Dance","Backstab"],"picked":"Poisoned Stab","floor":14}],"player_experience":67657,"relics_obtained":[{"floor":6,"key":"Frozen Egg 2"},{"floor":9,"key":"Tiny Chest"},{"floor":11,"key":"Dodecahedron"},{"floor":14,"key":"Mango"}],"event_choices":[{"damage_healed":0,"gold_gain":0,"player_choice":"Take Damage","damage_taken":17,"relics_obtained":["Golden Idol"],"max_hp_gain":0,"max_hp_loss":0,"event_name":"Golden Idol","floor":3,"gold_loss":0},{"damage_healed":0,"gold_gain":0,"cards_transformed":["Strike_G"],"player_choice":"Change","damage_taken":0,"max_hp_gain":0,"max_hp_loss":0,"event_name":"Living Wall","floor":4,"gold_loss":0,"cards_obtained":["Dagger Spray"]},{"damage_healed":0,"gold_gain":0,"cards_transformed":["Strike_G"],"player_choice":"Transformed","damage_taken":0,"max_hp_gain":0,"max_hp_loss":0,"event_name":"Transmorgrifier","floor":10,"gold_loss":0,"cards_obtained":["Tactician"]}],"is_beta":false,"boss_relics":[],"items_purged_floors":[7],"is_endless":false,"potions_floor_spawned":[2,5,11],"killed_by":"Slime Boss","ascension_level":3}