{"path_per_floor":["M","M","?","?","M","R","?","E","T","?","R","?","M","M","R"],"character_chosen":"THE_SILENT","items_purchased":[],"gold_per_floor":[111,124,124,199,217,217,217,245,245,245,245,245,270,295,295,295],"floor_reached":16,"campfire_rested":2,"playtime":1040,"current_hp_per_floor":[70,69,57,46,41,41,46,23,23,5,27,27,16,16,38,0],"items_purged":[],"gold":295,"score":100,"play_id":"a64ea643-9e99-41f2-9b14-4fa7a4e8566f","local_time":"20180329162845","is_prod":false,"is_daily":false,"is_ascension_mode":false,"campfire_upgraded":1,"timestamp":1522366125,"path_taken":["M","?","?","?","M","R","?","E","T","?","R","?","M","M","R","BOSS"],"build_version":"2018-03-22v2","purchased_purges":0,"victory":false,"master_deck":["Defend_G","Defend_G","Defend_G","Defend_G","Defend_G","Strike_G","Strike_G","Strike_G","Strike_G","Strike_G","Survivor","Neutralize+1","Venomology","Underhanded Strike","Leg Sweep","Flechettes+1","Caltrops","Backstab+1","Bouncing Flask"],"max_hp_per_floor":[70,70,70,70,70,70,75,75,75,75,75,75,75,75,75,75],"relics":["Ring of the Snake","Molten Egg 2","Ornamental Fan","Peace Pipe","Golden Idol"],"card_choices":[{"not_picked":["Blur","PiercingWail"],"picked":"Underhanded Strike","floor":1},{"not_picked":["Quick Slash","Deflect"],"picked":"Leg Sweep","floor":2},{"not_picked":["Quick Slash","Predator"],"picked":"Flechettes","floor":5},{"not_picked":["Underhanded Strike","Blade Dance"],"picked":"Caltrops","floor":8},{"not_picked":["Escape Plan","Choke"],"picked":"Backstab","floor":13},{"not_picked":["Catalyst","Acrobatics"],"picked":"Bouncing Flask","floor":14}],"player_experience":28412,"potions_floor_usage":[1,2,5,8,16,16,16,16],"damage_taken":[{"damage":0,"enemies":"Cultist","floor":1,"turns":3},{"damage":1,"enemies":"Small Slimes","floor":2,"turns":4},{"damage":5,"enemies":"Jaw Worm","floor":5,"turns":5},{"damage":23,"enemies":"Lagavulin","floor":8,"turns":13},{"damage":11,"enemies":"Exordium Wildlife","floor":13,"turns":8},{"damage":0,"enemies":"Blue Slaver","floor":14,"turns":2},{"damage":38,"enemies":"Slime Boss","floor":16,"turns":8}],"event_choices":[{"event_name":"Scrap Ooze","player_choice":"success","floor":3,"damage_taken":12},{"event_name":"World of Goop","player_choice":"Gather Gold","floor":4,"damage_taken":0},{"event_name":"Big Fish","player_choice":"Donut","floor":7,"damage_taken":0},{"event_name":"Golden Idol","player_choice":"Take Damage","floor":10,"damage_taken":0},{"event_name":"Golden Wing","player_choice":"Ignored","floor":12,"damage_taken":0}],"boss_relics":[],"potions_floor_spawned":[8,13],"seed_played":"1396024915894549058","killed_by":"Slime Boss","ascension_level":0,"is_trial":false}