{"gold_per_floor":[114,114,189,189,199,227,243,262,287,9,21,21,77,92,92,196,196,209,223,223,237,237],"floor_reached":22,"playtime":1176,"items_purged":[],"score":335,"play_id":"d7947314-b671-41f8-8610-c079825edb18","local_time":"20181224015138","is_ascension_mode":true,"campfire_choices":[{"floor":15,"key":"REST"}],"neow_cost":"NONE","seed_source_timestamp":985005295080853,"circlet_count":0,"master_deck":["AscendersBane","Strike_B","Strike_B","Strike_B","Defend_B","Defend_B","Defend_B","Defend_B","Zap","Dualcast","Hologram","Coolheaded","Chill","Hologram","Go for the Eyes","Capacitor","Capacitor","Chaos","Ball Lightning","Electrodynamics","Ball Lightning","RitualDagger","Self Repair+1"],"relics":["FrozenCore","NeowsBlessing","Oddly Smooth Stone","Medical Kit","Tiny Chest"],"potions_floor_usage":[16,19,19,21],"damage_taken":[{"damage":0,"enemies":"Small Slimes","floor":1,"turns":1},{"damage":0,"enemies":"2 Louse","floor":5,"turns":1},{"damage":0,"enemies":"3 Sentries","floor":6,"turns":1},{"damage":0,"enemies":"Cultist","floor":7,"turns":3},{"damage":6,"enemies":"Blue Slaver","floor":8,"turns":4},{"damage":18,"enemies":"Exordium Wildlife","floor":11,"turns":8},{"damage":14,"enemies":"Lagavulin","floor":13,"turns":10},{"damage":8,"enemies":"Exordium Thugs","floor":14,"turns":6},{"damage":31,"enemies":"Hexaghost","floor":16,"turns":12},{"damage":20,"enemies":"Chosen","floor":18,"turns":6},{"damage":14,"enemies":"2 Thieves","floor":19,"turns":3},{"damage":18,"enemies":"3 Cultists","floor":21,"turns":5},{"damage":4,"enemies":"Snake Plant","floor":22,"turns":1}],"seed_played":"5150026201472564670","potions_obtained":[{"floor":1,"key":"Explosive Potion"},{"floor":7,"key":"Energy Potion"},{"floor":13,"key":"SpeedPotion"},{"floor":18,"key":"Dexterity Potion"}],"is_trial":false,"path_per_floor":["M","?","?","?","M","E","M","M","T","$","M","?","E","M","R","B",null,"M","M","?","M","M"],"character_chosen":"DEFECT","items_purchased":["Medical Kit","Capacitor"],"campfire_rested":1,"item_purchase_floors":[10,10],"current_hp_per_floor":[68,73,62,62,62,62,62,56,56,56,38,38,24,16,40,9,62,42,28,22,4,0],"gold":237,"neow_bonus":"THREE_ENEMY_KILL","is_prod":false,"is_daily":false,"chose_seed":false,"campfire_upgraded":0,"win_rate":0,"timestamp":1545634298,"path_taken":["M","?","?","?","M","E","M","M","T","$","?","?","E","M","R","BOSS","M","M","?","M","M"],"build_version":"2018-12-20","purchased_purges":0,"victory":false,"max_hp_per_floor":[75,80,80,80,80,80,80,80,80,80,80,80,80,80,80,80,80,80,80,80,80,80],"card_choices":[{"not_picked":["Consume","BootSequence"],"picked":"Hologram","floor":1},{"not_picked":["Heatsinks","Turbo"],"picked":"Coolheaded","floor":5},{"not_picked":["Coolheaded","Chaos"],"picked":"Chill","floor":6},{"not_picked":["Doom and Gloom","Leap"],"picked":"Hologram","floor":7},{"not_picked":["Recycle","Conserve Battery"],"picked":"Go for the Eyes","floor":8},{"not_picked":["Conserve Battery","Ball Lightning"],"picked":"Capacitor","floor":11},{"not_picked":["Stack","Capacitor"],"picked":"Chaos","floor":13},{"not_picked":["Turbo","Streamline"],"picked":"Ball Lightning","floor":14},{"not_picked":["Echo Form","Fission"],"picked":"Electrodynamics","floor":16},{"not_picked":["Gash","FTL"],"picked":"Ball Lightning","floor":18},{"not_picked":["Rebound","Hologram","Fusion"],"picked":"SKIP","floor":19},{"not_picked":["Steam","Barrage"],"picked":"Self Repair+1","floor":21}],"player_experience":336515,"relics_obtained":[{"floor":6,"key":"Oddly Smooth Stone"},{"floor":13,"key":"Tiny Chest"}],"event_choices":[{"damage_healed":0,"gold_gain":0,"player_choice":"Donut","damage_taken":0,"max_hp_gain":5,"max_hp_loss":0,"event_name":"Big Fish","floor":2,"gold_loss":0},{"damage_healed":0,"gold_gain":75,"player_choice":"Gather Gold","damage_taken":11,"max_hp_gain":0,"max_hp_loss":0,"event_name":"World of Goop","floor":3,"gold_loss":0},{"cards_removed":["Strike_B"],"damage_healed":0,"gold_gain":0,"player_choice":"Purged","damage_taken":0,"max_hp_gain":0,"max_hp_loss":0,"event_name":"Purifier","floor":4,"gold_loss":0},{"damage_healed":0,"gold_gain":0,"player_choice":"Leave","damage_taken":0,"max_hp_gain":0,"max_hp_loss":0,"event_name":"The Cleric","floor":12,"gold_loss":0},{"damage_healed":0,"gold_gain":0,"player_choice":"Joined the Cult","damage_taken":6,"max_hp_gain":0,"max_hp_loss":0,"event_name":"Nest","floor":20,"gold_loss":0,"cards_obtained":["RitualDagger"]}],"is_beta":false,"boss_relics":[{"not_picked":["Eternal Feather","Empty Cage"],"picked":"FrozenCore"}],"items_purged_floors":[],"is_endless":false,"potions_floor_spawned":[1,7,13,14,18],"killed_by":"Snake Plant","ascension_level":10}