{"gold_per_floor":[111,130,130,149,74,74,94,107,107,125,139,139,139,162,162,283,283,301,57,57,57,70,83,83,83,83,116,188,188,188],"floor_reached":30,"playtime":848,"items_purged":["Defend_R"],"score":242,"play_id":"0a831eff-5848-4a38-b72d-5ceb85f5faf1","local_time":"20190203051531","is_ascension_mode":false,"campfire_choices":[{"data":"Shrug It Off","floor":6,"key":"SMITH"},{"data":"Rage","floor":12,"key":"SMITH"},{"floor":15,"key":"REST"},{"floor":24,"key":"REST"},{"floor":29,"key":"REST"}],"neow_cost":"NONE","seed_source_timestamp":598392223763247,"circlet_count":0,"master_deck":["Strike_R","Strike_R","Strike_R","Defend_R","Defend_R","Defend_R","Bash","Rage+1","Thunderclap","Shrug It Off+1","Flex","Flex","Bludgeon","Bludgeon","Sword Boomerang+1","Infernal Blade+1","Limit Break"],"relics":["Burning Blood","NeowsBlessing","Matryoshka","Golden Idol","Eternal Feather","Paper Frog","Nilry\u0027s Codex","Centennial Puzzle","Pantograph","Pear","Pen Nib","Bottled Lightning"],"potions_floor_usage":[8,16,16,27],"damage_taken":[{"damage":0,"enemies":"Cultist","floor":1,"turns":1},{"damage":0,"enemies":"2 Louse","floor":2,"turns":1},{"damage":0,"enemies":"Small Slimes","floor":4,"turns":1},{"damage":5,"enemies":"3 Louse","floor":7,"turns":4},{"damage":41,"enemies":"Exordium Thugs","floor":8,"turns":8},{"damage":12,"enemies":"2 Fungi Beasts","floor":10,"turns":3},{"damage":2,"enemies":"Exordium Wildlife","floor":11,"turns":3},{"damage":11,"enemies":"Gremlin Gang","floor":14,"turns":6},{"damage":11,"enemies":"Slime Boss","floor":16,"turns":8},{"damage":25,"enemies":"Spheric Guardian","floor":18,"turns":4},{"damage":20,"enemies":"Chosen","floor":22,"turns":4},{"damage":45,"enemies":"Centurion and Healer","floor":23,"turns":5},{"damage":23,"enemies":"Slavers","floor":27,"turns":4},{"damage":60,"enemies":"3 Cultists","floor":30,"turns":4}],"seed_played":"2575234515666842995","potions_obtained":[{"floor":1,"key":"Ancient Potion"},{"floor":7,"key":"Regen Potion"},{"floor":14,"key":"Explosive Potion"},{"floor":23,"key":"Fire Potion"},{"floor":27,"key":"Strength Potion"}],"is_trial":false,"path_per_floor":["M","M","?","M","$","R","M","M","T","M","M","R","?","M","R","B",null,"M","$","?","?","M","M","R","?","T","E","T","R","M"],"character_chosen":"IRONCLAD","items_purchased":["Paper Frog"],"campfire_rested":3,"item_purchase_floors":[19],"current_hp_per_floor":[80,80,80,80,80,80,80,54,54,48,52,52,32,27,51,46,80,61,61,61,61,47,8,41,25,25,18,18,54,0],"gold":188,"neow_bonus":"THREE_ENEMY_KILL","is_prod":false,"is_daily":false,"chose_seed":false,"campfire_upgraded":2,"win_rate":0,"timestamp":1549199731,"path_taken":["M","M","?","M","$","R","M","M","T","?","M","R","?","M","R","BOSS","M","$","?","?","?","M","R","?","T","E","?","R","M"],"build_version":"2019-01-23","purchased_purges":1,"victory":false,"max_hp_per_floor":[80,80,80,80,80,80,80,80,80,80,80,80,80,80,80,80,80,80,80,80,80,80,80,80,80,80,90,90,90,90],"card_choices":[{"not_picked":["Pummel","Heavy Blade"],"picked":"Rage","floor":1},{"not_picked":["Battle Trance","Bloodletting"],"picked":"Thunderclap","floor":2},{"not_picked":["Thunderclap","Sword Boomerang"],"picked":"Shrug It Off","floor":4},{"not_picked":["Rupture","Shockwave","Disarm"],"picked":"SKIP","floor":7},{"not_picked":["Wild Strike","Iron Wave"],"picked":"Flex","floor":8},{"not_picked":["Power Through","Clothesline"],"picked":"Flex","floor":10},{"not_picked":["Heavy Blade","Headbutt"],"picked":"Bludgeon","floor":11},{"not_picked":["Iron Wave","Armaments","Cleave"],"picked":"SKIP","floor":14},{"not_picked":["Brutality","Barricade"],"picked":"Bludgeon","floor":16},{"not_picked":["Sword Boomerang","Clash","True Grit"],"picked":"SKIP","floor":18},{"not_picked":["Clothesline","Sever Soul"],"picked":"Sword Boomerang+1","floor":22},{"not_picked":["Flex","Rage"],"picked":"Infernal Blade+1","floor":23},{"not_picked":["Blood for Blood","Headbutt"],"picked":"Limit Break","floor":27}],"player_experience":236063,"relics_obtained":[{"floor":9,"key":"Matryoshka"},{"floor":25,"key":"Nilry\u0027s Codex"},{"floor":26,"key":"Centennial Puzzle"},{"floor":26,"key":"Pantograph"},{"floor":27,"key":"Pear"},{"floor":28,"key":"Pen Nib"},{"floor":28,"key":"Bottled Lightning"}],"event_choices":[{"cards_removed":["Strike_R"],"damage_healed":0,"gold_gain":0,"player_choice":"Purged","damage_taken":0,"max_hp_gain":0,"max_hp_loss":0,"event_name":"Purifier","floor":3,"gold_loss":0},{"damage_healed":0,"gold_gain":0,"player_choice":"Take Damage","damage_taken":20,"relics_obtained":["Golden Idol"],"max_hp_gain":0,"max_hp_loss":0,"event_name":"Golden Idol","floor":13,"gold_loss":0},{"damage_healed":0,"gold_gain":0,"player_choice":"Ignored","damage_taken":0,"max_hp_gain":0,"max_hp_loss":0,"event_name":"Ghosts","floor":20,"gold_loss":0},{"cards_removed":["Strike_R"],"damage_healed":0,"gold_gain":0,"player_choice":"Offered Basic","damage_taken":0,"max_hp_gain":0,"max_hp_loss":0,"event_name":"Bonfire Elementals","floor":21,"gold_loss":0},{"damage_healed":0,"gold_gain":0,"player_choice":"Obtained Book","damage_taken":16,"max_hp_gain":0,"max_hp_loss":0,"event_name":"Cursed Tome","floor":25,"gold_loss":0}],"is_beta":false,"boss_relics":[{"not_picked":["Orrery","Cursed Key"],"picked":"Eternal Feather"}],"items_purged_floors":[5],"is_endless":false,"potions_floor_spawned":[1,7,14,23,27],"killed_by":"3 Cultists","ascension_level":0}