{"gold_per_floor":[113,133,98,98,116,116,143,154,154,173,173,198,198,231,231,305,305,320,320,320,320,83,83,117,117,117,142,154,173,187,205,205,278,278,297,312,324,405,453,480,480,505,505,505,539,15,15,42,42,42,42,42,42,42,69,69],"floor_reached":57,"playtime":3027,"items_purged":["Writhe"],"score":3107,"play_id":"1ef0d2b9-d60a-42c6-ae01-e1c28b1c6bd0","local_time":"20190319213659","is_ascension_mode":true,"campfire_choices":[{"data":"Poisoned Stab","floor":6.0,"key":"SMITH"},{"data":"Bouncing Flask","floor":11.0,"key":"SMITH"},{"floor":13.0,"key":"REST"},{"data":"Catalyst","floor":15.0,"key":"SMITH"},{"data":"Well Laid Plans","floor":23.0,"key":"SMITH"},{"data":"Neutralize","floor":32.0,"key":"SMITH"},{"data":"Caltrops","floor":41.0,"key":"SMITH"},{"floor":44.0,"key":"RECALL"},{"data":"Survivor","floor":49,"key":"SMITH"},{"data":"Dash","floor":53,"key":"SMITH"}],"neow_cost":"NONE","seed_source_timestamp":577533153010390,"circlet_count":0,"master_deck":["AscendersBane","Defend_G","Defend_G","Defend_G","Defend_G","Defend_G","Strike_G","Strike_G","Strike_G","Strike_G","Survivor+1","Neutralize+1","Cloak And Dagger","Catalyst+1","Poisoned Stab+1","Bouncing Flask+1","Dash+1","Blade Dance+1","Caltrops+1","Corpse Explosion+1","Deadly Poison+1","Ghostly+1","Ghostly+1","Ghostly+1","Well Laid Plans+1","Catalyst+1","Leg Sweep+1","PiercingWail+1","Dodge and Roll+1","Calculated Gamble+1","Backflip+1","Acrobatics+1","Deflect+1","Backflip+1","Deflect+1","Escape Plan+1","Backflip+1","Backflip+1","Blur+1"],"special_seed":0,"relics":["Ring of the Snake","Ornamental Fan","Toxic Egg 2","Odd Mushroom","Bottled Lightning","Velvet Choker","Dead Branch","Ice Cream","Shuriken","Matryoshka","Eternal Feather","Tiny Chest","Bag of Marbles","Turnip","Bottled Tornado","Strawberry","Omamori","Bag of Preparation","Paper Crane","OrangePellets","Pear","Sundial"],"potions_floor_usage":[51,56],"damage_taken":[{"damage":19.0,"enemies":"Jaw Worm","floor":1.0,"turns":8.0},{"damage":6.0,"enemies":"Small Slimes","floor":2.0,"turns":3.0},{"damage":0.0,"enemies":"2 Louse","floor":5.0,"turns":3.0},{"damage":38.0,"enemies":"Lagavulin","floor":7.0,"turns":7.0},{"damage":9.0,"enemies":"Large Slime","floor":8.0,"turns":6.0},{"damage":4.0,"enemies":"Red Slaver","floor":10.0,"turns":5.0},{"damage":4.0,"enemies":"The Mushroom Lair","floor":12.0,"turns":5.0},{"damage":10.0,"enemies":"Gremlin Nob","floor":14.0,"turns":4.0},{"damage":0.0,"enemies":"Slime Boss","floor":16.0,"turns":5.0},{"damage":0.0,"enemies":"Spheric Guardian","floor":18.0,"turns":2.0},{"damage":3.0,"enemies":"Slavers","floor":24.0,"turns":2.0},{"damage":6.0,"enemies":"Gremlin Leader","floor":27.0,"turns":5.0},{"damage":0.0,"enemies":"Chosen","floor":28.0,"turns":3.0},{"damage":0.0,"enemies":"Snake Plant","floor":29.0,"turns":2.0},{"damage":11.0,"enemies":"Cultist and Chosen","floor":30.0,"turns":4.0},{"damage":0.0,"enemies":"3 Cultists","floor":31.0,"turns":3.0},{"damage":11.0,"enemies":"Champ","floor":33.0,"turns":6.0},{"damage":23.0,"enemies":"3 Darklings","floor":35.0,"turns":3.0},{"damage":0.0,"enemies":"Orb Walker","floor":36.0,"turns":4.0},{"damage":0.0,"enemies":"Transient","floor":37.0,"turns":6.0},{"damage":13.0,"enemies":"2 Orb Walkers","floor":39.0,"turns":6.0},{"damage":0.0,"enemies":"Nemesis","floor":40.0,"turns":5.0},{"damage":6.0,"enemies":"Giant Head","floor":42.0,"turns":6.0},{"damage":0,"enemies":"Nemesis","floor":45,"turns":5},{"damage":0,"enemies":"Giant Head","floor":48,"turns":5},{"damage":26,"enemies":"Awakened One","floor":50,"turns":24},{"damage":1,"enemies":"Time Eater","floor":51,"turns":6},{"damage":7,"enemies":"Shield and Spear","floor":55,"turns":5},{"damage":1,"enemies":"The Heart","floor":56,"turns":7}],"seed_played":"-3571471093088686055","potions_obtained":[{"floor":8.0,"key":"Regen Potion"},{"floor":10.0,"key":"Dexterity Potion"},{"floor":14.0,"key":"Weak Potion"},{"floor":16.0,"key":"SteroidPotion"},{"floor":18.0,"key":"GhostInAJar"},{"floor":27.0,"key":"LiquidBronze"},{"floor":35.0,"key":"PowerPotion"},{"floor":39.0,"key":"Energy Potion"},{"floor":42.0,"key":"Fruit Juice"},{"floor":55,"key":"Weak Potion"}],"is_trial":false,"path_per_floor":["M","M","?","?","M","R","E","M","T","M","R","?","R","E","R","B",null,"M","?","?","?","$","R","E","?","T","E","M","M","M","M","R","B",null,"M","M","M","T","?","E","R","E","T","R","E","$","?","E","R","B","B",null,"R","$","E","B",null],"character_chosen":"THE_SILENT","items_purchased":["Catalyst+1","Leg Sweep+1","Paper Crane","Backflip+1","OrangePellets"],"campfire_rested":1,"item_purchase_floors":[22,22,46,46,46],"current_hp_per_floor":[46,40,58,51,51,51,13,4,4,15,15,11,32,22,22,22,60,60,36,36,36,36,36,33,46,46,40,40,40,29,29,29,18,39,16,16,16,16,3,3,24,25,25,46,46,46,46,56,60,34,38,58,65,65,58,57],"gold":69,"neow_bonus":"TEN_PERCENT_HP_BONUS","is_prod":false,"is_daily":false,"chose_seed":false,"campfire_upgraded":8,"win_rate":0,"timestamp":1553045819,"path_taken":["M","M","?","?","M","R","E","M","T","M","R","?","R","E","R","BOSS","M","?","?","?","?","R","E","?","T","E","M","M","M","M","R","BOSS","M","M","M","?","?","E","R","E","T","R","E","$","?","E","R","BOSS","BOSS","R","$","E","BOSS"],"build_version":"2019-03-15","purchased_purges":1,"victory":true,"max_hp_per_floor":[72,72,72,72,72,72,72,72,72,72,72,72,72,72,72,72,72,72,36,36,36,36,36,36,46,46,46,46,46,46,46,46,46,46,46,46,46,46,46,46,46,53,53,53,53,53,50,60,60,60,65,65,65,65,65,65],"card_choices":[{"not_picked":["Underhanded Strike","Heel Hook"],"picked":"Cloak And Dagger","floor":1.0},{"not_picked":["Poisoned Stab","Outmaneuver"],"picked":"Catalyst","floor":2.0},{"not_picked":["Caltrops","Backstab"],"picked":"Poisoned Stab","floor":5.0},{"not_picked":["Quick Slash","Bane"],"picked":"Bouncing Flask","floor":7.0},{"not_picked":["Dagger Throw","Sucker Punch"],"picked":"Venomology","floor":8.0},{"not_picked":["Prepared+1","Deflect+1"],"picked":"Dash","floor":10.0},{"not_picked":["Outmaneuver+1","Terror+1"],"picked":"Blade Dance+1","floor":12.0},{"not_picked":["Flying Knee","Reflex+1"],"picked":"Caltrops","floor":14.0},{"not_picked":["Unload","Tools of the Trade"],"picked":"Corpse Explosion+1","floor":16.0},{"not_picked":["Cloak And Dagger+1","Outmaneuver+1"],"picked":"Deadly Poison+1","floor":18.0},{"not_picked":["Dagger Spray","Tactician+1"],"picked":"PiercingWail+1","floor":24.0},{"not_picked":["Bullet Time+1","Bouncing Flask+1"],"picked":"Dodge and Roll+1","floor":27.0},{"not_picked":["Caltrops","Dagger Throw"],"picked":"Calculated Gamble+1","floor":28.0},{"not_picked":["Dagger Throw","Outmaneuver+1"],"picked":"Backflip+1","floor":29.0},{"not_picked":["Slice","Distraction+1"],"picked":"Acrobatics+1","floor":30.0},{"not_picked":["Cloak And Dagger+1","Caltrops","Masterful Stab+1"],"picked":"SKIP","floor":31.0},{"not_picked":["Distraction+1","Reflex+1"],"picked":"Deflect+1","floor":35.0},{"not_picked":["Prepared+1","Dash"],"picked":"Backflip+1","floor":36.0},{"not_picked":["Concentrate+1","Blade Dance+1"],"picked":"Deflect+1","floor":37.0},{"not_picked":["Noxious Fumes","Calculated Gamble+1"],"picked":"Escape Plan+1","floor":39.0},{"not_picked":["Doppelganger+1","Dagger Throw+1","Prepared+1"],"picked":"SKIP","floor":40.0},{"not_picked":["Flying Knee+1","Dagger Throw","Poisoned Stab"],"picked":"SKIP","floor":42.0},{"not_picked":["Venomology+1","Cloak And Dagger+1"],"picked":"Backflip+1","floor":45},{"not_picked":["Quick Slash","Acrobatics+1"],"picked":"Blur+1","floor":48},{"not_picked":["Poisoned Stab+1","Dagger Throw","Masterful Stab"],"picked":"SKIP","floor":55}],"player_experience":1148792,"relics_obtained":[{"floor":7.0,"key":"Ornamental Fan"},{"floor":9.0,"key":"Toxic Egg 2"},{"floor":12.0,"key":"Odd Mushroom"},{"floor":14.0,"key":"Bottled Lightning"},{"floor":24.0,"key":"Ice Cream"},{"floor":26.0,"key":"Shuriken"},{"floor":27.0,"key":"Matryoshka"},{"floor":38.0,"key":"Tiny Chest"},{"floor":38.0,"key":"Bag of Marbles"},{"floor":39.0,"key":"Turnip"},{"floor":40.0,"key":"Bottled Tornado"},{"floor":42.0,"key":"Strawberry"},{"floor":43.0,"key":"Omamori"},{"floor":45,"key":"Bag of Preparation"},{"floor":48,"key":"Pear"},{"floor":55,"key":"Sundial"}],"event_choices":[{"damage_healed":18.0,"max_hp_gain":0.0,"max_hp_loss":0.0,"gold_gain":0.0,"event_name":"The Cleric","player_choice":"Healed","floor":3.0,"gold_loss":35.0,"damage_taken":0.0},{"cards_removed":["Strike_G"],"damage_healed":0.0,"max_hp_gain":0.0,"max_hp_loss":0.0,"gold_gain":0.0,"event_name":"Golden Wing","player_choice":"Card Removal","floor":4.0,"gold_loss":0.0,"damage_taken":7.0},{"damage_healed":0.0,"max_hp_gain":0.0,"max_hp_loss":0.0,"gold_gain":0.0,"event_name":"Mushrooms","player_choice":"Fought Mushrooms","floor":12.0,"gold_loss":0.0,"damage_taken":0.0},{"damage_healed":0.0,"max_hp_gain":0.0,"max_hp_loss":36.0,"gold_gain":0.0,"event_name":"Ghosts","player_choice":"Became a Ghost","floor":19.0,"gold_loss":0.0,"damage_taken":0.0,"cards_obtained":["Ghostly","Ghostly","Ghostly"]},{"damage_healed":0.0,"max_hp_gain":0.0,"max_hp_loss":0.0,"gold_gain":0.0,"event_name":"The Mausoleum","player_choice":"Opened","floor":20.0,"gold_loss":0.0,"damage_taken":0.0,"relics_obtained":["Dead Branch"],"cards_obtained":["Writhe"]},{"damage_healed":0.0,"max_hp_gain":0.0,"max_hp_loss":0.0,"gold_gain":0.0,"event_name":"The Library","player_choice":"Read","floor":21.0,"gold_loss":0.0,"damage_taken":0.0,"cards_obtained":["Well Laid Plans"]},{"cards_removed":["Venomology"],"damage_healed":3.0,"max_hp_gain":10.0,"max_hp_loss":0.0,"gold_gain":0.0,"event_name":"Bonfire Elementals","player_choice":"Offered Rare","floor":25.0,"gold_loss":0.0,"damage_taken":0.0},{"damage_healed":0.0,"max_hp_gain":0.0,"max_hp_loss":0.0,"gold_gain":0.0,"event_name":"Mysterious Sphere","player_choice":"Fight","floor":39.0,"gold_loss":0.0,"damage_taken":0.0},{"damage_healed":0,"gold_gain":0,"player_choice":"Max HP","damage_taken":0,"max_hp_gain":0,"max_hp_loss":3,"event_name":"Winding Halls","floor":47,"gold_loss":0}],"is_beta":true,"boss_relics":[{"not_picked":["Astrolabe","Orrery"],"picked":"Velvet Choker"},{"not_picked":["HoveringKite","Calling Bell"],"picked":"Eternal Feather"}],"items_purged_floors":[22],"is_endless":false,"potions_floor_spawned":[8,10,14,16,18,27,29,31,35,36,39,42,45,55],"ascension_level":20}