{"gold_per_floor":[20,20,36,52,68,68,84,96,96,116,291,291,291,318,318,318],"floor_reached":16,"playtime":658,"items_purged":[],"score":146,"play_id":"2bc5555a-0c82-4258-96eb-9df4ec56fcc2","local_time":"20190131175042","is_ascension_mode":true,"campfire_choices":[{"data":"Defragment","floor":6,"key":"SMITH"},{"floor":12,"key":"REST"},{"floor":15,"key":"REST"}],"neow_cost":"NO_GOLD","seed_source_timestamp":208896407338,"circlet_count":0,"master_deck":["Strike_B","Strike_B","Defend_B","Defend_B","Defend_B","Defend_B","Zap","Dualcast","Aggregate","Heatsinks","Defragment+1","Hello World","Beam Cell","Loop","Core Surge","Sunder","Conserve Battery","Glacier"],"relics":["Cracked Core","Question Card","Matryoshka"],"potions_floor_usage":[7,10],"damage_taken":[{"damage":0,"enemies":"Small Slimes","floor":1,"turns":3},{"damage":4,"enemies":"Jaw Worm","floor":3,"turns":4},{"damage":0,"enemies":"Cultist","floor":4,"turns":3},{"damage":14,"enemies":"2 Fungi Beasts","floor":5,"turns":5},{"damage":8,"enemies":"3 Louse","floor":7,"turns":3},{"damage":22,"enemies":"Red Slaver","floor":8,"turns":4},{"damage":9,"enemies":"2 Fungi Beasts","floor":10,"turns":3},{"damage":28,"enemies":"Lagavulin","floor":14,"turns":6},{"damage":29,"enemies":"Slime Boss","floor":16,"turns":7}],"seed_played":"-6040128275866387772","potions_obtained":[{"floor":1,"key":"Block Potion"},{"floor":4,"key":"Regen Potion"},{"floor":7,"key":"SpeedPotion"}],"is_trial":false,"path_per_floor":["M","$","M","M","M","R","M","M","T","M","?","R","?","E","R","B"],"character_chosen":"DEFECT","items_purchased":[],"campfire_rested":2,"item_purchase_floors":[],"current_hp_per_floor":[68,68,64,64,50,50,42,20,20,20,20,42,35,7,29,0],"gold":318,"neow_bonus":"TRANSFORM_TWO_CARDS","is_prod":false,"is_daily":false,"chose_seed":false,"campfire_upgraded":1,"win_rate":0,"timestamp":1548975042,"path_taken":["M","$","M","M","M","R","M","M","T","M","?","R","?","E","R","BOSS"],"build_version":"2019-01-23","purchased_purges":0,"victory":false,"max_hp_per_floor":[75,75,75,75,75,75,75,75,75,75,75,75,75,75,75,75],"card_choices":[{"not_picked":["Auto Shields","Turbo"],"picked":"Defragment","floor":1},{"not_picked":["Skim","Chill"],"picked":"Hello World","floor":3},{"not_picked":["Compile Driver","Ball Lightning"],"picked":"Beam Cell","floor":4},{"not_picked":["Go for the Eyes","Gash"],"picked":"Loop","floor":5},{"not_picked":["Aggregate","Redo"],"picked":"Core Surge","floor":7},{"not_picked":["Rip and Tear","Streamline"],"picked":"Sunder","floor":8},{"not_picked":["Tempest","Aggregate","Compile Driver"],"picked":"Conserve Battery","floor":10},{"not_picked":["Storm","Force Field","Darkness"],"picked":"Glacier","floor":14}],"player_experience":305489,"relics_obtained":[{"floor":9,"key":"Question Card"},{"floor":14,"key":"Matryoshka"}],"event_choices":[{"damage_healed":0,"gold_gain":175,"player_choice":"AGREE","damage_taken":0,"max_hp_gain":0,"max_hp_loss":0,"event_name":"Liars Game","floor":11,"gold_loss":0,"cards_obtained":["Doubt"]},{"cards_removed":["Doubt"],"damage_healed":0,"gold_gain":0,"player_choice":"Card Removal","damage_taken":7,"max_hp_gain":0,"max_hp_loss":0,"event_name":"Golden Wing","floor":13,"gold_loss":0}],"is_beta":true,"boss_relics":[],"items_purged_floors":[],"is_endless":false,"potions_floor_spawned":[1,4,7],"killed_by":"Slime Boss","ascension_level":8}