{"gold_per_floor":[209,64,83,158,158,158,193,193,193,222,222,251,263,274,274,376,376,386,45,45,59,77,107,7,42,42,74,93,93,109,125,125,222,222,237,337,337,384,384,414,414,445,499,517,517,536,551,566,566,566,566,566,63,89,89],"floor_reached":56,"playtime":3975,"items_purged":["Strike_G","Strike_G"],"score":1637,"play_id":"3a165175-667f-4347-83e5-40a4c6426567","local_time":"20190117041403","is_ascension_mode":true,"campfire_choices":[{"data":"Neutralize","floor":6,"key":"SMITH"},{"data":"Burst","floor":8,"key":"SMITH"},{"data":"Backflip","floor":11,"key":"SMITH"},{"floor":15,"key":"REST"},{"data":"Die Die Die","floor":32,"key":"SMITH"},{"floor":41,"key":"RECALL"},{"data":"Night Terror","floor":45,"key":"SMITH"},{"floor":49,"key":"REST"},{"data":"PiercingWail","floor":52,"key":"SMITH"}],"neow_cost":"NONE","seed_source_timestamp":9063561929056,"circlet_count":0,"master_deck":["Defend_G","Defend_G+1","Defend_G","Defend_G+1","Defend_G","Strike_G","Strike_G","Strike_G","Survivor","Neutralize+1","Backflip+1","Deadly Poison+1","Burst+1","PiercingWail+1","Adrenaline+1","Deadly Poison","Wraith Form v2+1","Apotheosis+1","Blur","Choke","Well Laid Plans+1","Die Die Die+1","Leg Sweep","Blur","Caltrops+1","Night Terror+1","Dagger Throw+1","Dash+1","Catalyst+1","Acrobatics+1","Caltrops+1","Crippling Poison"],"relics":["Ring of the Snake","PreservedInsect","Frozen Egg 2","Snake Skull","StoneCalendar","Pantograph","Velvet Choker","Pear","Torii","Shuriken","Letter Opener","Runic Dome","The Specimen","Ginger","War Paint","Bag of Preparation","Thread and Needle","ClockworkSouvenir","Dead Branch"],"potions_floor_usage":[16,18,33,42,55,55],"damage_taken":[{"damage":6,"enemies":"2 Louse","floor":1,"turns":3},{"damage":3,"enemies":"Cultist","floor":3,"turns":5},{"damage":7,"enemies":"Lagavulin","floor":7,"turns":6},{"damage":24,"enemies":"3 Sentries","floor":10,"turns":10},{"damage":7,"enemies":"Lagavulin","floor":12,"turns":7},{"damage":0,"enemies":"Small Slimes","floor":13,"turns":3},{"damage":0,"enemies":"Looter","floor":14,"turns":3},{"damage":0,"enemies":"The Guardian","floor":16,"turns":7},{"damage":0,"enemies":"3 Byrds","floor":18,"turns":5},{"damage":0,"enemies":"Chosen","floor":21,"turns":4},{"damage":4,"enemies":"Snake Plant","floor":22,"turns":4},{"damage":5,"enemies":"Gremlin Leader","floor":23,"turns":7},{"damage":0,"enemies":"Slavers","floor":25,"turns":4},{"damage":24,"enemies":"Book of Stabbing","floor":27,"turns":5},{"damage":0,"enemies":"Centurion and Healer","floor":28,"turns":5},{"damage":1,"enemies":"Snecko","floor":30,"turns":4},{"damage":1,"enemies":"Chosen and Byrds","floor":31,"turns":5},{"damage":11,"enemies":"Automaton","floor":33,"turns":10},{"damage":0,"enemies":"3 Shapes","floor":35,"turns":7},{"damage":4,"enemies":"Mind Bloom Boss Battle","floor":36,"turns":6},{"damage":14,"enemies":"2 Orb Walkers","floor":38,"turns":5},{"damage":0,"enemies":"Nemesis","floor":40,"turns":7},{"damage":0,"enemies":"Reptomancer","floor":42,"turns":5},{"damage":1,"enemies":"3 Darklings","floor":44,"turns":4},{"damage":1,"enemies":"Spire Growth","floor":46,"turns":6},{"damage":20,"enemies":"Sphere and 2 Shapes","floor":47,"turns":4},{"damage":12,"enemies":"Maw","floor":48,"turns":5},{"damage":8,"enemies":"Time Eater","floor":50,"turns":3},{"damage":0,"enemies":"Shield and Spear","floor":54,"turns":7},{"damage":57,"enemies":"The Heart","floor":55,"turns":10}],"seed_played":"8675841048148760504","potions_obtained":[{"floor":1,"key":"Block Potion"},{"floor":12,"key":"Ancient Potion"},{"floor":13,"key":"Poison Potion"},{"floor":14,"key":"AttackPotion"},{"floor":18,"key":"GamblersBrew"},{"floor":22,"key":"Swift Potion"},{"floor":30,"key":"PowerPotion"},{"floor":35,"key":"Explosive Potion"},{"floor":44,"key":"Fire Potion"}],"is_trial":false,"path_per_floor":["M","$","M","?","?","R","E","R","T","E","R","E","M","M","R","B",null,"M","$","?","M","M","E","$","E","T","E","M","?","M","M","R","B",null,"M","?","?","?","?","E","R","E","T","M","R","M","M","M","R","B",null,"R","$","E","B",null],"character_chosen":"THE_SILENT","items_purchased":["PreservedInsect","Apotheosis","Blur","Thread and Needle","ClockworkSouvenir"],"campfire_rested":2,"item_purchase_floors":[2,19,19,53,53],"current_hp_per_floor":[64,64,61,50,50,50,43,43,43,19,19,12,12,12,33,58,70,70,70,70,70,66,71,71,71,71,47,47,47,46,45,45,59,80,80,76,76,62,62,62,62,62,62,61,61,60,40,28,50,67,76,76,76,76,19],"gold":89,"neow_bonus":"HUNDRED_GOLD","is_prod":false,"is_daily":false,"chose_seed":false,"campfire_upgraded":6,"win_rate":0,"timestamp":1547716443,"path_taken":["M","$","M","?","?","R","E","R","T","E","R","E","?","M","R","BOSS","M","$","?","M","M","E","?","E","T","E","M","?","M","?","R","BOSS","M","?","?","?","?","E","R","E","T","M","R","M","M","M","R","BOSS","R","$","E","BOSS"],"build_version":"2019-01-16","purchased_purges":2,"victory":true,"max_hp_per_floor":[70,70,70,70,70,70,70,70,70,70,70,70,70,70,70,70,70,70,70,70,70,70,80,80,80,80,80,80,80,80,80,80,80,80,80,80,76,76,76,76,76,76,76,76,76,76,76,76,76,76,76,76,76,76,76],"card_choices":[{"not_picked":["Acrobatics","Dodge and Roll"],"picked":"Backflip","floor":1},{"not_picked":["Slice","Dodge and Roll"],"picked":"Deadly Poison","floor":3},{"not_picked":["Finisher","Glass Knife"],"picked":"Burst","floor":7},{"not_picked":["Endless Agony","Eviscerate"],"picked":"PiercingWail","floor":10},{"not_picked":["Terror","Slice"],"picked":"Adrenaline","floor":12},{"not_picked":["Dagger Spray","Terror"],"picked":"Deadly Poison","floor":13},{"not_picked":["Blade Dance","Accuracy+1","Outmaneuver"],"picked":"SKIP","floor":14},{"not_picked":["Unload","Night Terror"],"picked":"Wraith Form v2+1","floor":16},{"not_picked":["Concentrate","Setup","Slice"],"picked":"SKIP","floor":18},{"not_picked":["Outmaneuver","Dagger Spray","Underhanded Strike"],"picked":"SKIP","floor":21},{"not_picked":["Backstab","Blade Dance"],"picked":"Choke","floor":22},{"not_picked":["Deflect","Acrobatics"],"picked":"Well Laid Plans+1","floor":23},{"not_picked":["Concentrate","Dodge and Roll"],"picked":"Die Die Die","floor":25},{"not_picked":["Deadly Poison","Bouncing Flask+1"],"picked":"Leg Sweep","floor":27},{"not_picked":["Blade Dance","Dodge and Roll"],"picked":"Blur","floor":28},{"not_picked":["Choke","Distraction","Dagger Throw+1"],"picked":"SKIP","floor":30},{"not_picked":["Cloak And Dagger","Prepared"],"picked":"Caltrops+1","floor":31},{"not_picked":["Storm of Steel","Bullet Time"],"picked":"Night Terror","floor":33},{"not_picked":["Sucker Punch+1","Deadly Poison"],"picked":"Dagger Throw+1","floor":35},{"not_picked":["Grand Finale","Deadly Poison"],"picked":"Dash+1","floor":40},{"not_picked":["Blur","Deadly Poison"],"picked":"Catalyst+1","floor":42},{"not_picked":["Sucker Punch","Blade Dance+1"],"picked":"Acrobatics+1","floor":44},{"not_picked":["PiercingWail","Flying Knee"],"picked":"Caltrops+1","floor":46},{"not_picked":["Underhanded Strike+1","Cloak And Dagger","Dodge and Roll"],"picked":"SKIP","floor":47},{"not_picked":["Dagger Throw+1","Quick Slash","Deadly Poison+1"],"picked":"SKIP","floor":48},{"not_picked":["Prepared+1","Poisoned Stab"],"picked":"Crippling Poison","floor":54}],"player_experience":209412,"relics_obtained":[{"floor":7,"key":"Frozen Egg 2"},{"floor":9,"key":"Snake Skull"},{"floor":10,"key":"StoneCalendar"},{"floor":12,"key":"Pantograph"},{"floor":23,"key":"Pear"},{"floor":25,"key":"Torii"},{"floor":26,"key":"Shuriken"},{"floor":27,"key":"Letter Opener"},{"floor":36,"key":"The Specimen"},{"floor":38,"key":"Ginger"},{"floor":40,"key":"War Paint"},{"floor":42,"key":"Bag of Preparation"},{"floor":54,"key":"Dead Branch"}],"event_choices":[{"damage_healed":0,"gold_gain":75,"player_choice":"Gather Gold","damage_taken":11,"max_hp_gain":0,"max_hp_loss":0,"event_name":"World of Goop","floor":4,"gold_loss":0},{"damage_healed":0,"gold_gain":0,"player_choice":"Upgraded","damage_taken":0,"max_hp_gain":0,"max_hp_loss":0,"event_name":"Upgrade Shrine","floor":5,"gold_loss":0,"cards_upgraded":["Deadly Poison"]},{"damage_healed":0,"gold_gain":0,"player_choice":"Forge","damage_taken":0,"max_hp_gain":0,"max_hp_loss":0,"event_name":"Accursed Blacksmith","floor":20,"gold_loss":0,"cards_upgraded":["Apotheosis"]},{"damage_healed":0,"gold_gain":0,"player_choice":"Upgraded","damage_taken":0,"max_hp_gain":0,"max_hp_loss":0,"event_name":"Upgrade Shrine","floor":29,"gold_loss":0,"cards_upgraded":["Adrenaline"]},{"damage_healed":0,"gold_gain":0,"player_choice":"Fight","damage_taken":0,"max_hp_gain":0,"max_hp_loss":0,"event_name":"MindBloom","floor":36,"gold_loss":0},{"damage_healed":0,"gold_gain":0,"player_choice":"Max HP","damage_taken":0,"max_hp_gain":0,"max_hp_loss":4,"event_name":"Winding Halls","floor":37,"gold_loss":0},{"damage_healed":0,"gold_gain":0,"player_choice":"Fight","damage_taken":0,"max_hp_gain":0,"max_hp_loss":0,"event_name":"Mysterious Sphere","floor":38,"gold_loss":0},{"damage_healed":0,"gold_gain":0,"player_choice":"Memory 1","damage_taken":0,"max_hp_gain":0,"max_hp_loss":0,"event_name":"SensoryStone","floor":39,"gold_loss":0}],"is_beta":true,"boss_relics":[{"not_picked":["Philosopher\u0027s Stone","Empty Cage"],"picked":"Velvet Choker"},{"not_picked":["Snecko Eye","Tiny House"],"picked":"Runic Dome"}],"items_purged_floors":[19,24],"is_endless":false,"potions_floor_spawned":[1,12,13,14,18,22,30,31,35,38,44,46,48,54],"ascension_level":4}