{"path_per_floor":["M","M","?","M","M","E","R","M","T","R","?","M","M","M","R","B",null,"M","M","$","M"],"character_chosen":"DEFECT","items_purchased":["Dead Branch"],"gold_per_floor":[112,130,130,145,161,191,191,202,202,202,202,221,241,261,261,389,389,412,430,67,86,86],"floor_reached":22,"campfire_rested":1,"playtime":932,"item_purchase_floors":[20],"current_hp_per_floor":[70,68,61,61,57,49,49,39,39,39,39,35,28,23,45,28,75,61,43,43,11,0],"items_purged":["Injury"],"gold":86,"score":192,"play_id":"bb322091-19b4-4676-9a35-5e926c717983","local_time":"20180610061817","is_prod":false,"is_daily":false,"chose_seed":false,"is_ascension_mode":false,"campfire_upgraded":2,"win_rate":0.0,"timestamp":1528636697,"campfire_choices":[{"data":"Doom and Gloom","floor":7,"key":"SMITH"},{"data":"Conserve Battery","floor":10,"key":"SMITH"},{"floor":15,"key":"REST"}],"path_taken":["M","M","?","?","M","E","R","M","T","R","?","?","M","M","R","BOSS","M","M","$","M","M"],"build_version":"2018-06-07v3","seed_source_timestamp":1576897442178798,"purchased_purges":1,"victory":false,"master_deck":["Zap","Dualcast","Go for the Eyes","Leap","Conserve Battery+1","Doom and Gloom+1","Static Discharge","Defragment","Sunder","Redo","Thunder Strike","Streamline","Coolheaded","Compile Driver","Steam","Hologram","Fusion","Hello World","Buffer"],"max_hp_per_floor":[75,75,75,75,75,75,75,75,75,75,75,75,75,75,75,75,75,75,75,75,75,75],"relics":["Cracked Core","Emotion Chip","Blue Candle","Golden Idol","Pandora\u0027s Box","Dead Branch"],"card_choices":[{"not_picked":["Scrape","Hologram"],"picked":"Leap","floor":1},{"not_picked":["Darkness","Coolheaded"],"picked":"Conserve Battery","floor":2},{"not_picked":["Chill","Storm"],"picked":"Doom and Gloom","floor":4},{"not_picked":["Ball Lightning","Compile Driver"],"picked":"Static Discharge","floor":5},{"not_picked":["Storm","Barrage"],"picked":"Defragment","floor":6},{"not_picked":["Double Energy","Rebound","Stack"],"picked":"SKIP","floor":8},{"not_picked":["Hologram","Force Field","Chill"],"picked":"SKIP","floor":12},{"not_picked":["Sweeping Beam","Chill"],"picked":"Sunder","floor":13},{"not_picked":["Doom and Gloom","All For One"],"picked":"Redo","floor":14},{"not_picked":["Machine Learning","Reboot"],"picked":"Thunder Strike","floor":16},{"not_picked":["Hologram","Cold Snap"],"picked":"Hello World","floor":18},{"not_picked":["Glacier+1","Blizzard","Lockon"],"picked":"SKIP","floor":19},{"not_picked":["Coolheaded+1","Barrage"],"picked":"Buffer","floor":21}],"player_experience":175636,"potions_floor_usage":[6,6,18,21,21,22],"damage_taken":[{"damage":5,"enemies":"Small Slimes","floor":1,"turns":4},{"damage":2,"enemies":"Jaw Worm","floor":2,"turns":3},{"damage":0,"enemies":"Cultist","floor":4,"turns":4},{"damage":4,"enemies":"Blue Slaver","floor":5,"turns":3},{"damage":8,"enemies":"Lagavulin","floor":6,"turns":5},{"damage":10,"enemies":"Looter","floor":8,"turns":4},{"damage":4,"enemies":"Large Slime","floor":12,"turns":4},{"damage":7,"enemies":"Exordium Thugs","floor":13,"turns":3},{"damage":5,"enemies":"Looter","floor":14,"turns":3},{"damage":17,"enemies":"Hexaghost","floor":16,"turns":8},{"damage":14,"enemies":"Spheric Guardian","floor":18,"turns":3},{"damage":18,"enemies":"Chosen","floor":19,"turns":5},{"damage":32,"enemies":"Slaver and Parasite","floor":21,"turns":4},{"damage":17,"enemies":"Snecko","floor":22,"turns":4}],"relics_obtained":[{"floor":6,"key":"Emotion Chip"},{"floor":9,"key":"Blue Candle"}],"event_choices":[{"event_name":"Golden Wing","player_choice":"Card Removal","floor":3,"damage_taken":0},{"event_name":"Golden Idol","player_choice":"Take Wound","floor":11,"damage_taken":0}],"boss_relics":[{"not_picked":["Busted Crown","White Beast Statue"],"picked":"Pandora\u0027s Box"}],"items_purged_floors":[20],"potions_floor_spawned":[1,2,8,13,16,18],"seed_played":"7232983116277211054","killed_by":"Snecko","ascension_level":0,"potions_obtained":[{"floor":1,"key":"Poison Potion"},{"floor":2,"key":"SkillPotion"},{"floor":8,"key":"SneckoOil"},{"floor":13,"key":"Explosive Potion"},{"floor":16,"key":"AttackPotion"},{"floor":18,"key":"SteroidPotion"}],"is_trial":false}