{"gold_per_floor":[119,119,132,85,104,130,130,144,194,210,228,228,303,313,313,410,410,410,32,32,32,32,32,32,32,32,32,32,32,32,32,32,32,32,32,32,32,32,32,32,32,32,32,32,32,32,32,32,32,32],"floor_reached":50,"playtime":6113,"items_purged":[],"score":678,"play_id":"28eb47e3-228e-4547-baea-7a17cb3b0d5b","local_time":"20190319013709","is_ascension_mode":true,"campfire_choices":[{"data":"Neutralize","floor":7.0,"key":"SMITH"},{"floor":12.0,"key":"REST"},{"floor":15.0,"key":"REST"},{"data":"Wraith Form v2","floor":28.0,"key":"SMITH"},{"data":"After Image","floor":30.0,"key":"SMITH"},{"floor":32.0,"key":"REST"},{"floor":42.0,"key":"RECALL"},{"data":"Blade Dance","floor":49.0,"key":"SMITH"}],"neow_cost":"PERCENT_DAMAGE","seed_source_timestamp":29922633450000,"circlet_count":0,"master_deck":["Defend_G","Defend_G","Defend_G","Defend_G","Defend_G","Strike_G","Survivor","Neutralize+1","Flying Knee","Blade Dance+1","Masterful Stab","PiercingWail+1","Flying Knee","Deadly Poison+1","Catalyst+1","After Image+1","Expertise+1","Blade Dance+1","Masterful Stab","Backflip+1","Wraith Form v2+1","Escape Plan+1","Dodge and Roll+1","Deadly Poison+1","Poisoned Stab+1","Noxious Fumes+1","After Image","Crippling Poison+1","Jack Of All Trades+1","Calculated Gamble+1","Storm of Steel+1","Backflip+1","Deadly Poison+1","Adrenaline+1","Backflip+1"],"special_seed":0,"relics":["Ring of the Snake","Toxic Egg 2","Bag of Preparation","Ectoplasm","Kunai","Dream Catcher","Matryoshka","Oddly Smooth Stone","Orichalcum","WristBlade","Letter Opener","Sundial","Art of War"],"potions_floor_usage":[50],"damage_taken":[{"damage":0.0,"enemies":"Jaw Worm","floor":1.0,"turns":6.0},{"damage":4.0,"enemies":"Cultist","floor":3.0,"turns":5.0},{"damage":0.0,"enemies":"2 Louse","floor":5.0,"turns":3.0},{"damage":21.0,"enemies":"3 Sentries","floor":6.0,"turns":10.0},{"damage":5.0,"enemies":"Red Slaver","floor":8.0,"turns":3.0},{"damage":6.0,"enemies":"Exordium Thugs","floor":10.0,"turns":7.0},{"damage":1.0,"enemies":"Looter","floor":11.0,"turns":3.0},{"damage":5.0,"enemies":"Exordium Wildlife","floor":14.0,"turns":2.0},{"damage":22.0,"enemies":"Hexaghost","floor":16.0,"turns":8.0},{"damage":4.0,"enemies":"Chosen","floor":18.0,"turns":5.0},{"damage":0.0,"enemies":"Spheric Guardian","floor":21.0,"turns":3.0},{"damage":3.0,"enemies":"Book of Stabbing","floor":23.0,"turns":5.0},{"damage":5.0,"enemies":"Centurion and Healer","floor":24.0,"turns":5.0},{"damage":0.0,"enemies":"Gremlin Leader","floor":25.0,"turns":10.0},{"damage":0.0,"enemies":"Sentry and Sphere","floor":29.0,"turns":6.0},{"damage":23.0,"enemies":"Snecko","floor":31.0,"turns":5.0},{"damage":3.0,"enemies":"Automaton","floor":33.0,"turns":11.0},{"damage":0.0,"enemies":"3 Darklings","floor":35.0,"turns":5.0},{"damage":4.0,"enemies":"3 Shapes","floor":39.0,"turns":6.0},{"damage":0.0,"enemies":"Reptomancer","floor":40.0,"turns":7.0},{"damage":0.0,"enemies":"Spire Growth","floor":41.0,"turns":5.0},{"damage":0.0,"enemies":"Jaw Worm Horde","floor":44.0,"turns":4.0},{"damage":0.0,"enemies":"Maw","floor":45.0,"turns":6.0},{"damage":15.0,"enemies":"Spire Growth","floor":46.0,"turns":5.0},{"damage":0.0,"enemies":"Writhing Mass","floor":48.0,"turns":5.0},{"damage":57,"enemies":"Time Eater","floor":50,"turns":14}],"seed_played":"-6043462320894610200","potions_obtained":[{"floor":3.0,"key":"Strength Potion"},{"floor":6.0,"key":"LiquidBronze"},{"floor":8.0,"key":"EssenceOfSteel"}],"is_trial":false,"path_per_floor":["M","?","M","$","M","E","R","M","T","M","M","R","?","M","R","B",null,"M","$","?","M","?","E","M","E","T","?","R","M","R","M","R","B",null,"M","?","?","?","M","E","M","R","T","M","M","M","T","M","R","B"],"character_chosen":"THE_SILENT","items_purchased":["Blade Dance","Kunai","Blade Dance+1","Masterful Stab"],"campfire_rested":3,"item_purchase_floors":[4,19,19,19],"current_hp_per_floor":[49,49,45,45,45,24,24,19,19,13,12,33,22,17,38,16,70,66,66,70,70,57,54,49,49,49,49,49,49,49,26,48,45,75,75,75,75,75,71,71,71,71,71,71,71,56,56,56,56,0],"gold":32,"neow_bonus":"REMOVE_TWO","is_prod":false,"is_daily":false,"chose_seed":false,"campfire_upgraded":4,"win_rate":0,"timestamp":1552939629,"path_taken":["M","?","M","?","M","E","R","M","T","M","?","R","?","M","R","BOSS","M","$","?","?","?","E","M","E","T","?","R","M","R","M","R","BOSS","M","?","?","?","M","E","M","R","T","M","M","?","?","M","R","BOSS"],"build_version":"2019-01-23","purchased_purges":0,"victory":false,"max_hp_per_floor":[70,70,70,70,70,70,70,70,70,70,70,70,70,70,70,70,70,70,70,70,70,75,75,75,75,75,75,75,75,75,75,75,75,75,75,75,75,75,75,75,75,75,75,75,75,75,75,75,75,75],"card_choices":[{"not_picked":["Outmaneuver","Cloak And Dagger"],"picked":"Blade Dance","floor":1.0},{"not_picked":["Bane","Underhanded Strike"],"picked":"Flying Knee","floor":3.0},{"not_picked":["Riddle With Holes","Sucker Punch"],"picked":"Masterful Stab","floor":5.0},{"not_picked":["Blur","Prepared","Outmaneuver"],"picked":"SKIP","floor":6.0},{"not_picked":["Poisoned Stab","Outmaneuver+1"],"picked":"PiercingWail+1","floor":8.0},{"not_picked":["Doppelganger+1","Underhanded Strike"],"picked":"Flying Knee","floor":10.0},{"not_picked":["PiercingWail+1","Heel Hook"],"picked":"Deadly Poison+1","floor":11.0},{"not_picked":["Sucker Punch","Poisoned Stab"],"picked":"Catalyst+1","floor":14.0},{"not_picked":["Burst+1","Bullet Time+1"],"picked":"After Image","floor":16.0},{"not_picked":["Acrobatics+1","Skewer"],"picked":"Expertise+1","floor":18.0},{"not_picked":["Bane","Prepared+1"],"picked":"Backflip+1","floor":21.0},{"not_picked":["Dagger Throw","Backflip+1"],"picked":"Wraith Form v2","floor":23.0},{"not_picked":["Deadly Poison+1","Prepared+1"],"picked":"Escape Plan+1","floor":24.0},{"not_picked":["Prepared+1","Corpse Explosion+1"],"picked":"Dodge and Roll+1","floor":25.0},{"not_picked":["Dagger Throw","Outmaneuver+1"],"picked":"Deadly Poison+1","floor":29.0},{"not_picked":["Deadly Poison+1","Backstab"],"picked":"Poisoned Stab+1","floor":31.0},{"not_picked":["Sucker Punch","Dagger Throw"],"picked":"Noxious Fumes","floor":32.0},{"not_picked":["Tools of the Trade","Die Die Die"],"picked":"After Image","floor":33.0},{"not_picked":["Sucker Punch","Blur+1"],"picked":"Crippling Poison+1","floor":35.0},{"not_picked":["Madness+1","Forethought+1"],"picked":"Jack Of All Trades+1","floor":36.0},{"not_picked":["Sucker Punch+1","Dagger Throw+1"],"picked":"Calculated Gamble+1","floor":39.0},{"not_picked":["Dagger Throw","Predator+1"],"picked":"Storm of Steel+1","floor":40.0},{"not_picked":["Poisoned Stab","Choke"],"picked":"Backflip+1","floor":41.0},{"not_picked":["Quick Slash","Choke"],"picked":"Deadly Poison+1","floor":44.0},{"not_picked":["Caltrops+1","Deflect+1"],"picked":"Adrenaline+1","floor":45.0},{"not_picked":["Choke","Caltrops","Underhanded Strike+1"],"picked":"SKIP","floor":46.0},{"not_picked":["Poisoned Stab","Quick Slash+1"],"picked":"Backflip+1","floor":48.0}],"player_experience":61544,"relics_obtained":[{"floor":6.0,"key":"Toxic Egg 2"},{"floor":9.0,"key":"Bag of Preparation"},{"floor":23.0,"key":"Dream Catcher"},{"floor":25.0,"key":"Matryoshka"},{"floor":26.0,"key":"Oddly Smooth Stone"},{"floor":26.0,"key":"Orichalcum"},{"floor":40.0,"key":"Letter Opener"},{"floor":43.0,"key":"Sundial"},{"floor":47.0,"key":"Art of War"}],"event_choices":[{"cards_removed":["Strike_G"],"damage_healed":0.0,"max_hp_gain":0.0,"max_hp_loss":0.0,"gold_gain":0.0,"event_name":"Purifier","player_choice":"Purged","floor":2.0,"gold_loss":0.0,"damage_taken":0.0},{"damage_healed":0.0,"max_hp_gain":0.0,"max_hp_loss":0.0,"gold_gain":75.0,"event_name":"World of Goop","player_choice":"Gather Gold","floor":13.0,"gold_loss":0.0,"damage_taken":11.0},{"cards_removed":["Blade Dance"],"damage_healed":5.0,"max_hp_gain":0.0,"max_hp_loss":0.0,"gold_gain":0.0,"event_name":"Bonfire Elementals","player_choice":"Offered Common","floor":20.0,"gold_loss":0.0,"damage_taken":0.0},{"cards_removed":["Blade Dance"],"damage_healed":5.0,"max_hp_gain":0.0,"max_hp_loss":0.0,"gold_gain":0.0,"event_name":"Bonfire Elementals","player_choice":"Offered Special","floor":20.0,"gold_loss":0.0,"damage_taken":0.0},{"damage_healed":0.0,"max_hp_gain":5.0,"max_hp_loss":0.0,"gold_gain":0.0,"event_name":"Forgotten Altar","player_choice":"Shed Blood","floor":22.0,"gold_loss":0.0,"damage_taken":18.0},{"damage_healed":0.0,"max_hp_gain":0.0,"max_hp_loss":0.0,"gold_gain":0.0,"event_name":"Ghosts","player_choice":"Ignored","floor":27.0,"gold_loss":0.0,"damage_taken":0.0},{"damage_healed":0.0,"max_hp_gain":0.0,"max_hp_loss":0.0,"gold_gain":0.0,"event_name":"SensoryStone","player_choice":"Memory 1","floor":36.0,"gold_loss":0.0,"damage_taken":0.0},{"cards_removed":["Strike_G"],"damage_healed":0.0,"max_hp_gain":0.0,"max_hp_loss":0.0,"gold_gain":0.0,"event_name":"Falling","player_choice":"Removed Attack","floor":37.0,"gold_loss":0.0,"damage_taken":0.0},{"damage_healed":0.0,"max_hp_gain":0.0,"max_hp_loss":0.0,"gold_gain":0.0,"event_name":"Upgrade Shrine","player_choice":"Upgraded","floor":38.0,"gold_loss":0.0,"damage_taken":0.0,"cards_upgraded":["Noxious Fumes"]}],"is_beta":false,"boss_relics":[{"not_picked":["Calling Bell","Empty Cage"],"picked":"Ectoplasm"},{"not_picked":["Black Star","HoveringKite"],"picked":"WristBlade"}],"items_purged_floors":[],"is_endless":false,"potions_floor_spawned":[3,6,8,16,18,24,29,31,40,41,44,45],"killed_by":"Time Eater","ascension_level":3}