{"gold_per_floor":[117,26,26,38,213,213,242,242,266,266,282,282,282,300,300,402,402,418,22,22,40,59,88,88,88,88,37,108,108],"floor_reached":29,"playtime":953,"items_purged":["Doubt"],"score":330,"play_id":"34085c00-a5a9-4ac7-94f8-95e2f5675f49","local_time":"20190118142538","is_ascension_mode":true,"campfire_choices":[{"data":"Neutralize","floor":6,"key":"SMITH"},{"data":"Cloak And Dagger","floor":8,"key":"SMITH"},{"data":"Quick Slash","floor":10,"key":"SMITH"},{"data":"Choke","floor":15,"key":"SMITH"},{"data":"Mind Blast","floor":24,"key":"SMITH"}],"neow_cost":"NONE","seed_source_timestamp":16591300394746,"circlet_count":0,"master_deck":["Defend_G","Defend_G","Defend_G","Defend_G","Defend_G","Strike_G","Strike_G","Strike_G","Strike_G","Strike_G","Survivor","Neutralize+1","Backflip","Caltrops+1","Cloak And Dagger+1","Quick Slash+1","Predator","Choke+1","PiercingWail","Bullet Time","Poisoned Stab","Noxious Fumes","Mind Blast+1","Blur+1","Noxious Fumes","Backflip"],"relics":["Ring of the Snake","NeowsBlessing","Art of War","Vajra","The Specimen","Coffee Dripper","Ornamental Fan","Gremlin Horn","Incense Burner","Mercury Hourglass"],"potions_floor_usage":[16,16,23,29,29,29],"damage_taken":[{"damage":0,"enemies":"Small Slimes","floor":1,"turns":1},{"damage":0,"enemies":"Cultist","floor":4,"turns":1},{"damage":0,"enemies":"Gremlin Nob","floor":7,"turns":1},{"damage":0,"enemies":"2 Louse","floor":11,"turns":2},{"damage":6,"enemies":"2 Fungi Beasts","floor":14,"turns":4},{"damage":31,"enemies":"Hexaghost","floor":16,"turns":10},{"damage":2,"enemies":"Shell Parasite","floor":18,"turns":4},{"damage":8,"enemies":"3 Byrds","floor":21,"turns":4},{"damage":11,"enemies":"Centurion and Healer","floor":22,"turns":6},{"damage":23,"enemies":"Book of Stabbing","floor":23,"turns":5},{"damage":9,"enemies":"Slavers","floor":29,"turns":3}],"seed_played":"737154130994445101","potions_obtained":[{"floor":1,"key":"Weak Potion"},{"floor":11,"key":"Fire Potion"},{"floor":14,"key":"SkillPotion"},{"floor":18,"key":"PowerPotion"},{"floor":22,"key":"GamblersBrew"}],"is_trial":false,"path_per_floor":["M","$","?","M","?","R","E","R","T","R","M","?","T","M","R","B",null,"M","$","?","M","M","E","R","?","T","$","T","E"],"character_chosen":"THE_SILENT","items_purchased":["Caltrops","Cloak And Dagger","Ornamental Fan","Noxious Fumes","Block Potion"],"campfire_rested":0,"item_purchase_floors":[2,2,19,19,27],"current_hp_per_floor":[70,70,70,70,70,70,70,70,70,70,70,75,75,69,69,38,66,64,64,50,42,31,8,8,8,8,8,8,0],"gold":108,"neow_bonus":"THREE_ENEMY_KILL","is_prod":false,"is_daily":false,"chose_seed":false,"campfire_upgraded":5,"win_rate":0,"timestamp":1547839538,"path_taken":["M","$","?","?","?","R","E","R","T","R","M","?","?","M","R","BOSS","M","$","?","?","M","E","R","?","T","?","?","E"],"build_version":"2019-01-16","purchased_purges":1,"victory":false,"max_hp_per_floor":[70,70,70,70,70,70,70,70,70,70,70,75,75,75,75,75,75,75,75,75,75,75,75,75,75,75,75,75,75],"card_choices":[{"not_picked":["Blur","Slice"],"picked":"Backflip","floor":1},{"not_picked":["Dagger Spray","Deflect"],"picked":"Quick Slash","floor":4},{"not_picked":["Prepared","Dodge and Roll"],"picked":"Predator","floor":7},{"not_picked":["Quick Slash","Blade Dance"],"picked":"Choke","floor":11},{"not_picked":["Dagger Spray","Sucker Punch"],"picked":"PiercingWail","floor":14},{"not_picked":["Die Die Die","Tools of the Trade"],"picked":"Bullet Time","floor":16},{"not_picked":["Slice+1","Outmaneuver+1"],"picked":"Poisoned Stab","floor":18},{"not_picked":["Poisoned Stab","Setup+1"],"picked":"Blur+1","floor":21},{"not_picked":["Blur","Dodge and Roll"],"picked":"Noxious Fumes","floor":22},{"not_picked":["Deflect","Bane"],"picked":"Backflip","floor":23}],"player_experience":214892,"relics_obtained":[{"floor":7,"key":"Art of War"},{"floor":9,"key":"Vajra"},{"floor":13,"key":"The Specimen"},{"floor":23,"key":"Gremlin Horn"},{"floor":26,"key":"Incense Burner"},{"floor":28,"key":"Mercury Hourglass"}],"event_choices":[{"damage_healed":0,"gold_gain":0,"player_choice":"Upgraded","damage_taken":0,"max_hp_gain":0,"max_hp_loss":0,"event_name":"Upgrade Shrine","floor":3,"gold_loss":0,"cards_upgraded":["Caltrops"]},{"damage_healed":0,"gold_gain":175,"player_choice":"AGREE","damage_taken":0,"max_hp_gain":0,"max_hp_loss":0,"event_name":"Liars Game","floor":5,"gold_loss":0,"cards_obtained":["Doubt"]},{"damage_healed":0,"gold_gain":0,"player_choice":"Donut","damage_taken":0,"max_hp_gain":5,"max_hp_loss":0,"event_name":"Big Fish","floor":12,"gold_loss":0},{"damage_healed":0,"gold_gain":0,"player_choice":"CARD ","damage_taken":14,"max_hp_gain":0,"max_hp_loss":0,"event_name":"Knowing Skull","floor":20,"potions_obtained":[],"gold_loss":0,"cards_obtained":["Mind Blast"]},{"damage_healed":0,"gold_gain":0,"player_choice":"Ignored","damage_taken":0,"max_hp_gain":0,"max_hp_loss":0,"event_name":"Cursed Tome","floor":25,"gold_loss":0}],"is_beta":true,"boss_relics":[{"not_picked":["Snecko Eye","Orrery"],"picked":"Coffee Dripper"}],"items_purged_floors":[19],"is_endless":false,"potions_floor_spawned":[1,11,14,18,22],"killed_by":"Slavers","ascension_level":5}