{"gold_per_floor":[119,23,37,50,50,50,81,81,132,132,132,161,161,161,161,161],"floor_reached":16,"playtime":270,"items_purged":[],"score":212,"play_id":"80e8b004-905a-48ac-b581-b0fb48f20b4b","local_time":"20181117163520","is_ascension_mode":true,"campfire_choices":[{"floor":6.0,"key":"REST"},{"data":"Streamline","floor":11.0,"key":"SMITH"},{"floor":13.0,"key":"DIG"},{"floor":15,"key":"DIG"}],"neow_cost":"NONE","seed_source_timestamp":247324924016749,"circlet_count":0,"master_deck":["AscendersBane","Strike_B+1","Strike_B","Strike_B","Strike_B","Defend_B","Defend_B","Defend_B+1","Defend_B","Zap+1","Dualcast","Ball Lightning","Consume","Streamline+1","Multi-Cast","Coolheaded","Regret","Defragment"],"special_seed":0,"relics":["Cracked Core","Smiling Mask","Blood Vial","Potion Belt","Bronze Scales","Shovel","Juzu Bracelet","The Courier"],"potions_floor_usage":[],"damage_taken":[{"damage":1.0,"enemies":"Cultist","floor":1.0,"turns":3.0},{"damage":0.0,"enemies":"Small Slimes","floor":3.0,"turns":2.0},{"damage":2.0,"enemies":"2 Louse","floor":4.0,"turns":3.0},{"damage":27.0,"enemies":"3 Sentries","floor":7.0,"turns":6.0},{"damage":30.0,"enemies":"Gremlin Nob","floor":12.0,"turns":4.0},{"damage":0,"enemies":"Slime Boss","floor":16,"turns":1}],"seed_played":"3592688174808821045","potions_obtained":[{"floor":4.0,"key":"FocusPotion"},{"floor":7.0,"key":"Regen Potion"}],"is_trial":false,"path_per_floor":["M","$","M","M","?","R","E","?","T","?","R","E","R","?","R","B"],"character_chosen":"DEFECT","items_purchased":["Consume","Fire Potion"],"campfire_rested":1,"item_purchase_floors":[2,2],"current_hp_per_floor":[63,63,63,61,40,61,34,34,34,34,34,18,18,18,18,20],"gold":161,"neow_bonus":"UPGRADE_CARD","is_prod":false,"is_daily":false,"chose_seed":false,"campfire_upgraded":1,"win_rate":0,"timestamp":1542490520,"path_taken":["M","$","M","M","?","R","E","?","T","?","R","E","R","?","R","BOSS"],"build_version":"2018-11-15","purchased_purges":0,"victory":false,"max_hp_per_floor":[71,71,71,71,71,71,71,71,71,71,71,71,71,71,71,71],"card_choices":[{"not_picked":["Rebound","Double Energy"],"picked":"Ball Lightning","floor":1.0},{"not_picked":["Hologram","Beam Cell"],"picked":"Streamline","floor":3.0},{"not_picked":["Streamline","Leap"],"picked":"Multi-Cast","floor":4.0},{"not_picked":["Scrape","Streamline"],"picked":"Coolheaded","floor":7.0},{"not_picked":["Chaos","Conserve Battery"],"picked":"Defragment","floor":12.0}],"player_experience":878049,"relics_obtained":[{"floor":7.0,"key":"Smiling Mask"},{"floor":9.0,"key":"Potion Belt"},{"floor":12.0,"key":"Shovel"},{"floor":13.0,"key":"Juzu Bracelet"},{"floor":15,"key":"The Courier"}],"event_choices":[{"damage_healed":0.0,"max_hp_gain":0.0,"max_hp_loss":0.0,"gold_gain":0.0,"event_name":"Shining Light","player_choice":"Entered Light","floor":5.0,"gold_loss":0.0,"damage_taken":21.0,"cards_upgraded":["Defend_B","Strike_B"]},{"damage_healed":0.0,"max_hp_gain":0.0,"max_hp_loss":0.0,"gold_gain":0.0,"event_name":"Big Fish","player_choice":"Box","floor":8.0,"gold_loss":0.0,"damage_taken":0.0,"relics_obtained":["Blood Vial"],"cards_obtained":["Regret"]},{"damage_healed":0.0,"max_hp_gain":0.0,"max_hp_loss":0.0,"gold_gain":0.0,"event_name":"WeMeetAgain","player_choice":"Gave Potion","floor":10.0,"gold_loss":0.0,"damage_taken":0.0,"relics_obtained":["Bronze Scales"]},{"damage_healed":0,"gold_gain":0,"player_choice":"Searched \u00270\u0027 times","damage_taken":0,"max_hp_gain":0,"max_hp_loss":0,"event_name":"Dead Adventurer","floor":14,"gold_loss":0}],"is_beta":true,"boss_relics":[],"items_purged_floors":[],"is_endless":false,"potions_floor_spawned":[4,7],"killed_by":"Slime Boss","ascension_level":20}