{"gold_per_floor":[113,113,137,153,96,135,135,178,178,178,178,218,218],"floor_reached":13,"playtime":397,"items_purged":[],"score":202,"play_id":"f7fb7c2f-532b-4032-b796-5315abba622d","local_time":"20190307193846","is_ascension_mode":true,"campfire_choices":[{"data":"Spot Weakness","floor":7.0,"key":"SMITH"},{"floor":10.0,"key":"REST"}],"neow_cost":"NONE","seed_source_timestamp":61519012001518,"circlet_count":0,"master_deck":["AscendersBane","Strike_R","Strike_R","Strike_R","Strike_R","Defend_R","Defend_R","Defend_R","Defend_R","Bash","Spot Weakness+1","Infernal Blade","True Grit","Whirlwind","Second Wind"],"special_seed":0,"relics":["Burning Blood","Bag of Preparation","Golden Idol","Art of War","Ornamental Fan","Kunai","Calipers"],"potions_floor_usage":[13,13],"damage_taken":[{"damage":6.0,"enemies":"Small Slimes","floor":1.0,"turns":4.0},{"damage":9.0,"enemies":"Jaw Worm","floor":3.0,"turns":3.0},{"damage":0.0,"enemies":"Cultist","floor":4.0,"turns":3.0},{"damage":30.0,"enemies":"3 Sentries","floor":6.0,"turns":7.0},{"damage":40.0,"enemies":"Gremlin Nob","floor":8.0,"turns":4.0},{"damage":15.0,"enemies":"3 Sentries","floor":12.0,"turns":5.0},{"damage":23,"enemies":"Gremlin Gang","floor":13,"turns":4}],"seed_played":"1789381960611874905","potions_obtained":[{"floor":4.0,"key":"Strength Potion"},{"floor":8.0,"key":"Swift Potion"},{"floor":12.0,"key":"FearPotion"}],"is_trial":false,"path_per_floor":["M","?","M","M","$","E","R","E","T","R","?","E","M"],"character_chosen":"IRONCLAD","items_purchased":["Explosive Potion"],"campfire_rested":1,"item_purchase_floors":[5],"current_hp_per_floor":[68,68,65,68,68,44,44,10,10,30,30,21,0],"gold":218,"neow_bonus":"RANDOM_COMMON_RELIC","is_prod":false,"is_daily":false,"chose_seed":false,"campfire_upgraded":1,"win_rate":0,"timestamp":1552005526,"path_taken":["M","?","M","M","$","E","R","E","T","R","?","E","M"],"build_version":"2019-02-06","purchased_purges":0,"victory":false,"max_hp_per_floor":[75,68,68,68,68,68,68,68,68,68,68,68,68],"card_choices":[{"not_picked":["Wild Strike","Twin Strike"],"picked":"Spot Weakness","floor":1.0},{"not_picked":["Rupture","Flex"],"picked":"Infernal Blade","floor":3.0},{"not_picked":["Heavy Blade","Clothesline"],"picked":"True Grit","floor":4.0},{"not_picked":["Pommel Strike","Berserk"],"picked":"Whirlwind","floor":6.0},{"not_picked":["Fire Breathing","Headbutt"],"picked":"Second Wind","floor":8.0},{"not_picked":["Bludgeon","Corruption","Seeing Red"],"picked":"SKIP","floor":12.0}],"player_experience":1064937,"relics_obtained":[{"floor":6.0,"key":"Art of War"},{"floor":8.0,"key":"Ornamental Fan"},{"floor":9.0,"key":"Kunai"},{"floor":12.0,"key":"Calipers"}],"event_choices":[{"damage_healed":0.0,"max_hp_gain":0.0,"max_hp_loss":7.0,"gold_gain":0.0,"event_name":"Golden Idol","player_choice":"Lose Max HP","floor":2.0,"gold_loss":0.0,"damage_taken":0.0,"relics_obtained":["Golden Idol"]},{"cards_removed":["Strike_R"],"damage_healed":0.0,"max_hp_gain":0.0,"max_hp_loss":0.0,"gold_gain":0.0,"event_name":"Purifier","player_choice":"Purged","floor":11.0,"gold_loss":0.0,"damage_taken":0.0}],"is_beta":true,"boss_relics":[],"items_purged_floors":[],"is_endless":false,"potions_floor_spawned":[4,8,12],"killed_by":"Gremlin Gang","ascension_level":20}