{"gold_per_floor":[110,130,130,60,74,74,131,131,131,131,142,173,173,46,46,150,200,218,218,218,236,236,236,247,279,279,297,297],"floor_reached":28,"playtime":757,"items_purged":["Strike_G"],"score":321,"play_id":"b1fd5511-e47b-41e0-ad39-ecf5455418a7","local_time":"20190318034330","is_ascension_mode":true,"campfire_choices":[{"data":"Dagger Spray","floor":6,"key":"SMITH"},{"data":"Caltrops","floor":8,"key":"SMITH"},{"data":"Caltrops","floor":10,"key":"SMITH"},{"floor":15,"key":"REST"},{"data":"Caltrops","floor":23,"key":"SMITH"}],"neow_cost":"NONE","seed_source_timestamp":154777873178489,"circlet_count":0,"master_deck":["Defend_G+1","Defend_G","Defend_G","Defend_G","Defend_G","Strike_G","Strike_G","Strike_G","Strike_G","Survivor","Neutralize","Backstab","Dagger Spray+1","Backstab","Backstab","Caltrops+1","Caltrops+1","Backflip","After Image","Caltrops+1","Necronomicurse","Backflip+1"],"relics":["Ring of the Snake","Tiny Chest","Singing Bowl","Pen Nib","Mango","Necronomicon","Nloth\u0027s Gift","Sundial","Gambling Chip"],"potions_floor_usage":[7,18,21,25,25,27],"damage_taken":[{"damage":6,"enemies":"Cultist","floor":1,"turns":3},{"damage":4,"enemies":"Jaw Worm","floor":2,"turns":2},{"damage":2,"enemies":"Small Slimes","floor":5,"turns":2},{"damage":24,"enemies":"Lagavulin","floor":7,"turns":6},{"damage":0,"enemies":"Exordium Wildlife","floor":11,"turns":1},{"damage":17,"enemies":"3 Sentries","floor":12,"turns":5},{"damage":27,"enemies":"The Guardian","floor":16,"turns":11},{"damage":7,"enemies":"3 Byrds","floor":18,"turns":3},{"damage":3,"enemies":"Chosen","floor":21,"turns":3},{"damage":18,"enemies":"Shelled Parasite and Fungi","floor":24,"turns":4},{"damage":33,"enemies":"Gremlin Leader","floor":25,"turns":5},{"damage":7,"enemies":"Centurion and Healer","floor":27,"turns":4},{"damage":21,"enemies":"Snake Plant","floor":28,"turns":2}],"seed_played":"5013368631883801922","potions_obtained":[{"floor":2,"key":"LiquidBronze"},{"floor":16,"key":"Swift Potion"},{"floor":17,"key":"FearPotion"},{"floor":21,"key":"GhostInAJar"},{"floor":24,"key":"PowerPotion"},{"floor":25,"key":"Poison Potion"}],"is_trial":false,"path_per_floor":["M","M","T","$","M","R","E","R","T","R","M","E","?","$","R","B",null,"M","?","?","M","?","R","M","E","T","M","M"],"character_chosen":"THE_SILENT","items_purchased":["Backstab","Backflip"],"campfire_rested":1,"item_purchase_floors":[4,14],"current_hp_per_floor":[64,60,60,60,58,58,34,34,34,34,36,21,35,35,61,34,95,88,72,72,71,71,71,55,22,22,17,0],"gold":297,"neow_bonus":"THREE_CARDS","is_prod":false,"is_daily":false,"chose_seed":false,"campfire_upgraded":4,"win_rate":0,"timestamp":1552905810,"path_taken":["M","?","?","?","M","R","E","R","T","R","M","E","?","$","R","BOSS","M","?","?","M","?","R","?","E","T","M","M"],"build_version":"2019-01-23","purchased_purges":1,"victory":false,"max_hp_per_floor":[70,70,70,70,70,70,70,70,70,70,72,74,88,88,88,88,95,95,95,95,97,97,97,99,99,99,101,101],"card_choices":[{"not_picked":["Dagger Throw","Distraction"],"picked":"Backstab","floor":0},{"not_picked":["Dagger Throw","Bouncing Flask"],"picked":"Dagger Spray","floor":1},{"not_picked":["Distraction","Dagger Spray"],"picked":"Backstab","floor":2},{"not_picked":["Dodge and Roll","Expertise"],"picked":"Caltrops","floor":5},{"not_picked":["Setup","Well Laid Plans"],"picked":"Caltrops","floor":7},{"not_picked":["Underhanded Strike","Calculated Gamble","PiercingWail"],"picked":"Singing Bowl","floor":11},{"not_picked":["Riddle With Holes","Noxious Fumes","A Thousand Cuts"],"picked":"Singing Bowl","floor":12},{"not_picked":["Phantasmal Killer","Doppelganger"],"picked":"After Image","floor":16},{"not_picked":["Backflip","Prepared","Deadly Poison"],"picked":"Singing Bowl","floor":17},{"not_picked":["Backflip+1","Quick Slash"],"picked":"Caltrops","floor":18},{"not_picked":["Dagger Spray","Deflect","Prepared"],"picked":"Singing Bowl","floor":21},{"not_picked":["Terror+1","Night Terror","Quick Slash"],"picked":"Singing Bowl","floor":24},{"not_picked":["Storm of Steel","Unload"],"picked":"Backflip+1","floor":25},{"not_picked":["PiercingWail","Eviscerate+1","Predator+1"],"picked":"Singing Bowl","floor":27}],"player_experience":351866,"relics_obtained":[{"floor":7,"key":"Tiny Chest"},{"floor":9,"key":"Singing Bowl"},{"floor":12,"key":"Pen Nib"},{"floor":19,"key":"Necronomicon"},{"floor":25,"key":"Sundial"},{"floor":26,"key":"Gambling Chip"}],"event_choices":[{"damage_healed":0,"gold_gain":0,"player_choice":"Searched \u00271\u0027 times","damage_taken":0,"relics_obtained":["Mango"],"max_hp_gain":0,"max_hp_loss":0,"event_name":"Dead Adventurer","floor":13,"gold_loss":0},{"damage_healed":0,"gold_gain":0,"player_choice":"Obtained Book","damage_taken":16,"max_hp_gain":0,"max_hp_loss":0,"event_name":"Cursed Tome","floor":19,"gold_loss":0},{"damage_healed":0,"gold_gain":0,"player_choice":"Ignored","damage_taken":0,"max_hp_gain":0,"max_hp_loss":0,"event_name":"Ghosts","floor":20,"gold_loss":0},{"damage_healed":0,"gold_gain":0,"player_choice":"Traded Relic","damage_taken":0,"relics_obtained":["Nloth\u0027s Gift"],"max_hp_gain":0,"max_hp_loss":0,"event_name":"N\u0027loth","floor":22,"relics_lost":["Tiny House"],"gold_loss":0}],"is_beta":false,"boss_relics":[{"not_picked":["Cursed Key","Runic Dome"],"picked":"Tiny House"}],"items_purged_floors":[14],"is_endless":false,"potions_floor_spawned":[2,16,21,24,25],"killed_by":"Snake Plant","ascension_level":2}