{"gold_per_floor":[115,115,128,93,8,35,35,70,70,98,13,13,45,57,57,133,133,106,106,106,156,227,259,259,259,259,290,58,70,101,114,114,188,188,208,222,222,222,72,101,101,101],"floor_reached":42,"playtime":2072,"items_purged":["Writhe","Defend_B"],"score":1137,"play_id":"c40b5e3d-9c76-49ea-8765-a64e441a0be5","local_time":"20181022095838","is_ascension_mode":true,"campfire_choices":[{"floor":7.0,"key":"REST"},{"floor":12.0,"key":"REST"},{"data":"Go for the Eyes","floor":15.0,"key":"SMITH"},{"data":"Zap","floor":24.0,"key":"SMITH"},{"data":"Hologram","floor":32.0,"key":"SMITH"},{"data":"Reinforced Body","floor":41.0,"key":"SMITH"}],"neow_cost":"NONE","seed_source_timestamp":0,"circlet_count":0,"master_deck":["Defend_B","Defend_B","Defend_B","Zap+1","Dualcast","AscendersBane","Sunder+1","Turbo","Go for the Eyes+1","Glacier","Buffer+1","Defragment+1","Reinforced Body+1","Beam Cell+1","Seek+1","Go for the Eyes+1","Undo","Bite+1","Bite+1","Bite+1","Bite+1","Bite+1","Defragment+1","Hologram+1","Sweeping Beam+1","Biased Cognition+1","Glacier","Defragment+1","Sweeping Beam+1"],"special_seed":0,"relics":["Cracked Core","Strawberry","Molten Egg 2","Matryoshka","Anchor","Ornamental Fan","Frozen Egg 2","The Courier","Black Star","Pocketwatch","Bag of Marbles","Mummified Hand","PreservedInsect","Regal Pillow","Question Card","Orichalcum","Boot","OrangePellets","Darkstone Periapt","Kunai","Runic Dome","Blue Candle","Cables"],"potions_floor_usage":[],"damage_taken":[{"damage":1.0,"enemies":"2 Louse","floor":1.0,"turns":3.0},{"damage":12.0,"enemies":"Jaw Worm","floor":3.0,"turns":2.0},{"damage":44.0,"enemies":"Lagavulin","floor":6.0,"turns":7.0},{"damage":37.0,"enemies":"Gremlin Nob","floor":8.0,"turns":5.0},{"damage":7.0,"enemies":"Lagavulin","floor":10.0,"turns":9.0},{"damage":0.0,"enemies":"Gremlin Nob","floor":13.0,"turns":5.0},{"damage":0.0,"enemies":"Cultist","floor":14.0,"turns":4.0},{"damage":23.0,"enemies":"Slime Boss","floor":16.0,"turns":10.0},{"damage":3.0,"enemies":"2 Thieves","floor":18.0,"turns":4.0},{"damage":1.0,"enemies":"Slavers","floor":23.0,"turns":7.0},{"damage":5.0,"enemies":"Book of Stabbing","floor":27.0,"turns":4.0},{"damage":0.0,"enemies":"Chosen","floor":29.0,"turns":3.0},{"damage":0.0,"enemies":"Slavers","floor":30.0,"turns":3.0},{"damage":0.0,"enemies":"Centurion and Healer","floor":31.0,"turns":5.0},{"damage":39.0,"enemies":"Champ","floor":33.0,"turns":28.0},{"damage":0.0,"enemies":"3 Shapes","floor":35.0,"turns":4.0},{"damage":0.0,"enemies":"Orb Walker","floor":36.0,"turns":3.0},{"damage":29.0,"enemies":"Giant Head","floor":40.0,"turns":7.0},{"damage":57,"enemies":"Reptomancer","floor":42,"turns":3}],"seed_played":"-2724210689373340160","potions_obtained":[{"floor":10.0,"key":"Block Potion"},{"floor":13.0,"key":"Regen Potion"},{"floor":16.0,"key":"GamblersBrew"},{"floor":23.0,"key":"Regen Potion"},{"floor":36.0,"key":"Fire Potion"}],"is_trial":false,"path_per_floor":["M","?","M","?","$","E","R","E","T","E","$","R","E","M","R","B",null,"M","?","?","?","T","E","R","?","T","E","$","M","E","M","R","B",null,"M","M","$","?","$","E","R"],"character_chosen":"DEFECT","items_purchased":["Go for the Eyes","Explosive Potion","Defragment+1","OrangePellets","Defragment+1"],"campfire_rested":2,"item_purchase_floors":[5,5,11,28,39],"current_hp_per_floor":[70,70,58,77,77,33,56,19,19,12,12,35,35,35,35,27,65,62,62,62,62,62,61,61,54,54,52,52,54,54,54,54,22,46,54,54,54,54,54,46,46,0],"gold":101,"neow_bonus":"RANDOM_COMMON_RELIC","is_prod":false,"is_daily":false,"chose_seed":false,"campfire_upgraded":4,"win_rate":0,"timestamp":1540216718,"path_taken":["M","?","M","?","$","E","R","E","T","E","$","R","E","?","R","BOSS","M","?","?","?","?","E","R","?","T","E","$","M","E","M","R","BOSS","M","M","$","?","$","E","R","E"],"build_version":"2018-10-18","purchased_purges":2,"victory":false,"max_hp_per_floor":[78,78,78,78,78,78,78,78,78,78,78,78,78,78,78,78,78,78,78,78,78,78,78,78,54,54,54,54,54,54,54,54,54,54,54,54,54,54,54,54,54,54],"card_choices":[{"not_picked":["Conserve Battery","Rebound"],"picked":"Sunder","floor":1.0},{"not_picked":["Self Repair","Melter"],"picked":"Turbo","floor":3.0},{"not_picked":["Skim","Steam"],"picked":"Glacier","floor":6.0},{"not_picked":["Consume","Coolheaded","Rebound+1"],"picked":"SKIP","floor":8.0},{"not_picked":["Redo","Go for the Eyes+1"],"picked":"Buffer","floor":10.0},{"not_picked":["Reprogram","Stack"],"picked":"Reinforced Body","floor":13.0},{"not_picked":["Fusion","Stack"],"picked":"Beam Cell+1","floor":14.0},{"not_picked":["Multi-Cast","Fission"],"picked":"Seek","floor":16.0},{"not_picked":["Coolheaded","Stack"],"picked":"Go for the Eyes+1","floor":18.0},{"not_picked":["Go for the Eyes+1","Beam Cell+1"],"picked":"Undo","floor":23.0},{"not_picked":["Doom and Gloom+1","Rebound+1","Undo"],"picked":"Defragment+1","floor":27.0},{"not_picked":["Rebound+1","Consume","Steam Power"],"picked":"Hologram","floor":29.0},{"not_picked":["Machine Learning+1","Storm+1","Sunder+1"],"picked":"Sweeping Beam+1","floor":30.0},{"not_picked":["Turbo","Chaos+1","Go for the Eyes+1","Doom and Gloom+1"],"picked":"SKIP","floor":31.0},{"not_picked":["Turbo","Chaos+1","Go for the Eyes+1","Doom and Gloom+1"],"picked":"SKIP","floor":31.0},{"not_picked":["Hyperbeam+1","Creative AI+1","All For One+1"],"picked":"Biased Cognition+1","floor":33.0},{"not_picked":["Self Repair+1","Chaos+1","Streamline+1"],"picked":"Glacier","floor":35.0},{"not_picked":["Ball Lightning+1","Static Discharge+1","Leap+1","Lockon+1"],"picked":"SKIP","floor":36.0},{"not_picked":["Stack","Meteor Strike+1","Static Discharge+1"],"picked":"Sweeping Beam+1","floor":40.0}],"player_experience":995272,"relics_obtained":[{"floor":6.0,"key":"Molten Egg 2"},{"floor":8.0,"key":"Matryoshka"},{"floor":9.0,"key":"Anchor"},{"floor":9.0,"key":"Ornamental Fan"},{"floor":10.0,"key":"Frozen Egg 2"},{"floor":13.0,"key":"The Courier"},{"floor":22.0,"key":"Bag of Marbles"},{"floor":22.0,"key":"Mummified Hand"},{"floor":23.0,"key":"PreservedInsect"},{"floor":23.0,"key":"Regal Pillow"},{"floor":26.0,"key":"Question Card"},{"floor":27.0,"key":"Orichalcum"},{"floor":27.0,"key":"Boot"},{"floor":30.0,"key":"Darkstone Periapt"},{"floor":30.0,"key":"Kunai"},{"floor":40.0,"key":"Blue Candle"},{"floor":40.0,"key":"Cables"}],"event_choices":[{"damage_healed":0.0,"max_hp_gain":0.0,"max_hp_loss":0.0,"gold_gain":0.0,"event_name":"Living Wall","player_choice":"Grow","floor":2.0,"gold_loss":0.0,"damage_taken":0.0,"cards_upgraded":["Sunder"]},{"damage_healed":19.0,"max_hp_gain":0.0,"max_hp_loss":0.0,"gold_gain":0.0,"event_name":"The Cleric","player_choice":"Healed","floor":4.0,"gold_loss":35.0,"damage_taken":0.0},{"damage_healed":0.0,"max_hp_gain":0.0,"max_hp_loss":0.0,"gold_gain":0.0,"event_name":"The Mausoleum","player_choice":"Opened","floor":19.0,"gold_loss":0.0,"damage_taken":0.0,"relics_obtained":["Pocketwatch"],"cards_obtained":["Writhe"]},{"damage_healed":0.0,"max_hp_gain":0.0,"max_hp_loss":0.0,"gold_gain":0.0,"event_name":"Upgrade Shrine","player_choice":"Upgraded","floor":20.0,"gold_loss":0.0,"damage_taken":0.0,"cards_upgraded":["Seek"]},{"damage_healed":0.0,"max_hp_gain":0.0,"max_hp_loss":0.0,"gold_gain":50.0,"event_name":"Nest","player_choice":"Stole From Cult","floor":21.0,"gold_loss":0.0,"damage_taken":0.0},{"damage_healed":0.0,"max_hp_gain":0.0,"max_hp_loss":24.0,"gold_gain":0.0,"event_name":"Vampires","player_choice":"Became a vampire","floor":25.0,"gold_loss":0.0,"damage_taken":0.0,"cards_obtained":["Bite","Bite","Bite","Bite","Bite"]},{"damage_healed":0.0,"max_hp_gain":0.0,"max_hp_loss":0.0,"gold_gain":0.0,"event_name":"Tomb of Lord Red Mask","player_choice":"Ignored","floor":38.0,"gold_loss":0.0,"damage_taken":0.0}],"is_beta":false,"boss_relics":[{"not_picked":["Astrolabe","White Beast Statue"],"picked":"Black Star"},{"not_picked":["Runic Pyramid","Philosopher\u0027s Stone"],"picked":"Runic Dome"}],"items_purged_floors":[28,39],"is_endless":false,"potions_floor_spawned":[10,13,16,23,30,36],"killed_by":"Reptomancer","ascension_level":20}