{"path_per_floor":["M","M","?","M","?","R","E","R","T","$","$","M","M","E","R","B",null,"M","?","M","?","M","E","M","E","T","?","R","E","M","M","R","B",null,"M","M","?","$","M","R","M","R","T","M","M","E","R","E","R","B"],"character_chosen":"IRONCLAD","items_purchased":["Reaper","Inflame","Ginger","Block Potion"],"gold_per_floor":[111,124,124,138,138,138,173,173,173,93,93,109,120,153,153,249,249,238,153,170,95,105,131,147,172,241,241,241,274,289,300,300,405,405,425,437,437,21,34,34,45,45,45,60,73,108,108,134,134,134],"floor_reached":51,"campfire_rested":6,"playtime":2877,"current_hp_per_floor":[75,69,53,58,40,64,48,48,48,48,48,53,58,12,36,9,80,71,71,80,80,72,61,59,55,55,55,55,26,17,20,47,68,86,70,49,49,49,28,57,21,50,50,94,98,58,90,80,80,20],"items_purged":[],"gold":134,"score":804,"play_id":"94965e71-cede-4210-81e9-105f150fef62","local_time":"20180401192759","is_prod":false,"is_daily":false,"is_ascension_mode":false,"campfire_upgraded":3,"timestamp":1522636079,"path_taken":["M","M","?","?","?","R","E","R","T","?","$","M","?","E","R","BOSS","M","?","M","?","M","E","M","E","T","?","R","E","M","?","R","BOSS","M","?","?","$","M","R","M","R","T","M","M","E","R","E","R","BOSS"],"build_version":"2018-03-29v2","purchased_purges":0,"victory":true,"master_deck":["Strike_R+1","Strike_R+1","Strike_R+1","Strike_R+1","Defend_R","Defend_R","Defend_R","Defend_R","Bash+1","Reaper+1","Reaper","Whirlwind","Demon Form+1","Flex","Heavy Blade","Heavy Blade+1","Limit Break+1","Heavy Blade+1","Inflame","Whirlwind+1","Injury","Dual Wield+1"],"max_hp_per_floor":[80,80,80,80,80,80,80,80,80,80,80,80,80,80,80,80,80,80,80,80,80,80,80,80,80,80,80,80,82,84,84,86,86,86,86,88,88,88,90,92,92,94,94,96,98,100,102,102,102,102],"relics":["Burning Blood","Torii","Dream Catcher","Matryoshka","Self Forming Clay","Cursed Key","Anchor","Paper Frog","Mercury Hourglass","Singing Bowl","Molten Egg 2","Pantograph","Mark of Pain","Ginger","Omamori","Thread and Needle","Vajra","Whetstone"],"card_choices":[{"not_picked":["Disarm","Perfected Strike"],"picked":"Reaper","floor":4},{"not_picked":["Intimidate","Clash"],"picked":"Whirlwind","floor":13},{"not_picked":["Immolate","Offering"],"picked":"Demon Form","floor":16},{"not_picked":["Seeing Red","Body Slam"],"picked":"Flex","floor":24},{"not_picked":["Seeing Red","Sword Boomerang"],"picked":"Heavy Blade","floor":25},{"not_picked":["Body Slam","Carnage"],"picked":"Heavy Blade","floor":31},{"not_picked":["Exhume","Fiend Fire"],"picked":"Limit Break","floor":33},{"not_picked":["Rupture","Iron Wave"],"picked":"Heavy Blade","floor":35},{"not_picked":["Havoc","Rampage"],"picked":"Whirlwind","floor":41},{"not_picked":["Evolve","True Grit"],"picked":"Dual Wield","floor":48}],"player_experience":104620,"potions_floor_usage":[13,20,20,25,25,25,29,35,39,39,44,48,50],"damage_taken":[{"damage":11,"enemies":"Jaw Worm","floor":1,"turns":3},{"damage":12,"enemies":"Small Slimes","floor":2,"turns":3},{"damage":1,"enemies":"Cultist","floor":4,"turns":3},{"damage":34,"enemies":"3 Sentries","floor":7,"turns":10},{"damage":19,"enemies":"Exordium Thugs","floor":12,"turns":7},{"damage":9,"enemies":"Blue Slaver","floor":13,"turns":5},{"damage":60,"enemies":"Lagavulin","floor":14,"turns":9},{"damage":44,"enemies":"Hexaghost","floor":16,"turns":14},{"damage":29,"enemies":"2 Thieves","floor":18,"turns":4},{"damage":19,"enemies":"3 Byrds","floor":20,"turns":4},{"damage":18,"enemies":"Centurion and Healer","floor":22,"turns":6},{"damage":36,"enemies":"Book of Stabbing","floor":23,"turns":6},{"damage":23,"enemies":"Sentry and Sphere","floor":24,"turns":5},{"damage":31,"enemies":"Slavers","floor":25,"turns":5},{"damage":37,"enemies":"Book of Stabbing","floor":29,"turns":6},{"damage":29,"enemies":"Snake Plant","floor":30,"turns":4},{"damage":17,"enemies":"Snecko","floor":31,"turns":5},{"damage":38,"enemies":"Champ","floor":33,"turns":7},{"damage":23,"enemies":"3 Darklings","floor":35,"turns":5},{"damage":54,"enemies":"3 Shapes","floor":36,"turns":4},{"damage":41,"enemies":"3 Darklings","floor":39,"turns":5},{"damage":44,"enemies":"Sphere and 2 Shapes","floor":41,"turns":4},{"damage":8,"enemies":"4 Shapes","floor":44,"turns":15},{"damage":17,"enemies":"3 Darklings","floor":45,"turns":4},{"damage":48,"enemies":"Giant Head","floor":46,"turns":7},{"damage":53,"enemies":"Nemesis","floor":48,"turns":7},{"damage":105,"enemies":"Time Eater","floor":50,"turns":9}],"event_choices":[{"event_name":"Shining Light","player_choice":"Entered Light","floor":3,"damage_taken":0},{"event_name":"Scrap Ooze","player_choice":"success","floor":5,"damage_taken":18},{"event_name":"Addict","player_choice":"Obtained Relic","floor":19,"damage_taken":0},{"event_name":"Beggar","player_choice":"Gave Gold","floor":21,"damage_taken":0},{"event_name":"Purifier","player_choice":"One Purge","floor":27,"damage_taken":0},{"event_name":"Mysterious Sphere","player_choice":"Ignore","floor":37,"damage_taken":0}],"boss_relics":[{"not_picked":["Lizard Tail","Philosopher\u0027s Stone"],"picked":"Cursed Key"},{"not_picked":["Runic Pyramid","Snecko Eye"],"picked":"Mark of Pain"}],"potions_floor_spawned":[2,4,12,16,18,22,24,25,33,36,41,46,48],"seed_played":"2777284495689606915","ascension_level":0,"is_trial":false}