{"gold_per_floor":[111,126,58,158,12,12,43,43,66,66,77,90,90,106,106,211,211,225,4,4,22,37,37,37,48,48,48,67,67],"floor_reached":29,"playtime":861,"items_purged":["Pain"],"score":250,"play_id":"709bfab6-8283-4692-b785-539def27a51e","local_time":"20190129024447","is_ascension_mode":false,"campfire_choices":[{"data":"Redo","floor":6,"key":"SMITH"},{"data":"Zap","floor":8,"key":"SMITH"},{"data":"Static Discharge","floor":13,"key":"SMITH"},{"data":"Dualcast","floor":15,"key":"SMITH"},{"data":"BootSequence","floor":23,"key":"SMITH"},{"floor":27,"key":"REST"}],"neow_cost":"NONE","seed_source_timestamp":157300157314615,"circlet_count":0,"master_deck":["Strike_B","Strike_B","Strike_B","Strike_B","Defend_B","Defend_B","Defend_B","Defend_B","Zap+1","Dualcast+1","Redo+1","Static Discharge+1","Rebound+1","Ball Lightning","Ball Lightning","Regret","Pain","BootSequence+1","White Noise"],"relics":["Cracked Core","NeowsBlessing","Happy Flower","Pear","Centennial Puzzle","Calling Bell","Ancient Tea Set","Matryoshka","FossilizedHelix","Bag of Preparation","Orichalcum","Meat on the Bone"],"potions_floor_usage":[12,25,28],"damage_taken":[{"damage":0,"enemies":"2 Louse","floor":1,"turns":1},{"damage":0,"enemies":"Cultist","floor":2,"turns":1},{"damage":0,"enemies":"Lagavulin","floor":7,"turns":1},{"damage":1,"enemies":"Jaw Worm","floor":11,"turns":2},{"damage":1,"enemies":"Red Slaver","floor":12,"turns":3},{"damage":8,"enemies":"Lots of Slimes","floor":14,"turns":2},{"damage":43,"enemies":"Hexaghost","floor":16,"turns":4},{"damage":18,"enemies":"3 Byrds","floor":18,"turns":2},{"damage":8,"enemies":"Spheric Guardian","floor":21,"turns":3},{"damage":14,"enemies":"Snecko","floor":22,"turns":3},{"damage":13,"enemies":"Cultist and Chosen","floor":25,"turns":4},{"damage":37,"enemies":"Centurion and Healer","floor":28,"turns":10},{"damage":33,"enemies":"Snecko","floor":29,"turns":4}],"seed_played":"-8754037559200136062","potions_obtained":[{"floor":1,"key":"Block Potion"},{"floor":16,"key":"SteroidPotion"},{"floor":21,"key":"Block Potion"},{"floor":22,"key":"Fire Potion"}],"is_trial":false,"path_per_floor":["M","M","$","?","$","R","E","R","T","$","M","M","R","M","R","B",null,"M","$","?","M","M","R","$","M","T","R","M","M"],"character_chosen":"DEFECT","items_purchased":["Static Discharge","Happy Flower","Bag of Preparation"],"campfire_rested":1,"item_purchase_floors":[3,5,19],"current_hp_per_floor":[75,75,75,75,75,75,85,85,85,85,84,83,83,75,75,32,85,67,67,67,59,45,45,45,32,32,57,32,0],"gold":67,"neow_bonus":"THREE_ENEMY_KILL","is_prod":false,"is_daily":false,"chose_seed":false,"campfire_upgraded":5,"win_rate":0.0,"timestamp":1548758687,"path_taken":["M","M","$","?","$","R","E","R","T","?","M","M","R","M","R","BOSS","M","$","?","?","M","R","$","M","T","R","M","M"],"build_version":"2019-01-23","purchased_purges":1,"victory":false,"max_hp_per_floor":[75,75,75,75,75,75,85,85,85,85,85,85,85,85,85,85,85,85,85,85,85,85,85,85,85,85,85,85,85],"card_choices":[{"not_picked":["Undo","Scrape","Chill"],"picked":"SKIP","floor":1},{"not_picked":["Go for the Eyes","Doom and Gloom"],"picked":"Redo","floor":2},{"not_picked":["Steam","Turbo","Hologram"],"picked":"SKIP","floor":7},{"not_picked":["Streamline","Coolheaded"],"picked":"Rebound","floor":11},{"not_picked":["Beam Cell","Cold Snap"],"picked":"Ball Lightning","floor":12},{"not_picked":["Steam","Beam Cell"],"picked":"Ball Lightning","floor":14},{"not_picked":["Steam","Barrage","Auto Shields+1"],"picked":"SKIP","floor":18},{"not_picked":["Lockon","Tempest"],"picked":"BootSequence","floor":21},{"not_picked":["Gash","Cold Snap+1","Reprogram"],"picked":"SKIP","floor":22},{"not_picked":["Beam Cell","Turbo+1"],"picked":"White Noise","floor":25},{"not_picked":["Double Energy","Multi-Cast","Streamline"],"picked":"SKIP","floor":28}],"player_experience":210233,"relics_obtained":[{"floor":7,"key":"Pear"},{"floor":9,"key":"Centennial Puzzle"},{"floor":17,"key":"Ancient Tea Set"},{"floor":17,"key":"Matryoshka"},{"floor":17,"key":"FossilizedHelix"},{"floor":26,"key":"Orichalcum"},{"floor":26,"key":"Meat on the Bone"}],"event_choices":[{"damage_healed":0,"gold_gain":100,"player_choice":"Pray","damage_taken":0,"max_hp_gain":0,"max_hp_loss":0,"event_name":"Golden Shrine","floor":4,"gold_loss":0},{"damage_healed":0,"gold_gain":0,"player_choice":"Upgraded","damage_taken":0,"max_hp_gain":0,"max_hp_loss":0,"event_name":"Upgrade Shrine","floor":20,"gold_loss":0,"cards_upgraded":["Rebound"]}],"is_beta":false,"boss_relics":[{"not_picked":["Velvet Choker","Fusion Hammer"],"picked":"Calling Bell"}],"items_purged_floors":[19],"is_endless":false,"potions_floor_spawned":[1,16,21,22],"killed_by":"Snecko","ascension_level":0}