{"gold_per_floor":[118,137,56,6,24,24,39,39,39,39,39,49,49,49,49,180,180,205,205,190,210,228,228,228],"floor_reached":24,"playtime":1345,"items_purged":[],"score":216,"play_id":"25a6bce0-9c7c-429f-861b-49a4dcf69e58","local_time":"20190323205148","is_ascension_mode":true,"campfire_choices":[{"data":"Defragment","floor":6,"key":"SMITH"},{"data":"Zap","floor":8,"key":"SMITH"},{"data":"White Noise","floor":13,"key":"SMITH"},{"data":"Loop","floor":15,"key":"SMITH"},{"floor":23,"key":"REST"}],"neow_cost":"NONE","seed_source_timestamp":5590122719900,"circlet_count":0,"master_deck":["Strike_B","Strike_B","Strike_B","Defend_B","Defend_B","Defend_B","Defend_B","Zap+1","Dualcast","Coolheaded","Loop+1","Defragment+1","Cold Snap","Compile Driver","White Noise+1","Core Surge","Defragment","RitualDagger","Blizzard","Chaos+1","Genetic Algorithm+1"],"relics":["FrozenCore","Unceasing Top","Golden Idol"],"potions_floor_usage":[24,24],"damage_taken":[{"damage":2,"enemies":"Jaw Worm","floor":1,"turns":3},{"damage":0,"enemies":"2 Louse","floor":2,"turns":3},{"damage":9,"enemies":"Small Slimes","floor":5,"turns":4},{"damage":4,"enemies":"2 Fungi Beasts","floor":7,"turns":5},{"damage":1,"enemies":"Blue Slaver","floor":12,"turns":3},{"damage":13,"enemies":"The Guardian","floor":16,"turns":11},{"damage":16,"enemies":"3 Byrds","floor":18,"turns":6},{"damage":27,"enemies":"2 Thieves","floor":20,"turns":4},{"damage":5,"enemies":"Snecko","floor":21,"turns":10},{"damage":12,"enemies":"Cultist and Chosen","floor":22,"turns":5},{"damage":51,"enemies":"Slavers","floor":24,"turns":8}],"seed_played":"-2026388505715537215","potions_obtained":[{"floor":5,"key":"Swift Potion"},{"floor":12,"key":"SteroidPotion"},{"floor":21,"key":"FocusPotion"}],"is_trial":false,"path_per_floor":["M","M","$","?","M","R","M","R","T","?","?","M","R","?","R","B",null,"M","?","M","M","M","R","E"],"character_chosen":"DEFECT","items_purchased":["Defragment"],"campfire_rested":1,"item_purchase_floors":[3],"current_hp_per_floor":[80,80,80,80,71,71,67,67,67,72,72,71,71,50,50,37,87,71,65,38,33,21,47,0],"gold":228,"neow_bonus":"TEN_PERCENT_HP_BONUS","is_prod":false,"is_daily":false,"chose_seed":false,"campfire_upgraded":4,"win_rate":0,"timestamp":1553354508,"path_taken":["M","M","$","?","M","R","M","R","T","?","?","M","R","?","R","BOSS","M","?","M","M","M","R","E"],"build_version":"2019-01-23","purchased_purges":0,"victory":false,"max_hp_per_floor":[82,82,82,82,82,82,82,82,82,87,87,87,87,87,87,87,87,87,87,87,87,87,87,87],"card_choices":[{"not_picked":["Beam Cell","Cold Snap"],"picked":"Coolheaded","floor":1},{"not_picked":["Doom and Gloom","Blizzard"],"picked":"Loop","floor":2},{"not_picked":["Sweeping Beam","Ball Lightning"],"picked":"Cold Snap","floor":5},{"not_picked":["Beam Cell","Stack"],"picked":"Compile Driver","floor":7},{"not_picked":["Stack","Melter"],"picked":"White Noise","floor":12},{"not_picked":["Multi-Cast","Meteor Strike"],"picked":"Core Surge","floor":16},{"not_picked":["Steam+1","Hello World+1"],"picked":"Defragment","floor":18},{"not_picked":["Barrage","Consume"],"picked":"Blizzard","floor":20},{"not_picked":["Scrape","White Noise"],"picked":"Chaos+1","floor":21},{"not_picked":["Beam Cell","Compile Driver"],"picked":"Genetic Algorithm+1","floor":22}],"player_experience":95781,"relics_obtained":[{"floor":9,"key":"Unceasing Top"}],"event_choices":[{"cards_removed":["Strike_B"],"damage_healed":0,"gold_gain":0,"player_choice":"Card Removal","damage_taken":0,"max_hp_gain":0,"max_hp_loss":0,"event_name":"The Cleric","floor":4,"gold_loss":50},{"damage_healed":0,"gold_gain":0,"player_choice":"Donut","damage_taken":0,"max_hp_gain":5,"max_hp_loss":0,"event_name":"Big Fish","floor":10,"gold_loss":0},{"damage_healed":0,"gold_gain":0,"player_choice":"Ignored","damage_taken":0,"max_hp_gain":0,"max_hp_loss":0,"event_name":"Liars Game","floor":11,"gold_loss":0},{"damage_healed":0,"gold_gain":0,"player_choice":"Take Damage","damage_taken":21,"relics_obtained":["Golden Idol"],"max_hp_gain":0,"max_hp_loss":0,"event_name":"Golden Idol","floor":14,"gold_loss":0},{"damage_healed":0,"gold_gain":0,"player_choice":"Joined the Cult","damage_taken":6,"max_hp_gain":0,"max_hp_loss":0,"event_name":"Nest","floor":19,"gold_loss":0,"cards_obtained":["RitualDagger"]}],"is_beta":false,"boss_relics":[{"not_picked":["Nuclear Battery","Pandora\u0027s Box"],"picked":"FrozenCore"}],"items_purged_floors":[],"is_endless":false,"potions_floor_spawned":[5,12,21],"killed_by":"Slavers","ascension_level":3}