{"gold_per_floor":[113,113,132,132,132,157,169,169,238,71,86,112,112,112,112,112],"floor_reached":16,"playtime":326,"items_purged":[],"score":266,"play_id":"7a2ce9cf-6d6d-4be2-b04c-0ff07643ca47","local_time":"20190303153744","is_ascension_mode":true,"campfire_choices":[{"data":"Neutralize","floor":8.0,"key":"SMITH"},{"data":"Corpse Explosion","floor":13,"key":"SMITH"},{"data":"Strike_G","floor":15,"key":"PURGE"}],"neow_cost":"NONE","seed_source_timestamp":758267707250158,"circlet_count":0,"master_deck":["AscendersBane","Defend_G","Defend_G","Defend_G","Defend_G","Defend_G","Strike_G","Strike_G","Strike_G","Strike_G","Survivor","Neutralize+1","Flying Knee","Dash","Dagger Spray","PiercingWail","Corpse Explosion+1","Dodge and Roll"],"special_seed":0,"relics":["Ring of the Snake","NeowsBlessing","Question Card","Peace Pipe","Sundial","PreservedInsect","Calipers"],"potions_floor_usage":[11,14],"damage_taken":[{"damage":0.0,"enemies":"Small Slimes","floor":1.0,"turns":1.0},{"damage":0.0,"enemies":"Jaw Worm","floor":3.0,"turns":1.0},{"damage":0.0,"enemies":"Gremlin Nob","floor":6.0,"turns":1.0},{"damage":7.0,"enemies":"2 Louse","floor":7.0,"turns":3.0},{"damage":17,"enemies":"Exordium Thugs","floor":11,"turns":5},{"damage":6,"enemies":"3 Sentries","floor":12,"turns":3},{"damage":25,"enemies":"Gremlin Nob","floor":14,"turns":4},{"damage":0,"enemies":"Hexaghost","floor":16,"turns":1}],"seed_played":"-478477225879045348","potions_obtained":[{"floor":3.0,"key":"GamblersBrew"},{"floor":11,"key":"SmokeBomb"}],"is_trial":false,"path_per_floor":["M","?","M","T","?","E","M","R","T","$","M","E","R","?","R","B"],"character_chosen":"THE_SILENT","items_purchased":["PreservedInsect"],"campfire_rested":0,"item_purchase_floors":[10],"current_hp_per_floor":[59,59,59,59,59,59,52,52,52,52,35,29,29,4,4,4],"gold":112,"neow_bonus":"THREE_ENEMY_KILL","is_prod":false,"is_daily":false,"chose_seed":false,"campfire_upgraded":2,"win_rate":0,"timestamp":1551645464,"path_taken":["M","?","M","?","?","E","M","R","T","?","?","E","R","?","R","BOSS"],"build_version":"2019-02-06","purchased_purges":0,"victory":false,"max_hp_per_floor":[66,66,66,66,66,66,66,66,66,66,66,66,66,66,66,66],"card_choices":[{"not_picked":["Bane","Dodge and Roll"],"picked":"Flying Knee","floor":1.0},{"not_picked":["Backflip","Accuracy"],"picked":"Dash","floor":3.0},{"not_picked":["Underhanded Strike","Deadly Poison","Deflect"],"picked":"Dagger Spray","floor":6.0},{"not_picked":["Flying Knee","Deadly Poison","Blade Dance"],"picked":"PiercingWail","floor":7.0},{"not_picked":["Underhanded Strike","Escape Plan","Dagger Throw"],"picked":"Corpse Explosion","floor":11},{"not_picked":["Poisoned Stab","Blade Dance","Expertise"],"picked":"Dodge and Roll","floor":12}],"player_experience":1048109,"relics_obtained":[{"floor":4.0,"key":"Question Card"},{"floor":6.0,"key":"Peace Pipe"},{"floor":9.0,"key":"Sundial"},{"floor":12,"key":"Calipers"}],"event_choices":[{"damage_healed":0.0,"max_hp_gain":0.0,"max_hp_loss":0.0,"gold_gain":0.0,"event_name":"Golden Wing","player_choice":"Ignored","floor":2.0,"gold_loss":0.0,"damage_taken":0.0},{"damage_healed":0.0,"max_hp_gain":0.0,"max_hp_loss":0.0,"gold_gain":0.0,"event_name":"The Cleric","player_choice":"Leave","floor":5.0,"gold_loss":0.0,"damage_taken":0.0},{"damage_healed":0,"gold_gain":0,"player_choice":"Searched \u00271\u0027 times","damage_taken":0,"max_hp_gain":0,"max_hp_loss":0,"event_name":"Dead Adventurer","floor":14,"gold_loss":0}],"is_beta":true,"boss_relics":[],"items_purged_floors":[],"is_endless":false,"potions_floor_spawned":[3,11],"killed_by":"Hexaghost","ascension_level":20}