{"gold_per_floor":[209,229,74,88,100,100,100,100,100,129,50,50,83,98,98,98],"floor_reached":16,"playtime":468,"items_purged":[],"score":204,"play_id":"1d5a0792-fa32-49b7-816d-cafbd5ac33d0","local_time":"20181030201845","is_ascension_mode":true,"campfire_choices":[{"floor":6.0,"key":"REST"},{"data":"Zap","floor":8.0,"key":"SMITH"},{"data":"Dualcast","floor":12.0,"key":"SMITH"},{"data":"Compile Driver","floor":15.0,"key":"SMITH"}],"neow_cost":"NONE","seed_source_timestamp":40407586229883,"circlet_count":0,"master_deck":["Strike_B","Strike_B","Strike_B","Strike_B","Defend_B","Defend_B","Defend_B","Defend_B","Zap+1","Dualcast+1","AscendersBane","Ball Lightning","Reinforced Body","Electrodynamics","Conserve Battery","Rainbow","Glacier","Compile Driver+1","Coolheaded"],"special_seed":0,"relics":["Cracked Core","WingedGreaves","Du-Vu Doll","Unceasing Top"],"potions_floor_usage":[16],"damage_taken":[{"damage":2.0,"enemies":"2 Louse","floor":1.0,"turns":3.0},{"damage":0.0,"enemies":"Cultist","floor":2.0,"turns":3.0},{"damage":7.0,"enemies":"Small Slimes","floor":4.0,"turns":3.0},{"damage":29.0,"enemies":"Exordium Thugs","floor":5.0,"turns":4.0},{"damage":15.0,"enemies":"Lagavulin","floor":10.0,"turns":6.0},{"damage":28.0,"enemies":"Gremlin Nob","floor":13.0,"turns":4.0},{"damage":18.0,"enemies":"Gremlin Gang","floor":14.0,"turns":3.0},{"damage":9,"enemies":"The Guardian","floor":16,"turns":6}],"seed_played":"7178205359616982805","potions_obtained":[{"floor":5.0,"key":"Weak Potion"},{"floor":10.0,"key":"PowerPotion"},{"floor":14.0,"key":"SteroidPotion"}],"is_trial":false,"path_per_floor":["M","M","$","M","M","R","?","R","T","E","$","R","E","M","R"],"character_chosen":"DEFECT","items_purchased":["Electrodynamics","Glacier"],"campfire_rested":1,"item_purchase_floors":[3,11],"current_hp_per_floor":[62,62,62,55,26,47,71,71,71,56,56,56,28,10,10,1],"gold":98,"neow_bonus":"HUNDRED_GOLD","is_prod":false,"is_daily":false,"chose_seed":false,"campfire_upgraded":3,"win_rate":0,"timestamp":1540945125,"path_taken":["M","M","$","M","M","R","?","R","T","E","$","R","E","M","R","BOSS"],"build_version":"2018-10-29v2","purchased_purges":0,"victory":false,"max_hp_per_floor":[71,71,71,71,71,71,71,71,71,71,71,71,71,71,71,71],"card_choices":[{"not_picked":["Rebound","Redo"],"picked":"Ball Lightning","floor":1.0},{"not_picked":["Storm","Auto Shields"],"picked":"Reinforced Body","floor":2.0},{"not_picked":["Force Field","Double Energy"],"picked":"Conserve Battery","floor":4.0},{"not_picked":["Stack","Coolheaded"],"picked":"Tempest","floor":5.0},{"not_picked":["Barrage","Turbo"],"picked":"Rainbow","floor":10.0},{"not_picked":["Reprogram","Darkness"],"picked":"Compile Driver","floor":13.0},{"not_picked":["Reprogram","Sweeping Beam"],"picked":"Coolheaded","floor":14.0}],"player_experience":790078,"relics_obtained":[{"floor":9.0,"key":"WingedGreaves"},{"floor":10.0,"key":"Du-Vu Doll"},{"floor":13.0,"key":"Unceasing Top"}],"event_choices":[{"cards_removed":["Tempest"],"damage_healed":24.0,"max_hp_gain":0.0,"max_hp_loss":0.0,"gold_gain":0.0,"event_name":"Bonfire Elementals","player_choice":"Offered Uncommon","floor":7.0,"gold_loss":0.0,"damage_taken":0.0}],"is_beta":true,"boss_relics":[],"items_purged_floors":[],"is_endless":false,"potions_floor_spawned":[5,10,14],"killed_by":"The Guardian","ascension_level":17}