{"gold_per_floor":[113,130,130,149,149,183,183],"floor_reached":7,"playtime":360,"items_purged":[],"score":61,"play_id":"6361d3b1-76f0-497d-b61c-3a4a9c697861","local_time":"20181228150910","is_ascension_mode":true,"campfire_choices":[],"neow_cost":"TEN_PERCENT_HP_LOSS","seed_source_timestamp":614178215516597,"circlet_count":0,"master_deck":["Defend_G","Defend_G","Defend_G","Defend_G","Strike_G","Strike_G","Strike_G","Strike_G","Strike_G","Survivor","Neutralize","Dash","Dodge and Roll","Backflip","Choke","Corpse Explosion","Bouncing Flask","Catalyst"],"relics":["Ring of the Snake","Prayer Wheel","Molten Egg 2","Ornamental Fan"],"potions_floor_usage":[6],"damage_taken":[{"damage":0,"enemies":"Cultist","floor":1,"turns":4},{"damage":0,"enemies":"Small Slimes","floor":2,"turns":5},{"damage":0,"enemies":"Jaw Worm","floor":4,"turns":4},{"damage":29,"enemies":"Gremlin Nob","floor":6,"turns":6},{"damage":3,"enemies":"Exordium Wildlife","floor":7,"turns":3}],"seed_played":"-3577190680969916022","potions_obtained":[{"floor":2,"key":"Block Potion"}],"is_trial":false,"path_per_floor":["M","M","?","M","?","E","M"],"character_chosen":"THE_SILENT","items_purchased":[],"campfire_rested":0,"item_purchase_floors":[],"current_hp_per_floor":[63,63,38,38,31,2,0],"gold":183,"neow_bonus":"ONE_RARE_RELIC","is_prod":false,"is_daily":false,"chose_seed":false,"campfire_upgraded":0,"win_rate":0,"timestamp":1546027750,"path_taken":["M","M","?","M","?","E","M"],"build_version":"2018-12-25","purchased_purges":0,"victory":false,"max_hp_per_floor":[63,63,63,63,63,63,63],"card_choices":[{"not_picked":["Slice","Bane"],"picked":"Dash","floor":1},{"not_picked":["Sucker Punch","Prepared"],"picked":"Dodge and Roll","floor":1},{"not_picked":["PiercingWail","Reflex"],"picked":"Backflip","floor":2},{"not_picked":["Acrobatics","Blade Dance"],"picked":"Choke","floor":2},{"not_picked":["PiercingWail","Finisher+1"],"picked":"Corpse Explosion","floor":4},{"not_picked":["Terror","Prepared"],"picked":"Bouncing Flask","floor":4},{"not_picked":["Poisoned Stab+1","Backflip"],"picked":"Catalyst","floor":6}],"player_experience":167284,"relics_obtained":[{"floor":6,"key":"Ornamental Fan"}],"event_choices":[{"damage_healed":0,"gold_gain":0,"player_choice":"Success","damage_taken":25,"relics_obtained":["Molten Egg 2"],"max_hp_gain":0,"max_hp_loss":0,"event_name":"Scrap Ooze","floor":3,"gold_loss":0},{"cards_removed":["Defend_G"],"damage_healed":0,"gold_gain":0,"player_choice":"Card Removal","damage_taken":7,"max_hp_gain":0,"max_hp_loss":0,"event_name":"Golden Wing","floor":5,"gold_loss":0}],"is_beta":true,"boss_relics":[],"items_purged_floors":[],"is_endless":false,"potions_floor_spawned":[2],"killed_by":"Exordium Wildlife","ascension_level":4}