{"gold_per_floor":[113,127,127,145,157,157,167,178,178,143,143,156,32,46,46,145,145,159,177,127,141,64,64,75,75],"floor_reached":25,"playtime":785,"items_purged":["Strike_R"],"score":199,"play_id":"6812736e-012e-441b-8889-720f8963e89c","local_time":"20190130042502","is_ascension_mode":false,"campfire_choices":[{"data":"Bash","floor":6,"key":"SMITH"},{"floor":11,"key":"REST"},{"data":"Flex","floor":15,"key":"SMITH"},{"floor":23,"key":"REST"}],"neow_cost":"NONE","seed_source_timestamp":249797234984329,"circlet_count":0,"master_deck":["Strike_R","Strike_R","Strike_R","Strike_R","Defend_R","Defend_R","Defend_R","Bash+1","Clothesline","Flex+1","Limit Break","Heavy Blade+1","Inflame","Inflame"],"relics":["Black Blood","Charon\u0027s Ashes"],"potions_floor_usage":[5,5,7,12,14,24,24],"damage_taken":[{"damage":11,"enemies":"Jaw Worm","floor":1,"turns":3},{"damage":5,"enemies":"Cultist","floor":2,"turns":4},{"damage":5,"enemies":"2 Louse","floor":4,"turns":2},{"damage":16,"enemies":"Large Slime","floor":5,"turns":8},{"damage":29,"enemies":"Lots of Slimes","floor":7,"turns":5},{"damage":14,"enemies":"Blue Slaver","floor":8,"turns":3},{"damage":12,"enemies":"Large Slime","floor":12,"turns":6},{"damage":7,"enemies":"Looter","floor":14,"turns":3},{"damage":45,"enemies":"Slime Boss","floor":16,"turns":10},{"damage":30,"enemies":"Spheric Guardian","floor":18,"turns":4},{"damage":13,"enemies":"Chosen","floor":19,"turns":5},{"damage":39,"enemies":"Sentry and Sphere","floor":21,"turns":4},{"damage":30,"enemies":"Snake Plant","floor":24,"turns":4},{"damage":36,"enemies":"3 Cultists","floor":25,"turns":3}],"seed_played":"5052967374065151616","potions_obtained":[{"floor":0,"key":"EssenceOfSteel"},{"floor":0,"key":"Ancient Potion"},{"floor":0,"key":"Regen Potion"},{"floor":1,"key":"GamblersBrew"},{"floor":5,"key":"Block Potion"},{"floor":12,"key":"PowerPotion"},{"floor":19,"key":"Weak Potion"},{"floor":21,"key":"AttackPotion"}],"is_trial":false,"path_per_floor":["M","M","?","M","M","R","M","M","T","?","R","M","$","M","R","B",null,"M","M","?","M","$","R","M","M"],"character_chosen":"IRONCLAD","items_purchased":["Flex","Inflame"],"campfire_rested":2,"item_purchase_floors":[13,22],"current_hp_per_floor":[75,76,76,77,67,67,56,48,48,68,80,74,74,73,73,34,80,60,57,57,28,28,52,32,0],"gold":75,"neow_bonus":"THREE_SMALL_POTIONS","is_prod":false,"is_daily":false,"chose_seed":false,"campfire_upgraded":2,"win_rate":0,"timestamp":1548851102,"path_taken":["M","M","?","?","?","R","M","M","T","?","R","M","?","?","R","BOSS","M","M","?","M","$","R","M","M"],"build_version":"2019-01-23","purchased_purges":1,"victory":false,"max_hp_per_floor":[80,80,80,80,80,80,80,80,80,80,80,80,80,80,80,80,80,80,80,80,80,80,80,80,80],"card_choices":[{"not_picked":["Iron Wave","Thunderclap","Cleave"],"picked":"SKIP","floor":1},{"not_picked":["Entrench","Metallicize","Twin Strike"],"picked":"SKIP","floor":2},{"not_picked":["Perfected Strike","Infernal Blade","Twin Strike"],"picked":"SKIP","floor":4},{"not_picked":["Pommel Strike","Dual Wield","Combust"],"picked":"SKIP","floor":5},{"not_picked":["Headbutt","True Grit","Iron Wave"],"picked":"SKIP","floor":7},{"not_picked":["Dropkick","Demon Form","Clash"],"picked":"SKIP","floor":8},{"not_picked":["Disarm","Wild Strike"],"picked":"Clothesline","floor":12},{"not_picked":["Searing Blow","Perfected Strike","Power Through"],"picked":"SKIP","floor":14},{"not_picked":["Juggernaut","Impervious"],"picked":"Limit Break","floor":16},{"not_picked":["Sword Boomerang","Thunderclap+1"],"picked":"Heavy Blade+1","floor":18},{"not_picked":["Heavy Blade","Whirlwind"],"picked":"Inflame","floor":19},{"not_picked":["Twin Strike","Havoc","Rage+1"],"picked":"SKIP","floor":21},{"not_picked":["Clothesline+1","Havoc","Whirlwind+1"],"picked":"SKIP","floor":24}],"player_experience":225544,"relics_obtained":[{"floor":9,"key":"Charon\u0027s Ashes"}],"event_choices":[{"cards_removed":["Defend_R"],"damage_healed":0,"gold_gain":0,"player_choice":"Purged","damage_taken":0,"max_hp_gain":0,"max_hp_loss":0,"event_name":"Purifier","floor":3,"gold_loss":0},{"damage_healed":20,"gold_gain":0,"player_choice":"Healed","damage_taken":0,"max_hp_gain":0,"max_hp_loss":0,"event_name":"The Cleric","floor":10,"gold_loss":35},{"damage_healed":0,"gold_gain":0,"player_choice":"Bet on Murderer","damage_taken":0,"max_hp_gain":0,"max_hp_loss":0,"event_name":"The Joust","floor":20,"gold_loss":50}],"is_beta":false,"boss_relics":[{"not_picked":["Black Star","Eternal Feather"],"picked":"Black Blood"}],"items_purged_floors":[13],"is_endless":false,"potions_floor_spawned":[1,5,12,19,21],"killed_by":"3 Cultists","ascension_level":0}