{"gold_per_floor":[116,130,5,5,80,80,98,115,115,128,128,128,9,25,25,126,126,139,139,49,49,43,43,43,61,61,74,74,89,89,109,109,210,210,227,300,300,311,311],"floor_reached":39,"playtime":1176,"items_purged":["Strike_R"],"score":423,"play_id":"cee80ec3-6531-4121-920e-83d33ea8df55","local_time":"20190203033536","is_ascension_mode":false,"campfire_choices":[{"data":"Spot Weakness","floor":12,"key":"SMITH"},{"floor":15,"key":"REST"},{"floor":24,"key":"REST"},{"floor":32,"key":"REST"}],"neow_cost":"NONE","seed_source_timestamp":592068024431913,"circlet_count":0,"master_deck":["Strike_R","Strike_R","Defend_R","Defend_R","Defend_R","Defend_R","Bash","Clothesline","Intimidate","Flex","Swift Strike","Heavy Blade","Spot Weakness+1","Flex","Inflame","Armaments","Flex","Limit Break","Heavy Blade","Bandage Up","Spot Weakness","Necronomicurse","Armaments+1","Armaments+1","Feed","Bludgeon","Sentinel"],"relics":["Burning Blood","Prayer Wheel","Pear","Lizard Tail","Necronomicon","Mercury Hourglass","Matryoshka"],"potions_floor_usage":[1,2,14,14,16,16,18,25,27,33,39],"damage_taken":[{"damage":12,"enemies":"Small Slimes","floor":1,"turns":3},{"damage":3,"enemies":"2 Louse","floor":2,"turns":3},{"damage":1,"enemies":"Cultist","floor":7,"turns":4},{"damage":7,"enemies":"Looter","floor":8,"turns":3},{"damage":14,"enemies":"Red Slaver","floor":10,"turns":3},{"damage":12,"enemies":"Large Slime","floor":14,"turns":2},{"damage":20,"enemies":"The Guardian","floor":16,"turns":7},{"damage":7,"enemies":"Chosen","floor":18,"turns":4},{"damage":35,"enemies":"2 Thieves","floor":22,"turns":4},{"damage":31,"enemies":"Snecko","floor":25,"turns":6},{"damage":12,"enemies":"3 Cultists","floor":27,"turns":4},{"damage":14,"enemies":"Shelled Parasite and Fungi","floor":29,"turns":4},{"damage":22,"enemies":"Snecko","floor":31,"turns":4},{"damage":33,"enemies":"Champ","floor":33,"turns":7},{"damage":59,"enemies":"3 Shapes","floor":35,"turns":3},{"damage":70,"enemies":"3 Darklings","floor":38,"turns":6},{"damage":39,"enemies":"Sphere and 2 Shapes","floor":39,"turns":3}],"seed_played":"-4756379751953690440","potions_obtained":[{"floor":0,"key":"AttackPotion"},{"floor":0,"key":"Swift Potion"},{"floor":0,"key":"Block Potion"},{"floor":1,"key":"SpeedPotion"},{"floor":10,"key":"Fire Potion"},{"floor":11,"key":"SteroidPotion"},{"floor":11,"key":"SkillPotion"},{"floor":14,"key":"LiquidBronze"},{"floor":16,"key":"Poison Potion"},{"floor":22,"key":"Poison Potion"},{"floor":25,"key":"AttackPotion"},{"floor":29,"key":"SteroidPotion"},{"floor":35,"key":"Swift Potion"}],"is_trial":false,"path_per_floor":["M","M","$","?","?","?","M","M","T","M","?","R","$","M","R","B",null,"M","?","$","?","M","?","R","M","T","M","?","M","$","M","R","B",null,"M","T","?","M","M"],"character_chosen":"IRONCLAD","items_purchased":["Flex","Inflame","Armaments","Bandage Up"],"campfire_rested":3,"item_purchase_floors":[3,13,13,20],"current_hp_per_floor":[74,77,77,59,48,48,53,52,62,54,54,54,54,48,75,61,90,89,71,71,71,46,30,58,37,37,31,31,27,27,11,39,16,95,42,42,42,33,0],"gold":311,"neow_bonus":"THREE_SMALL_POTIONS","is_prod":false,"is_daily":false,"chose_seed":false,"campfire_upgraded":1,"win_rate":0,"timestamp":1549193736,"path_taken":["M","M","$","?","?","?","M","?","T","M","?","R","$","?","R","BOSS","M","?","$","?","?","?","R","M","T","M","?","?","$","M","R","BOSS","M","?","?","M","M"],"build_version":"2019-01-23","purchased_purges":1,"victory":false,"max_hp_per_floor":[80,80,80,80,80,80,80,80,90,90,90,90,90,90,90,90,90,90,95,95,95,95,95,95,95,95,95,95,95,95,95,95,95,95,95,95,95,95,98],"card_choices":[{"not_picked":["Warcry","Reckless Charge"],"picked":"Clothesline","floor":1},{"not_picked":["Feel No Pain","Anger"],"picked":"Intimidate","floor":2},{"not_picked":["Feel No Pain","Searing Blow"],"picked":"Heavy Blade","floor":7},{"not_picked":["Evolve","Havoc","Twin Strike"],"picked":"SKIP","floor":7},{"not_picked":["Seeing Red","Clash"],"picked":"Spot Weakness","floor":8},{"not_picked":["Anger","Shrug It Off","Juggernaut"],"picked":"SKIP","floor":8},{"not_picked":["Bloodletting","Headbutt"],"picked":"Flex","floor":10},{"not_picked":["Havoc","Sever Soul","Sword Boomerang"],"picked":"SKIP","floor":10},{"not_picked":["Rage","Fire Breathing"],"picked":"Flex","floor":14},{"not_picked":["Dual Wield","Clash","Headbutt"],"picked":"SKIP","floor":14},{"not_picked":["Feed","Juggernaut"],"picked":"Limit Break","floor":16},{"not_picked":["Intimidate","Iron Wave"],"picked":"Heavy Blade","floor":18},{"not_picked":["Warcry","Headbutt","Evolve"],"picked":"SKIP","floor":18},{"not_picked":["Headbutt","Wild Strike"],"picked":"Spot Weakness","floor":22},{"not_picked":["Sever Soul","Wild Strike+1","Clothesline"],"picked":"SKIP","floor":22},{"not_picked":["Ghostly Armor","Clothesline"],"picked":"Armaments+1","floor":25},{"not_picked":["Perfected Strike","Cleave"],"picked":"Armaments+1","floor":25},{"not_picked":["Sword Boomerang+1","Thunderclap"],"picked":"Feed","floor":27},{"not_picked":["Intimidate","Infernal Blade","Rampage"],"picked":"SKIP","floor":27},{"not_picked":["Thunderclap","Pommel Strike"],"picked":"Bludgeon","floor":29},{"not_picked":["True Grit+1","Ghostly Armor","Corruption"],"picked":"SKIP","floor":29},{"not_picked":["Thunderclap","Warcry","Perfected Strike+1"],"picked":"SKIP","floor":31},{"not_picked":["Fire Breathing","Entrench+1","Barricade"],"picked":"SKIP","floor":31},{"not_picked":["Flex","Blood for Blood","Whirlwind+1"],"picked":"SKIP","floor":35},{"not_picked":["Iron Wave+1","Clothesline","Intimidate"],"picked":"SKIP","floor":35},{"not_picked":["Sword Boomerang+1","Body Slam","Heavy Blade"],"picked":"SKIP","floor":38},{"not_picked":["Heavy Blade","Warcry","Exhume"],"picked":"SKIP","floor":38}],"player_experience":229879,"relics_obtained":[{"floor":9,"key":"Pear"},{"floor":23,"key":"Necronomicon"},{"floor":26,"key":"Mercury Hourglass"},{"floor":36,"key":"Matryoshka"}],"event_choices":[{"damage_healed":0,"gold_gain":0,"player_choice":"Success","damage_taken":18,"relics_obtained":["Prayer Wheel"],"max_hp_gain":0,"max_hp_loss":0,"event_name":"Scrap Ooze","floor":4,"gold_loss":0},{"damage_healed":0,"gold_gain":75,"player_choice":"Gather Gold","damage_taken":11,"max_hp_gain":0,"max_hp_loss":0,"event_name":"World of Goop","floor":5,"gold_loss":0},{"damage_healed":0,"gold_gain":0,"player_choice":"1 cards matched","damage_taken":0,"max_hp_gain":0,"max_hp_loss":0,"event_name":"Match and Keep!","floor":6,"gold_loss":0,"cards_obtained":["Swift Strike"]},{"damage_healed":0,"gold_gain":0,"player_choice":"Got Potions","damage_taken":0,"max_hp_gain":0,"max_hp_loss":0,"event_name":"Lab","floor":11,"gold_loss":0},{"damage_healed":0,"gold_gain":0,"player_choice":"Shed Blood","damage_taken":23,"max_hp_gain":5,"max_hp_loss":0,"event_name":"Forgotten Altar","floor":19,"gold_loss":0},{"cards_removed":["Defend_G"],"damage_healed":0,"gold_gain":0,"player_choice":"Took Card","damage_taken":0,"max_hp_gain":0,"max_hp_loss":0,"event_name":"NoteForYourself","floor":21,"gold_loss":0,"cards_obtained":["Defend_G"]},{"damage_healed":0,"gold_gain":0,"player_choice":"Obtained Book","damage_taken":16,"max_hp_gain":0,"max_hp_loss":0,"event_name":"Cursed Tome","floor":23,"gold_loss":0},{"cards_removed":["Strike_R"],"damage_healed":0,"gold_gain":0,"player_choice":"Purged","damage_taken":0,"max_hp_gain":0,"max_hp_loss":0,"event_name":"Purifier","floor":28,"gold_loss":0},{"damage_healed":0,"gold_gain":0,"cards_transformed":["Strike_R"],"player_choice":"Transformed","damage_taken":0,"max_hp_gain":0,"max_hp_loss":0,"event_name":"Transmorgrifier","floor":37,"gold_loss":0,"cards_obtained":["Sentinel"]}],"is_beta":false,"boss_relics":[{"not_picked":["Velvet Choker","Black Blood"],"picked":"Lizard Tail"},{"not_picked":["Snecko Eye","Fusion Hammer","Calling Bell"]}],"items_purged_floors":[3],"is_endless":false,"potions_floor_spawned":[1,10,14,16,22,25,29,35],"killed_by":"Sphere and 2 Shapes","ascension_level":0}