{"gold_per_floor":[113,113,129,40,5,5,5,5,5,21,33,64,84,97,97,97],"floor_reached":16,"playtime":631,"items_purged":[],"score":204,"play_id":"763e01a7-66fc-42e0-9b71-6083e1f5db2e","local_time":"20180923015606","is_ascension_mode":true,"campfire_choices":[{"data":"Glacier","floor":6.0,"key":"SMITH"},{"data":"Streamline","floor":15,"key":"SMITH"}],"neow_cost":"TEN_PERCENT_HP_LOSS","seed_source_timestamp":838904072665882,"circlet_count":0,"master_deck":["Strike_B","Strike_B","Strike_B","Defend_B","Defend_B","Defend_B","Defend_B","Zap","Dualcast","AscendersBane","Capacitor+1","Glacier+1","Streamline+1","Leap","Go for the Eyes","Barrage"],"special_seed":0,"relics":["Cracked Core","Nunchaku","Singing Bowl","Blood Vial"],"potions_floor_usage":[],"damage_taken":[{"damage":9.0,"enemies":"2 Louse","floor":1.0,"turns":3.0},{"damage":15.0,"enemies":"Small Slimes","floor":3.0,"turns":4.0},{"damage":0.0,"enemies":"Cultist","floor":10.0,"turns":5.0},{"damage":2.0,"enemies":"Large Slime","floor":11.0,"turns":9.0},{"damage":15.0,"enemies":"Lagavulin","floor":12.0,"turns":9.0},{"damage":0.0,"enemies":"2 Fungi Beasts","floor":13.0,"turns":3.0},{"damage":0,"enemies":"Gremlin Gang","floor":14,"turns":6},{"damage":45,"enemies":"Slime Boss","floor":16,"turns":10}],"seed_played":"-1263996516789919339","potions_obtained":[{"floor":3.0,"key":"FairyPotion"},{"floor":10.0,"key":"Block Potion"},{"floor":11.0,"key":"LiquidBronze"}],"is_trial":false,"path_per_floor":["M","?","M","$","?","R","?","$","T","M","M","E","M","M","R"],"character_chosen":"DEFECT","items_purchased":["Glacier"],"campfire_rested":0,"item_purchase_floors":[4],"current_hp_per_floor":[55,48,33,33,49,49,49,49,49,49,47,34,36,38,38,0],"gold":97,"neow_bonus":"ONE_RARE_RELIC","is_prod":false,"is_daily":false,"chose_seed":false,"campfire_upgraded":2,"win_rate":0,"timestamp":1537682166,"path_taken":["M","?","M","?","?","R","?","$","T","M","?","E","M","M","R","BOSS"],"build_version":"2018-09-20","purchased_purges":0,"victory":false,"max_hp_per_floor":[64,64,64,64,64,64,64,64,64,64,64,66,66,66,66,66],"card_choices":[{"not_picked":["Steam","Sweeping Beam"],"picked":"Capacitor","floor":1.0},{"not_picked":["Darkness","Rebound","Compile Driver"],"picked":"SKIP","floor":3.0},{"not_picked":["Fusion","Scrape"],"picked":"Streamline","floor":10.0},{"not_picked":["Fusion","Go for the Eyes"],"picked":"Leap","floor":11.0},{"not_picked":["Lockon","Compile Driver","Amplify"],"picked":"Singing Bowl","floor":12.0},{"not_picked":["Sweeping Beam","Conserve Battery"],"picked":"Go for the Eyes","floor":13.0},{"not_picked":["BootSequence","Coolheaded"],"picked":"Barrage","floor":14}],"player_experience":904664,"relics_obtained":[{"floor":9.0,"key":"Singing Bowl"},{"floor":12.0,"key":"Blood Vial"}],"event_choices":[{"event_name":"Golden Wing","player_choice":"Card Removal","floor":2.0,"damage_taken":0.0},{"event_name":"The Cleric","player_choice":"Healed","floor":5.0,"damage_taken":0.0},{"event_name":"Living Wall","player_choice":"Grow","floor":7.0,"damage_taken":0.0}],"is_beta":false,"boss_relics":[],"items_purged_floors":[],"is_endless":false,"potions_floor_spawned":[3,10,11],"killed_by":"Slime Boss","ascension_level":20}