{"gold_per_floor":[117,70,90,90,106,106,122,147,174,209,225,225,259,336,336,435,435,446,134,152,152,152,152,183,196,265,297,297,307,26,26,26,124,124,140,140,160,160,170,170,190,28,28,28,59,73,0,16,16,16],"floor_reached":50,"playtime":2290,"items_purged":["Strike_G","Survivor"],"score":608,"play_id":"d8b3da81-eafd-45ed-8ad3-88f59f0e24ed","local_time":"20190314064834","is_ascension_mode":true,"campfire_choices":[{"data":"Neutralize","floor":6,"key":"SMITH"},{"floor":12,"key":"REST"},{"floor":15,"key":"REST"},{"data":"Noxious Fumes","floor":23,"key":"SMITH"},{"floor":32,"key":"REST"},{"floor":40,"key":"RECALL"},{"floor":44,"key":"REST"},{"floor":49,"key":"REST"}],"neow_cost":"NONE","seed_source_timestamp":51906511424698,"circlet_count":0,"master_deck":["Defend_G+1","Defend_G+1","Defend_G+1","Defend_G+1","Defend_G+1","Strike_G+1","Strike_G+1","Strike_G+1","Strike_G+1","Neutralize+1","Bouncing Flask","Poisoned Stab","Dagger Spray","Leg Sweep","Noxious Fumes","Prepared","Adrenaline","Cloak And Dagger+1","Noxious Fumes+1","Outmaneuver+1","Blade Dance+1","Leg Sweep+1","After Image","Deadly Poison+1","Madness","Madness","Trip","Backstab+1"],"relics":["Ring of the Snake","NeowsBlessing","Happy Flower","Juzu Bracelet","Vajra","Darkstone Periapt","The Courier","Lizard Tail","Singing Bowl","Enchiridion","Du-Vu Doll","Bottled Lightning","PreservedInsect","Lantern","MealTicket","FaceOfCleric","Eternal Feather","Membership Card","Ninja Scroll","Calipers","Red Mask"],"potions_floor_usage":[10,13,20,25,27,33,33,33,48,50],"damage_taken":[{"damage":0,"enemies":"Jaw Worm","floor":1,"turns":1},{"damage":0,"enemies":"Small Slimes","floor":3,"turns":1},{"damage":0,"enemies":"2 Louse","floor":5,"turns":1},{"damage":9,"enemies":"Exordium Thugs","floor":7,"turns":4},{"damage":27,"enemies":"Gremlin Nob","floor":8,"turns":5},{"damage":18,"enemies":"Lagavulin","floor":10,"turns":4},{"damage":2,"enemies":"2 Fungi Beasts","floor":11,"turns":3},{"damage":6,"enemies":"3 Sentries","floor":13,"turns":6},{"damage":29,"enemies":"Slime Boss","floor":16,"turns":11},{"damage":9,"enemies":"Chosen","floor":18,"turns":4},{"damage":4,"enemies":"3 Byrds","floor":20,"turns":4},{"damage":17,"enemies":"Book of Stabbing","floor":24,"turns":6},{"damage":0,"enemies":"3 Cultists","floor":25,"turns":4},{"damage":22,"enemies":"Slavers","floor":27,"turns":5},{"damage":10,"enemies":"Cultist and Chosen","floor":29,"turns":5},{"damage":49,"enemies":"Champ","floor":33,"turns":10},{"damage":11,"enemies":"3 Darklings","floor":35,"turns":3},{"damage":0,"enemies":"3 Shapes","floor":37,"turns":5},{"damage":37,"enemies":"Spire Growth","floor":39,"turns":7},{"damage":30,"enemies":"Sphere and 2 Shapes","floor":41,"turns":6},{"damage":15,"enemies":"Reptomancer","floor":45,"turns":5},{"damage":8,"enemies":"Jaw Worm Horde","floor":46,"turns":5},{"damage":15,"enemies":"4 Shapes","floor":48,"turns":6},{"damage":94,"enemies":"Awakened One","floor":50,"turns":11}],"seed_played":"-2663832907813298486","potions_obtained":[{"floor":1,"key":"Strength Potion"},{"floor":8,"key":"Fire Potion"},{"floor":11,"key":"Block Potion"},{"floor":16,"key":"LiquidBronze"},{"floor":20,"key":"GamblersBrew"},{"floor":24,"key":"Explosive Potion"},{"floor":29,"key":"PowerPotion"},{"floor":37,"key":"Ancient Potion"},{"floor":45,"key":"Regen Potion"},{"floor":48,"key":"SneckoOil"}],"is_trial":false,"path_per_floor":["M","$","M","?","M","R","M","E","T","E","M","R","E","T","R","B",null,"M","$","M","?","?","R","E","M","T","E","?","M","$","?","R","B",null,"M","?","M","?","M","R","M","$","T","R","E","M","?","M","R","B"],"character_chosen":"THE_SILENT","items_purchased":["Poisoned Stab","Noxious Fumes","Singing Bowl","MealTicket","AttackPotion","Membership Card"],"campfire_rested":5,"item_purchase_floors":[2,19,19,30,30,42],"current_hp_per_floor":[70,70,70,75,75,75,66,39,39,21,19,41,35,35,57,28,75,66,66,64,64,48,48,31,31,31,9,9,40,40,40,63,15,80,70,60,63,63,29,44,17,17,17,59,45,40,40,43,87,0],"gold":16,"neow_bonus":"THREE_ENEMY_KILL","is_prod":false,"is_daily":false,"chose_seed":false,"campfire_upgraded":2,"win_rate":0,"timestamp":1552571314,"path_taken":["M","$","M","?","M","R","M","E","T","E","M","R","E","?","R","BOSS","M","$","M","?","?","R","E","M","T","E","?","M","$","?","R","BOSS","M","?","M","?","M","R","M","?","T","R","E","M","?","M","R","BOSS"],"build_version":"2019-01-23","purchased_purges":2,"victory":false,"max_hp_per_floor":[70,70,70,75,75,75,75,75,75,75,75,75,75,75,75,75,75,75,75,77,77,77,77,77,77,77,77,77,79,79,79,79,80,80,81,81,84,84,87,87,90,90,90,90,91,94,94,97,97,97],"card_choices":[{"not_picked":["Riddle With Holes","Slice"],"picked":"Bouncing Flask","floor":1},{"not_picked":["Skewer","Riddle With Holes","Predator"],"picked":"SKIP","floor":3},{"not_picked":["Dagger Throw","PiercingWail"],"picked":"Dagger Spray","floor":5},{"not_picked":["Quick Slash","Escape Plan","Slice"],"picked":"SKIP","floor":7},{"not_picked":["Slice","Dagger Spray"],"picked":"Leg Sweep","floor":8},{"not_picked":["Blade Dance","Deflect"],"picked":"Noxious Fumes","floor":10},{"not_picked":["Dagger Throw","Deadly Poison","Outmaneuver"],"picked":"SKIP","floor":11},{"not_picked":["Dodge and Roll","Doppelganger"],"picked":"Prepared","floor":13},{"not_picked":["Envenom","Night Terror"],"picked":"Adrenaline","floor":16},{"not_picked":["Backflip","Sucker Punch+1"],"picked":"Cloak And Dagger+1","floor":18},{"not_picked":["Reflex+1","Poisoned Stab","Quick Slash"],"picked":"Singing Bowl","floor":20},{"not_picked":["PiercingWail","Dodge and Roll"],"picked":"Outmaneuver+1","floor":24},{"not_picked":["Glass Knife","PiercingWail"],"picked":"Blade Dance+1","floor":25},{"not_picked":["Flying Knee","Dagger Spray"],"picked":"Leg Sweep+1","floor":27},{"not_picked":["Masterful Stab+1","Deflect","Blade Dance"],"picked":"Singing Bowl","floor":29},{"not_picked":["Night Terror","Malaise"],"picked":"After Image","floor":33},{"not_picked":["Predator","Flying Knee+1"],"picked":"Deadly Poison+1","floor":35},{"not_picked":["Slice+1","Well Laid Plans","Underhanded Strike+1"],"picked":"Singing Bowl","floor":37},{"not_picked":["Swift Strike","Madness"],"picked":"Trip","floor":38},{"not_picked":["Outmaneuver","Sucker Punch","Slice+1"],"picked":"Singing Bowl","floor":39},{"not_picked":["Phantasmal Killer","Deadly Poison+1","Sucker Punch+1"],"picked":"Singing Bowl","floor":41},{"not_picked":["Backflip","Flying Knee"],"picked":"Backstab+1","floor":45},{"not_picked":["Deflect","Outmaneuver","Venomology"],"picked":"Singing Bowl","floor":46},{"not_picked":["Sucker Punch","Backflip+1","Blade Dance"],"picked":"Singing Bowl","floor":48}],"player_experience":347170,"relics_obtained":[{"floor":8,"key":"Happy Flower"},{"floor":9,"key":"Juzu Bracelet"},{"floor":10,"key":"Vajra"},{"floor":13,"key":"Darkstone Periapt"},{"floor":14,"key":"The Courier"},{"floor":22,"key":"Enchiridion"},{"floor":24,"key":"Du-Vu Doll"},{"floor":26,"key":"Bottled Lightning"},{"floor":27,"key":"PreservedInsect"},{"floor":43,"key":"Ninja Scroll"},{"floor":45,"key":"Calipers"}],"event_choices":[{"damage_healed":0,"gold_gain":0,"player_choice":"Donut","damage_taken":0,"max_hp_gain":5,"max_hp_loss":0,"event_name":"Big Fish","floor":4,"gold_loss":0},{"damage_healed":0,"gold_gain":0,"player_choice":"Simplicity","damage_taken":0,"max_hp_gain":0,"max_hp_loss":0,"event_name":"Back to Basics","floor":21,"gold_loss":0,"cards_upgraded":["Defend_G","Defend_G","Defend_G","Defend_G","Defend_G","Strike_G","Strike_G","Strike_G","Strike_G"]},{"damage_healed":0,"gold_gain":0,"player_choice":"Obtained Book","damage_taken":16,"max_hp_gain":0,"max_hp_loss":0,"event_name":"Cursed Tome","floor":22,"gold_loss":0},{"damage_healed":0,"gold_gain":0,"player_choice":"Opened","damage_taken":0,"relics_obtained":["Lantern"],"max_hp_gain":0,"max_hp_loss":0,"event_name":"The Mausoleum","floor":28,"gold_loss":0},{"damage_healed":0,"gold_gain":0,"player_choice":"Trade","damage_taken":0,"relics_obtained":["FaceOfCleric"],"max_hp_gain":0,"max_hp_loss":0,"event_name":"FaceTrader","floor":31,"gold_loss":0},{"damage_healed":0,"gold_gain":0,"player_choice":"Embrace Madness","damage_taken":10,"max_hp_gain":0,"max_hp_loss":0,"event_name":"Winding Halls","floor":36,"gold_loss":0,"cards_obtained":["Madness","Madness"]},{"damage_healed":0,"gold_gain":0,"player_choice":"Memory 1","damage_taken":0,"max_hp_gain":0,"max_hp_loss":0,"event_name":"SensoryStone","floor":38,"gold_loss":0},{"damage_healed":0,"gold_gain":0,"player_choice":"Paid","damage_taken":0,"relics_obtained":["Red Mask"],"max_hp_gain":0,"max_hp_loss":0,"event_name":"Tomb of Lord Red Mask","floor":47,"gold_loss":73}],"is_beta":false,"boss_relics":[{"not_picked":["Cursed Key","Orrery"],"picked":"Lizard Tail"},{"not_picked":["White Beast Statue","Fusion Hammer"],"picked":"Eternal Feather"}],"items_purged_floors":[19,30],"is_endless":false,"potions_floor_spawned":[1,8,11,16,20,24,29,37,45,48],"killed_by":"Awakened One","ascension_level":2}