{"gold_per_floor":[119,119,135,155,172,172,201,201,275,275,285,318,337,337],"floor_reached":14,"playtime":548,"items_purged":[],"score":204,"play_id":"b313f397-428a-48fd-baf5-4fe5a4be2cd3","local_time":"20190303151922","is_ascension_mode":true,"campfire_choices":[{"data":"Bash","floor":6.0,"key":"SMITH"},{"floor":8.0,"key":"REST"},{"floor":10.0,"key":"REST"}],"neow_cost":"NONE","seed_source_timestamp":756924054317883,"circlet_count":0,"master_deck":["AscendersBane","Strike_R","Strike_R","Strike_R","Strike_R","Strike_R","Defend_R","Defend_R","Defend_R","Defend_R","Bash+1","Headbutt","Clothesline","Second Wind","Shrug It Off","Perfected Strike","Evolve"],"special_seed":0,"relics":["Burning Blood","CultistMask","Champion Belt","Smiling Mask"],"potions_floor_usage":[14],"damage_taken":[{"damage":11.0,"enemies":"2 Louse","floor":1.0,"turns":2.0},{"damage":4.0,"enemies":"Cultist","floor":3.0,"turns":3.0},{"damage":4.0,"enemies":"Jaw Worm","floor":4.0,"turns":4.0},{"damage":31.0,"enemies":"Exordium Wildlife","floor":5.0,"turns":6.0},{"damage":35.0,"enemies":"3 Sentries","floor":7.0,"turns":9.0},{"damage":9.0,"enemies":"3 Louse","floor":11.0,"turns":4.0},{"damage":35,"enemies":"Gremlin Nob","floor":12,"turns":5},{"damage":8,"enemies":"Blue Slaver","floor":13,"turns":4},{"damage":29,"enemies":"3 Sentries","floor":14,"turns":8}],"seed_played":"-2293835258014861159","potions_obtained":[{"floor":4.0,"key":"Ancient Potion"},{"floor":7.0,"key":"SmokeBomb"},{"floor":11.0,"key":"LiquidBronze"},{"floor":12,"key":"SteroidPotion"}],"is_trial":false,"path_per_floor":["M","?","M","M","M","R","E","R","T","R","M","E","M","E"],"character_chosen":"IRONCLAD","items_purchased":[],"campfire_rested":2,"item_purchase_floors":[],"current_hp_per_floor":[63,63,65,67,42,42,13,35,35,57,54,25,23,0],"gold":337,"neow_bonus":"THREE_CARDS","is_prod":false,"is_daily":false,"chose_seed":false,"campfire_upgraded":1,"win_rate":0,"timestamp":1551644362,"path_taken":["M","?","?","M","M","R","E","R","T","R","M","E","M","E"],"build_version":"2019-02-06","purchased_purges":0,"victory":false,"max_hp_per_floor":[75,75,75,75,75,75,75,75,75,75,75,75,75,75],"card_choices":[{"not_picked":["Flex","Twin Strike"],"picked":"Headbutt","floor":0.0},{"not_picked":["Heavy Blade","Havoc"],"picked":"Clothesline","floor":1.0},{"not_picked":["Burning Pact","Body Slam"],"picked":"Second Wind","floor":3.0},{"not_picked":["Flex","Sword Boomerang"],"picked":"Shrug It Off","floor":4.0},{"not_picked":["Disarm","Anger"],"picked":"Perfected Strike","floor":5.0},{"not_picked":["Rupture","Combust","Clothesline"],"picked":"SKIP","floor":7.0},{"not_picked":["Perfected Strike","Seeing Red"],"picked":"Evolve","floor":11.0},{"not_picked":["Evolve","Heavy Blade","Warcry"],"picked":"SKIP","floor":12},{"not_picked":["Carnage","Headbutt","Entrench"],"picked":"SKIP","floor":13}],"player_experience":1046846,"relics_obtained":[{"floor":7.0,"key":"Champion Belt"},{"floor":12,"key":"Smiling Mask"}],"event_choices":[{"damage_healed":0.0,"max_hp_gain":0.0,"max_hp_loss":0.0,"gold_gain":0.0,"event_name":"FaceTrader","player_choice":"Trade","floor":2.0,"gold_loss":0.0,"damage_taken":0.0,"relics_obtained":["CultistMask"]}],"is_beta":true,"boss_relics":[],"items_purged_floors":[],"is_endless":false,"potions_floor_spawned":[4,7,11,12],"killed_by":"3 Sentries","ascension_level":20}