{"gold_per_floor":[119,139,139,150,96,124,124,135,135,135,165,177,177,187,187,187],"floor_reached":16,"playtime":567,"items_purged":[],"score":224,"play_id":"58e5a02d-aef0-4cd0-a922-86a86fde44d7","local_time":"20190218222036","is_ascension_mode":true,"campfire_choices":[{"floor":13,"key":"DIG"},{"floor":15,"key":"DIG"}],"neow_cost":"NONE","seed_source_timestamp":448694561502045,"circlet_count":0,"master_deck":["AscendersBane","Strike_B","Strike_B","Strike_B","Defend_B","Defend_B","Defend_B","Defend_B","Zap+1","Dualcast","Cold Snap","Compile Driver","Streamline","Sweeping Beam","Hologram","Creative AI"],"special_seed":0,"relics":["Cracked Core","Centennial Puzzle","Shovel","Ice Cream","Letter Opener","Calipers","Blood Vial","Meat on the Bone"],"potions_floor_usage":[12,16],"damage_taken":[{"damage":2.0,"enemies":"Jaw Worm","floor":1.0,"turns":3.0},{"damage":0.0,"enemies":"2 Louse","floor":2.0,"turns":2.0},{"damage":0.0,"enemies":"Cultist","floor":4.0,"turns":3.0},{"damage":6.0,"enemies":"Gremlin Nob","floor":6.0,"turns":3.0},{"damage":7.0,"enemies":"Red Slaver","floor":8.0,"turns":2.0},{"damage":18.0,"enemies":"Lagavulin","floor":11.0,"turns":6.0},{"damage":6,"enemies":"Gremlin Gang","floor":12,"turns":2},{"damage":0,"enemies":"Large Slime","floor":14,"turns":3},{"damage":25,"enemies":"Hexaghost","floor":16,"turns":10}],"seed_played":"97470322118734814","potions_obtained":[{"floor":2.0,"key":"Poison Potion"},{"floor":8.0,"key":"Fire Potion"},{"floor":14,"key":"EssenceOfSteel"}],"is_trial":false,"path_per_floor":["M","M","?","M","$","E","?","M","T","T","E","M","R","M","R","B"],"character_chosen":"DEFECT","items_purchased":["Strength Potion"],"campfire_rested":0,"item_purchase_floors":[5],"current_hp_per_floor":[62,62,55,55,55,49,49,42,42,42,24,18,18,20,20,0],"gold":187,"neow_bonus":"RANDOM_COMMON_RELIC","is_prod":false,"is_daily":false,"chose_seed":false,"campfire_upgraded":0,"win_rate":0,"timestamp":1550546436,"path_taken":["M","M","?","M","$","E","?","M","T","?","E","M","R","?","R","BOSS"],"build_version":"2019-02-06","purchased_purges":0,"victory":false,"max_hp_per_floor":[71,71,71,71,71,71,71,71,71,71,71,71,71,71,71,71],"card_choices":[{"not_picked":["Beam Cell","Streamline"],"picked":"Cold Snap","floor":1.0},{"not_picked":["Reinforced Body","Loop"],"picked":"Compile Driver","floor":2.0},{"not_picked":["Blizzard","Force Field"],"picked":"Streamline","floor":4.0},{"not_picked":["Tempest","Rebound"],"picked":"Sweeping Beam","floor":6.0},{"not_picked":["Ball Lightning","Stack"],"picked":"Hologram","floor":8.0},{"not_picked":["Rip and Tear","Gash"],"picked":"Creative AI","floor":11.0},{"not_picked":["Barrage","Tempest","Streamline"],"picked":"SKIP","floor":12},{"not_picked":["Loop","Sunder","Sweeping Beam"],"picked":"SKIP","floor":14}],"player_experience":946994,"relics_obtained":[{"floor":6.0,"key":"Shovel"},{"floor":9.0,"key":"Ice Cream"},{"floor":10.0,"key":"Letter Opener"},{"floor":11.0,"key":"Calipers"},{"floor":13,"key":"Blood Vial"},{"floor":15,"key":"Meat on the Bone"}],"event_choices":[{"cards_removed":["Strike_B"],"damage_healed":0.0,"max_hp_gain":0.0,"max_hp_loss":0.0,"gold_gain":0.0,"event_name":"Golden Wing","player_choice":"Card Removal","floor":3.0,"gold_loss":0.0,"damage_taken":7.0},{"damage_healed":0.0,"max_hp_gain":0.0,"max_hp_loss":0.0,"gold_gain":0.0,"event_name":"Living Wall","player_choice":"Grow","floor":7.0,"gold_loss":0.0,"damage_taken":0.0,"cards_upgraded":["Zap"]}],"is_beta":true,"boss_relics":[],"items_purged_floors":[],"is_endless":false,"potions_floor_spawned":[2,8,14],"killed_by":"Hexaghost","ascension_level":20}