{"gold_per_floor":[214,214,226,226,241,241,257,257,306,336,7,35,35,48,48,124,124,141,141,141,191,208,0,0,0,75,75,95,114,126,160,160,160],"floor_reached":33,"playtime":1231,"items_purged":["Decay","Strike_B"],"score":550,"play_id":"2c98cb7b-832e-4b9a-82ba-c4016d62dd1b","local_time":"20190218125039","is_ascension_mode":true,"campfire_choices":[{"data":"Sunder","floor":6.0,"key":"SMITH"},{"data":"Static Discharge","floor":8.0,"key":"SMITH"},{"data":"Defragment","floor":13.0,"key":"SMITH"},{"data":"Zap","floor":15.0,"key":"SMITH"},{"data":"Lockon","floor":24,"key":"SMITH"},{"data":"Ghostly","floor":27,"key":"SMITH"},{"data":"Ghostly","floor":32,"key":"SMITH"}],"neow_cost":"NONE","seed_source_timestamp":413856928297899,"circlet_count":0,"master_deck":["AscendersBane","Strike_B+1","Defend_B+1","Defend_B+1","Defend_B+1","Defend_B+1","Zap+1","Dualcast","Sunder+1","Steam","Defragment+1","Static Discharge+1","Ball Lightning","Capacitor","Core Surge","White Noise+1","Ghostly+1","Ghostly+1","Ghostly","Reboot","Core Surge","Lockon+1","Shame","Genetic Algorithm","Hologram","Stack+1"],"special_seed":0,"relics":["Cracked Core","Ornamental Fan","Potion Belt","Singing Bowl","Orichalcum","Sundial","Cursed Key","Matryoshka","Bronze Scales"],"potions_floor_usage":[16,16,28,28,29,31,31,33],"damage_taken":[{"damage":7.0,"enemies":"2 Louse","floor":1.0,"turns":2.0},{"damage":2.0,"enemies":"Cultist","floor":3.0,"turns":3.0},{"damage":1.0,"enemies":"Small Slimes","floor":5.0,"turns":4.0},{"damage":1.0,"enemies":"2 Fungi Beasts","floor":7.0,"turns":3.0},{"damage":26.0,"enemies":"3 Sentries","floor":10.0,"turns":5.0},{"damage":18.0,"enemies":"Lagavulin","floor":12.0,"turns":6.0},{"damage":0.0,"enemies":"Blue Slaver","floor":14.0,"turns":2.0},{"damage":16,"enemies":"The Guardian","floor":16,"turns":8},{"damage":12,"enemies":"2 Thieves","floor":18,"turns":2},{"damage":0,"enemies":"Chosen","floor":22,"turns":5},{"damage":0,"enemies":"Snake Plant","floor":28,"turns":4},{"damage":25,"enemies":"3 Cultists","floor":29,"turns":7},{"damage":8,"enemies":"Centurion and Healer","floor":30,"turns":6},{"damage":2,"enemies":"Book of Stabbing","floor":31,"turns":5},{"damage":8,"enemies":"Champ","floor":33,"turns":2}],"seed_played":"4873783506950587001","potions_obtained":[{"floor":1.0,"key":"Regen Potion"},{"floor":10.0,"key":"GamblersBrew"},{"floor":12.0,"key":"Energy Potion"},{"floor":14.0,"key":"Weak Potion"},{"floor":28,"key":"LiquidBronze"},{"floor":29,"key":"SmokeBomb"},{"floor":30,"key":"Block Potion"},{"floor":31,"key":"Fire Potion"}],"is_trial":false,"path_per_floor":["M","?","M","T","M","R","M","R","T","E","$","E","R","M","R","B",null,"M","?","?","?","M","$","R","?","T","R","M","M","M","E","R","B"],"character_chosen":"DEFECT","items_purchased":["Capacitor","Orichalcum","EntropicBrew"],"campfire_rested":0,"item_purchase_floors":[11,11,23],"current_hp_per_floor":[57,57,55,55,66,66,65,65,65,39,39,23,23,25,25,9,59,47,37,37,37,37,37,37,37,37,37,39,14,6,4,4,0],"gold":160,"neow_bonus":"HUNDRED_GOLD","is_prod":false,"is_daily":false,"chose_seed":false,"campfire_upgraded":7,"win_rate":0,"timestamp":1550512239,"path_taken":["M","?","M","?","M","R","M","R","T","E","$","E","R","M","R","BOSS","M","?","?","?","M","?","R","?","T","R","M","M","?","E","R","BOSS"],"build_version":"2019-02-06","purchased_purges":2,"victory":false,"max_hp_per_floor":[71,71,71,71,71,71,71,71,71,71,71,73,73,75,75,75,75,75,37,37,37,37,37,37,37,37,37,39,39,39,39,39,39],"card_choices":[{"not_picked":["Rebound","Barrage"],"picked":"Sunder","floor":1.0},{"not_picked":["Ball Lightning","Turbo"],"picked":"Steam","floor":3.0},{"not_picked":["Chaos","Hologram"],"picked":"Defragment","floor":5.0},{"not_picked":["Cold Snap","Coolheaded"],"picked":"Static Discharge","floor":7.0},{"not_picked":["Undo","Sweeping Beam"],"picked":"Ball Lightning","floor":10.0},{"not_picked":["Turbo","Fusion","Redo"],"picked":"Singing Bowl","floor":12.0},{"not_picked":["Self Repair","Rebound","Steam Power"],"picked":"Singing Bowl","floor":14.0},{"not_picked":["Echo Form","Meteor Strike"],"picked":"Core Surge","floor":16},{"not_picked":["Tempest","Compile Driver"],"picked":"White Noise+1","floor":18},{"not_picked":["Doom and Gloom","Compile Driver"],"picked":"Lockon","floor":22},{"not_picked":["Streamline","Gash","Melter"],"picked":"Singing Bowl","floor":28},{"not_picked":["Redo","Sweeping Beam"],"picked":"Genetic Algorithm","floor":29},{"not_picked":["Steam","Compile Driver"],"picked":"Hologram","floor":30},{"not_picked":["Rebound","Creative AI"],"picked":"Stack+1","floor":31}],"player_experience":938135,"relics_obtained":[{"floor":4.0,"key":"Ornamental Fan"},{"floor":9.0,"key":"Potion Belt"},{"floor":10.0,"key":"Singing Bowl"},{"floor":12.0,"key":"Sundial"},{"floor":26,"key":"Matryoshka"},{"floor":31,"key":"Bronze Scales"}],"event_choices":[{"damage_healed":0.0,"max_hp_gain":0.0,"max_hp_loss":0.0,"gold_gain":0.0,"event_name":"Wheel of Change","player_choice":"Cursed","floor":2.0,"gold_loss":0.0,"damage_taken":0.0,"cards_obtained":["Decay"]},{"damage_healed":0,"gold_gain":0,"player_choice":"Became a Ghost","damage_taken":0,"max_hp_gain":0,"max_hp_loss":38,"event_name":"Ghosts","floor":19,"gold_loss":0,"cards_obtained":["Ghostly","Ghostly","Ghostly"]},{"damage_healed":0,"gold_gain":0,"cards_transformed":["Strike_B","Strike_B"],"player_choice":"Became Test Subject","damage_taken":0,"max_hp_gain":0,"max_hp_loss":0,"event_name":"Drug Dealer","floor":20,"gold_loss":0,"cards_obtained":["Reboot","Core Surge"]},{"damage_healed":0,"gold_gain":50,"player_choice":"Stole From Cult","damage_taken":0,"max_hp_gain":0,"max_hp_loss":0,"event_name":"Nest","floor":21,"gold_loss":0},{"damage_healed":0,"gold_gain":0,"player_choice":"Simplicity","damage_taken":0,"max_hp_gain":0,"max_hp_loss":0,"event_name":"Back to Basics","floor":25,"gold_loss":0,"cards_upgraded":["Strike_B","Defend_B","Defend_B","Defend_B","Defend_B"]}],"is_beta":true,"boss_relics":[{"not_picked":["Astrolabe","Orrery"],"picked":"Cursed Key"}],"items_purged_floors":[11,23],"is_endless":false,"potions_floor_spawned":[1,10,12,14,28,29,30,31],"killed_by":"Champ","ascension_level":20}