{"gold_per_floor":[115,133,133,133,208,208,224,224,224,224,238,138,167,217,217,291,291,310,310,11,11,22,22,50,50,75,102,102,120,135,27,27,27],"floor_reached":33,"playtime":1269,"items_purged":["Decay","Writhe"],"score":562,"play_id":"3bb98665-7af9-4599-9a99-647b38aee1b0","local_time":"20181013194841","is_ascension_mode":true,"campfire_choices":[{"data":"Rip and Tear","floor":6.0,"key":"SMITH"},{"data":"Hologram","floor":8.0,"key":"SMITH"},{"data":"Auto Shields","floor":10.0,"key":"SMITH"},{"data":"Go for the Eyes","floor":15.0,"key":"SMITH"},{"data":"Dualcast","floor":23.0,"key":"SMITH"},{"floor":28,"key":"REST"},{"floor":32,"key":"REST"}],"neow_cost":"NONE","seed_source_timestamp":176054832534000,"circlet_count":0,"master_deck":["Strike_B+1","Strike_B+1","Strike_B+1","Strike_B+1","Defend_B+1","Defend_B+1","Defend_B+1","Defend_B+1","Zap+1","Dualcast+1","AscendersBane","BootSequence","Auto Shields+1","Rip and Tear+1","Hologram+1","Darkness","Go for the Eyes+1","Sweeping Beam","Electrodynamics","Conserve Battery+1","Leap","Conserve Battery","Undo","FTL+1"],"special_seed":0,"relics":["FrozenCore","Bottled Flame","Mango","Cables","Omamori","Unceasing Top","Smiling Mask","Lantern"],"potions_floor_usage":[27,29,33],"damage_taken":[{"damage":0.0,"enemies":"Small Slimes","floor":1.0,"turns":3.0},{"damage":2.0,"enemies":"Cultist","floor":2.0,"turns":4.0},{"damage":0.0,"enemies":"2 Louse","floor":7.0,"turns":3.0},{"damage":0.0,"enemies":"Looter","floor":11.0,"turns":2.0},{"damage":5.0,"enemies":"3 Sentries","floor":13.0,"turns":7.0},{"damage":32.0,"enemies":"Hexaghost","floor":16.0,"turns":9.0},{"damage":19.0,"enemies":"Chosen","floor":18.0,"turns":7.0},{"damage":0.0,"enemies":"Shell Parasite","floor":22.0,"turns":6.0},{"damage":26,"enemies":"Gremlin Leader","floor":24,"turns":8},{"damage":19,"enemies":"Slavers","floor":27,"turns":5},{"damage":28,"enemies":"Cultist and Chosen","floor":29,"turns":7},{"damage":0,"enemies":"Chosen and Byrds","floor":30,"turns":6},{"damage":41,"enemies":"Collector","floor":33,"turns":5}],"seed_played":"-5897050843519077301","potions_obtained":[{"floor":7.0,"key":"Strength Potion"},{"floor":18.0,"key":"LiquidBronze"},{"floor":24,"key":"LiquidBronze"},{"floor":27,"key":"Poison Potion"}],"is_trial":false,"path_per_floor":["M","M","?","?","?","R","M","R","T","R","M","$","E","?","R","B",null,"M","?","$","?","M","R","E","?","T","E","R","M","M","$","R"],"character_chosen":"DEFECT","items_purchased":["Go for the Eyes","Cables","Swift Potion"],"campfire_rested":2,"item_purchase_floors":[12,20,31],"current_hp_per_floor":[64,62,62,62,51,51,51,51,51,51,51,51,60,60,60,28,71,52,52,52,52,52,52,26,26,26,7,32,4,4,4,29,0],"gold":27,"neow_bonus":"UPGRADE_CARD","is_prod":false,"is_daily":false,"chose_seed":false,"campfire_upgraded":5,"win_rate":0,"timestamp":1539474521,"path_taken":["M","M","?","?","?","R","?","R","T","R","M","$","E","?","R","BOSS","M","?","?","?","M","R","E","?","T","E","R","M","M","$","R","BOSS"],"build_version":"2018-10-11","purchased_purges":2,"victory":false,"max_hp_per_floor":[71,71,71,71,71,71,71,71,71,71,71,71,85,85,85,85,85,85,85,85,85,85,85,85,85,85,85,85,85,85,85,85,85],"card_choices":[{"not_picked":["Coolheaded","Cold Snap"],"picked":"BootSequence","floor":1.0},{"not_picked":["Redo","Beam Cell"],"picked":"Auto Shields","floor":2.0},{"not_picked":["BootSequence","Static Discharge"],"picked":"Hologram","floor":7.0},{"not_picked":["Blizzard","Recycle"],"picked":"Darkness","floor":11.0},{"not_picked":["Rebound","Compile Driver"],"picked":"Sweeping Beam","floor":13.0},{"not_picked":["Seek","Biased Cognition"],"picked":"Electrodynamics","floor":16.0},{"not_picked":["Reprogram","Streamline"],"picked":"Conserve Battery+1","floor":18.0},{"not_picked":["Streamline","Force Field"],"picked":"Leap","floor":22.0},{"not_picked":["Beam Cell","Heatsinks"],"picked":"Conserve Battery","floor":24},{"not_picked":["Self Repair","Hyperbeam"],"picked":"Undo","floor":27},{"not_picked":["Rebound","Beam Cell"],"picked":"FTL+1","floor":29},{"not_picked":["Barrage","Compile Driver","Gash"],"picked":"SKIP","floor":30}],"player_experience":956038,"relics_obtained":[{"floor":9.0,"key":"Bottled Flame"},{"floor":13.0,"key":"Mango"},{"floor":24,"key":"Unceasing Top"},{"floor":26,"key":"Smiling Mask"},{"floor":27,"key":"Lantern"}],"event_choices":[{"event_name":"Match and Keep!","player_choice":"1 cards matched","floor":3.0,"damage_taken":0.0},{"event_name":"Wheel of Change","player_choice":"Curse","floor":4.0,"damage_taken":0.0},{"event_name":"World of Goop","player_choice":"Gather Gold","floor":5.0,"damage_taken":0.0},{"event_name":"Golden Shrine","player_choice":"Pray","floor":14.0,"damage_taken":0.0},{"event_name":"Back to Basics","player_choice":"Simplicity","floor":19.0,"damage_taken":0.0},{"event_name":"The Mausoleum","player_choice":"Yes","floor":21.0,"damage_taken":0.0},{"event_name":"Forgotten Altar","player_choice":"Smashed Altar","floor":25,"damage_taken":0}],"is_beta":false,"boss_relics":[{"not_picked":["Lizard Tail","Calling Bell"],"picked":"FrozenCore"}],"items_purged_floors":[12,31],"is_endless":false,"potions_floor_spawned":[7,18,24,27],"killed_by":"Collector","ascension_level":20}