{"gold_per_floor":[112,123,48,48,106,138,152,168,194,222,172,203,203,5,5,102,102,117,117,117,135,135,160,172,197,197,215,235,235,335,78,78,173,173,188,188,35,45,59,59,90,110,110,210,225,225,239,271,271,271,271,271,20,47,47],"floor_reached":55,"playtime":3938,"items_purged":["Defend_G","Strike_G","Clumsy"],"score":1031,"play_id":"49822f19-811e-4ee4-b055-e920ecf47a92","local_time":"20190120061520","is_ascension_mode":true,"campfire_choices":[{"data":"Storm of Steel","floor":13,"key":"SMITH"},{"data":"Dash","floor":15,"key":"SMITH"},{"data":"Crippling Poison","floor":29,"key":"SMITH"},{"data":"1","floor":32,"key":"LIFT"},{"data":"2","floor":40,"key":"LIFT"},{"data":"3","floor":46,"key":"LIFT"},{"floor":49,"key":"RECALL"},{"data":"Hologram","floor":52,"key":"SMITH"}],"neow_cost":"NONE","seed_source_timestamp":3476259921917,"circlet_count":0,"master_deck":["Defend_G","Defend_G","Defend_G","Defend_G","Survivor","Neutralize","Dash+1","Storm of Steel+1","Tools of the Trade","Malaise","Crippling Poison+1","Bite","Bite","Bite","Bite","Bite","Reflex+1","Crippling Poison+1","Sucker Punch+1","Riddle With Holes+1","Heel Hook","Mayhem","Acrobatics","Caltrops","Pain","Acrobatics","Hologram+1","Creative AI"],"relics":["Snecko Eye","Smiling Mask","Dream Catcher","Darkstone Periapt","TwistedFunnel","Cursed Key","Happy Flower","Paper Crane","Pen Nib","Mercury Hourglass","Girya","PrismaticShard","HoveringKite","PreservedInsect","Thread and Needle","Potion Belt","Toy Ornithopter","Bag of Preparation"],"potions_floor_usage":[10,10,16,16,23,25,25,50,54,55,55,55],"damage_taken":[{"damage":0,"enemies":"2 Louse","floor":1,"turns":3},{"damage":2,"enemies":"Jaw Worm","floor":2,"turns":5},{"damage":22,"enemies":"3 Sentries","floor":6,"turns":9},{"damage":0,"enemies":"Cultist","floor":7,"turns":3},{"damage":0,"enemies":"Large Slime","floor":8,"turns":6},{"damage":6,"enemies":"Lagavulin","floor":10,"turns":5},{"damage":18,"enemies":"Gremlin Nob","floor":12,"turns":4},{"damage":9,"enemies":"Slime Boss","floor":16,"turns":9},{"damage":17,"enemies":"2 Thieves","floor":18,"turns":3},{"damage":1,"enemies":"Spheric Guardian","floor":21,"turns":3},{"damage":1,"enemies":"Gremlin Leader","floor":23,"turns":7},{"damage":4,"enemies":"Shelled Parasite and Fungi","floor":24,"turns":4},{"damage":34,"enemies":"Slavers","floor":25,"turns":4},{"damage":6,"enemies":"Sentry and Sphere","floor":27,"turns":4},{"damage":0,"enemies":"Centurion and Healer","floor":28,"turns":4},{"damage":13,"enemies":"Colosseum Slavers","floor":30,"turns":3},{"damage":10,"enemies":"Colosseum Nobs","floor":30,"turns":3},{"damage":0,"enemies":"Collector","floor":33,"turns":6},{"damage":2,"enemies":"3 Darklings","floor":35,"turns":2},{"damage":0,"enemies":"Orb Walker","floor":38,"turns":2},{"damage":2,"enemies":"4 Shapes","floor":39,"turns":2},{"damage":24,"enemies":"Reptomancer","floor":41,"turns":4},{"damage":0,"enemies":"Sphere and 2 Shapes","floor":42,"turns":4},{"damage":7,"enemies":"Transient","floor":45,"turns":5},{"damage":6,"enemies":"3 Darklings","floor":47,"turns":3},{"damage":12,"enemies":"Nemesis","floor":48,"turns":4},{"damage":39,"enemies":"Awakened One","floor":50,"turns":9},{"damage":31,"enemies":"Shield and Spear","floor":54,"turns":5},{"damage":127,"enemies":"The Heart","floor":55,"turns":9}],"seed_played":"2167395383303573869","potions_obtained":[{"floor":2,"key":"Poison Potion"},{"floor":7,"key":"Block Potion"},{"floor":8,"key":"EssenceOfSteel"},{"floor":10,"key":"GamblersBrew"},{"floor":16,"key":"Dexterity Potion"},{"floor":18,"key":"SkillPotion"},{"floor":21,"key":"LiquidBronze"},{"floor":23,"key":"SkillPotion"},{"floor":25,"key":"Weak Potion"},{"floor":33,"key":"GamblersBrew"},{"floor":41,"key":"GhostInAJar"},{"floor":48,"key":"SkillPotion"}],"is_trial":false,"path_per_floor":["M","M","$","?","?","E","M","M","T","E","$","E","R","$","R","B",null,"M","?","?","M","$","E","M","E","T","M","M","R","?","$","R","B",null,"M","?","$","M","M","R","E","M","T","?","M","R","M","E","R","B",null,"R","$","E","B"],"character_chosen":"THE_SILENT","items_purchased":["TwistedFunnel","PrismaticShard","PreservedInsect","Toy Ornithopter","AttackPotion"],"campfire_rested":0,"item_purchase_floors":[14,31,37,53,53],"current_hp_per_floor":[70,68,68,73,73,51,51,51,51,45,45,29,29,29,29,22,62,47,47,33,38,38,61,73,53,59,69,83,83,70,70,70,86,86,86,86,86,86,84,84,70,76,82,82,92,92,88,86,86,79,89,89,89,67,0],"gold":47,"neow_bonus":"BOSS_RELIC","is_prod":false,"is_daily":false,"chose_seed":false,"campfire_upgraded":4,"win_rate":0,"timestamp":1547982920,"path_taken":["M","M","$","?","?","E","M","M","T","E","$","E","R","$","R","BOSS","M","?","?","M","?","E","M","E","T","M","?","R","?","$","R","BOSS","M","?","$","M","M","R","E","M","T","?","M","R","?","E","R","BOSS","R","$","E","BOSS"],"build_version":"2019-01-17","purchased_purges":3,"victory":false,"max_hp_per_floor":[70,70,70,75,75,75,75,75,75,75,75,75,75,75,75,75,75,75,75,80,80,80,80,80,80,86,86,86,86,86,86,86,86,86,86,86,86,86,86,86,86,86,92,92,92,92,92,92,92,92,92,92,92,92,92],"card_choices":[{"not_picked":["Deflect","Expertise","Slice"],"picked":"SKIP","floor":1},{"not_picked":["Sucker Punch","Skewer"],"picked":"Dash","floor":2},{"not_picked":["Cloak And Dagger","Calculated Gamble","Flying Knee"],"picked":"SKIP","floor":6},{"not_picked":["Concentrate","Quick Slash","Deflect"],"picked":"SKIP","floor":7},{"not_picked":["Riddle With Holes","Deadly Poison"],"picked":"Storm of Steel","floor":8},{"not_picked":["Escape Plan","Flying Knee","Slice"],"picked":"SKIP","floor":10},{"not_picked":["Backflip","Acrobatics"],"picked":"Tools of the Trade","floor":12},{"not_picked":["Adrenaline","Unload"],"picked":"Malaise","floor":16},{"not_picked":["PiercingWail","Tactician+1"],"picked":"Crippling Poison+1","floor":18},{"not_picked":["PiercingWail","Sucker Punch","Quick Slash+1"],"picked":"SKIP","floor":21},{"not_picked":["Sucker Punch","Deflect","Dagger Spray"],"picked":"SKIP","floor":23},{"not_picked":["Slice","Terror"],"picked":"Reflex+1","floor":24},{"not_picked":["Cloak And Dagger","Tactician"],"picked":"Crippling Poison","floor":25},{"not_picked":["Acrobatics","Endless Agony+1"],"picked":"Sucker Punch+1","floor":27},{"not_picked":["Dagger Spray+1","Backflip+1"],"picked":"Riddle With Holes+1","floor":28},{"not_picked":["Skewer","Adrenaline"],"picked":"Heel Hook","floor":30},{"not_picked":["Master of Strategy","Brutality"],"picked":"Mayhem","floor":33},{"not_picked":["Blade Dance+1","Flying Knee+1","Dodge and Roll+1"],"picked":"SKIP","floor":35},{"not_picked":["Flash of Steel+1","PiercingWail","Conserve Battery+1"],"picked":"SKIP","floor":38},{"not_picked":["Steam+1","PiercingWail"],"picked":"Acrobatics","floor":39},{"not_picked":["Dagger Spray","Ball Lightning+1","Cloak And Dagger+1"],"picked":"SKIP","floor":41},{"not_picked":["Dramatic Entrance","Rebound"],"picked":"Caltrops","floor":42},{"not_picked":["Bane","Cloak And Dagger+1"],"picked":"Acrobatics","floor":45},{"not_picked":["Flechettes+1","Dodge and Roll+1"],"picked":"Hologram","floor":47},{"not_picked":["Skewer","Infernal Blade+1"],"picked":"Creative AI","floor":48},{"not_picked":["Loop+1","Finesse","Go for the Eyes+1"],"picked":"SKIP","floor":54}],"player_experience":228662,"relics_obtained":[{"floor":6,"key":"Smiling Mask"},{"floor":9,"key":"Dream Catcher"},{"floor":10,"key":"Blood Vial"},{"floor":12,"key":"Darkstone Periapt"},{"floor":23,"key":"Happy Flower"},{"floor":25,"key":"Paper Crane"},{"floor":26,"key":"Pen Nib"},{"floor":30,"key":"Mercury Hourglass"},{"floor":30,"key":"Girya"},{"floor":41,"key":"Thread and Needle"},{"floor":48,"key":"Potion Belt"},{"floor":54,"key":"Bag of Preparation"}],"event_choices":[{"damage_healed":0,"gold_gain":0,"player_choice":"Donut","damage_taken":0,"max_hp_gain":5,"max_hp_loss":0,"event_name":"Big Fish","floor":4,"gold_loss":0},{"damage_healed":0,"gold_gain":58,"player_choice":"Gained Gold","damage_taken":0,"max_hp_gain":0,"max_hp_loss":0,"event_name":"Golden Wing","floor":5,"gold_loss":0},{"damage_healed":0,"gold_gain":0,"player_choice":"Became a vampire (Vial)","damage_taken":0,"max_hp_gain":0,"max_hp_loss":0,"event_name":"Vampires","floor":19,"relics_lost":["Blood Vial"],"gold_loss":0,"cards_obtained":["Bite","Bite","Bite","Bite","Bite"]},{"damage_healed":0,"gold_gain":0,"player_choice":"Shed Blood","damage_taken":19,"max_hp_gain":5,"max_hp_loss":0,"event_name":"Forgotten Altar","floor":20,"gold_loss":0},{"damage_healed":0,"gold_gain":0,"player_choice":"Fight","damage_taken":0,"max_hp_gain":0,"max_hp_loss":0,"event_name":"Colosseum","floor":30,"gold_loss":0},{"damage_healed":0,"gold_gain":0,"player_choice":"Fought Nobs","damage_taken":0,"max_hp_gain":0,"max_hp_loss":0,"event_name":"Colosseum","floor":30,"gold_loss":0},{"damage_healed":0,"gold_gain":0,"player_choice":"Ignored","damage_taken":0,"max_hp_gain":0,"max_hp_loss":0,"event_name":"Tomb of Lord Red Mask","floor":36,"gold_loss":0},{"damage_healed":0,"gold_gain":100,"player_choice":"Pray","damage_taken":0,"max_hp_gain":0,"max_hp_loss":0,"event_name":"Golden Shrine","floor":44,"gold_loss":0}],"is_beta":true,"boss_relics":[{"not_picked":["Philosopher\u0027s Stone","Lizard Tail"],"picked":"Cursed Key"},{"not_picked":["Orrery","Eternal Feather"],"picked":"HoveringKite"}],"items_purged_floors":[3,11,31],"is_endless":false,"potions_floor_spawned":[2,7,8,10,16,18,21,23,25,33,41,42,45,48],"killed_by":"The Heart","ascension_level":5}