{"gold_per_floor":[111,36,56,70,145,145,145,320,320,220,220,254,265,285,285,387,387,375,393,58,75,174,174,174],"floor_reached":24,"playtime":1180,"items_purged":["Dualcast","Doubt"],"score":225,"play_id":"2ad3279b-4900-4d8d-ad0e-38e4016208ef","local_time":"20190111040212","is_ascension_mode":true,"campfire_choices":[{"data":"Conserve Battery","floor":6,"key":"SMITH"},{"data":"Sunder","floor":11,"key":"SMITH"},{"data":"Fusion","floor":15,"key":"SMITH"},{"data":"Scrape","floor":23,"key":"SMITH"}],"neow_cost":"NONE","seed_source_timestamp":87765954128180,"circlet_count":0,"master_deck":["Strike_B","Strike_B","Strike_B","Defend_B","Defend_B","Defend_B","Defend_B","Zap","Conserve Battery+1","Gash","Sunder+1","BootSequence","Fusion+1","Hyperbeam","Self Repair","Gash","Scrape+1","Gash+1"],"relics":["Cracked Core","Sundial","Matryoshka","Black Star","Shuriken"],"potions_floor_usage":[12,16,16],"damage_taken":[{"damage":7,"enemies":"Jaw Worm","floor":1,"turns":3},{"damage":1,"enemies":"2 Louse","floor":3,"turns":3},{"damage":0,"enemies":"Small Slimes","floor":4,"turns":3},{"damage":45,"enemies":"3 Sentries","floor":12,"turns":10},{"damage":1,"enemies":"Looter","floor":13,"turns":3},{"damage":0,"enemies":"Large Slime","floor":14,"turns":4},{"damage":25,"enemies":"Hexaghost","floor":16,"turns":10},{"damage":19,"enemies":"2 Thieves","floor":18,"turns":4},{"damage":24,"enemies":"3 Byrds","floor":19,"turns":4},{"damage":26,"enemies":"Centurion and Healer","floor":21,"turns":5},{"damage":27,"enemies":"Gremlin Leader","floor":24,"turns":4}],"seed_played":"-2365588035186014267","potions_obtained":[{"floor":3,"key":"Regen Potion"},{"floor":4,"key":"SpeedPotion"},{"floor":13,"key":"FocusPotion"},{"floor":14,"key":"PowerPotion"},{"floor":18,"key":"GamblersBrew"}],"is_trial":false,"path_per_floor":["M","$","M","M","?","R","?","?","T","$","R","E","M","M","R","B",null,"M","M","$","M","?","R","E"],"character_chosen":"DEFECT","items_purchased":["Shuriken","Scrape"],"campfire_rested":0,"item_purchase_floors":[20,20],"current_hp_per_floor":[75,75,74,74,63,63,63,63,63,63,63,33,32,32,32,7,82,63,46,46,27,27,27,0],"gold":174,"neow_bonus":"TEN_PERCENT_HP_BONUS","is_prod":false,"is_daily":false,"chose_seed":false,"campfire_upgraded":4,"win_rate":0,"timestamp":1547197332,"path_taken":["M","$","M","M","?","R","?","?","T","$","R","E","M","M","R","BOSS","M","M","$","M","?","R","E"],"build_version":"2019-01-10","purchased_purges":2,"victory":false,"max_hp_per_floor":[82,82,82,82,82,82,82,82,82,82,82,82,82,82,82,82,82,82,82,82,82,82,82,82],"card_choices":[{"not_picked":["Lockon","Stack"],"picked":"Conserve Battery","floor":1},{"not_picked":["Ball Lightning","Reprogram"],"picked":"Gash","floor":3},{"not_picked":["Cold Snap","Aggregate"],"picked":"Sunder","floor":4},{"not_picked":["Coolheaded","Heatsinks"],"picked":"BootSequence","floor":12},{"not_picked":["Turbo","Rebound","Cold Snap"],"picked":"SKIP","floor":13},{"not_picked":["Lockon","Coolheaded"],"picked":"Fusion","floor":14},{"not_picked":["Creative AI","All For One"],"picked":"Hyperbeam","floor":16},{"not_picked":["Go for the Eyes","Barrage"],"picked":"Self Repair","floor":18},{"not_picked":["Defragment+1","Conserve Battery"],"picked":"Gash","floor":19},{"not_picked":["Defragment","Blizzard"],"picked":"Gash+1","floor":21}],"player_experience":181019,"relics_obtained":[{"floor":9,"key":"Sundial"},{"floor":12,"key":"Matryoshka"}],"event_choices":[{"damage_healed":0,"gold_gain":75,"player_choice":"Gather Gold","damage_taken":11,"max_hp_gain":0,"max_hp_loss":0,"event_name":"World of Goop","floor":5,"gold_loss":0},{"cards_removed":["Strike_B"],"damage_healed":0,"gold_gain":0,"player_choice":"Forget","damage_taken":0,"max_hp_gain":0,"max_hp_loss":0,"event_name":"Living Wall","floor":7,"gold_loss":0},{"damage_healed":0,"gold_gain":175,"player_choice":"AGREE","damage_taken":0,"max_hp_gain":0,"max_hp_loss":0,"event_name":"Liars Game","floor":8,"gold_loss":0,"cards_obtained":["Doubt"]},{"damage_healed":0,"gold_gain":99,"player_choice":"Stole From Cult","damage_taken":0,"max_hp_gain":0,"max_hp_loss":0,"event_name":"Nest","floor":22,"gold_loss":0}],"is_beta":true,"boss_relics":[{"not_picked":["Eternal Feather","Velvet Choker"],"picked":"Black Star"}],"items_purged_floors":[2,10],"is_endless":false,"potions_floor_spawned":[3,4,13,14,18],"killed_by":"Gremlin Leader","ascension_level":3}