{"gold_per_floor":[113,130,90,56,72,104,104,104,128,128,139,139,64,94,94,94],"floor_reached":16,"playtime":738,"items_purged":["Strike_G"],"score":116,"play_id":"f60fad12-c5d1-4c56-b02f-132e9eb32210","local_time":"20190307014246","is_ascension_mode":true,"campfire_choices":[{"data":"Dash","floor":7,"key":"SMITH"},{"floor":10,"key":"RECALL"},{"floor":15,"key":"REST"}],"neow_cost":"NONE","seed_source_timestamp":121517398641665,"circlet_count":0,"master_deck":["Defend_G","Defend_G","Defend_G","Defend_G","Defend_G","Strike_G","Strike_G","Strike_G","Strike_G","Survivor","Neutralize+1","Dash+1","Heel Hook","Unload"],"relics":["Ring of the Snake","Art of War","Bag of Preparation","Ice Cream"],"potions_floor_usage":[6,6,8,16],"damage_taken":[{"damage":1,"enemies":"Cultist","floor":1,"turns":5},{"damage":0,"enemies":"Small Slimes","floor":2,"turns":3},{"damage":0,"enemies":"Jaw Worm","floor":5,"turns":3},{"damage":19,"enemies":"Gremlin Nob","floor":6,"turns":6},{"damage":0,"enemies":"Red Slaver","floor":8,"turns":1},{"damage":3,"enemies":"Exordium Wildlife","floor":11,"turns":7},{"damage":24,"enemies":"3 Sentries","floor":14,"turns":11},{"damage":47,"enemies":"Hexaghost","floor":16,"turns":14}],"seed_played":"5106785498110765419","potions_obtained":[{"floor":1,"key":"Weak Potion"},{"floor":3,"key":"SmokeBomb"},{"floor":3,"key":"Fire Potion"},{"floor":14,"key":"Fire Potion"}],"is_trial":false,"path_per_floor":["M","M","?","$","M","E","R","M","T","R","M","?","$","E","R","B"],"character_chosen":"THE_SILENT","items_purchased":["Heel Hook"],"campfire_rested":1,"item_purchase_floors":[4],"current_hp_per_floor":[69,69,69,69,69,50,50,50,50,50,47,47,47,23,44,0],"gold":94,"neow_bonus":"UPGRADE_CARD","is_prod":false,"is_daily":false,"chose_seed":false,"campfire_upgraded":1,"win_rate":0,"timestamp":1551951766,"path_taken":["M","M","?","?","M","E","R","M","T","R","M","?","?","E","R","BOSS"],"build_version":"2019-01-23","purchased_purges":1,"victory":false,"max_hp_per_floor":[70,70,70,70,70,70,70,70,70,70,70,70,70,70,70,70],"card_choices":[{"not_picked":["Acrobatics","Blur","Slice"],"picked":"SKIP","floor":1},{"not_picked":["Crippling Poison","Poisoned Stab"],"picked":"Dash","floor":2},{"not_picked":["Underhanded Strike","Eviscerate","Terror"],"picked":"SKIP","floor":5},{"not_picked":["Terror","Quick Slash","Wraith Form v2"],"picked":"SKIP","floor":6},{"not_picked":["Cloak And Dagger","Expertise","Acrobatics"],"picked":"SKIP","floor":11},{"not_picked":["Terror","Dodge and Roll"],"picked":"Unload","floor":14}],"player_experience":312313,"relics_obtained":[{"floor":6,"key":"Art of War"},{"floor":14,"key":"Ice Cream"}],"event_choices":[{"damage_healed":0,"gold_gain":0,"player_choice":"Bought 3 Potions","damage_taken":0,"max_hp_gain":0,"max_hp_loss":0,"event_name":"The Woman in Blue","floor":3,"gold_loss":0},{"damage_healed":0,"gold_gain":0,"player_choice":"Searched \u00271\u0027 times","damage_taken":0,"relics_obtained":["Bag of Preparation"],"max_hp_gain":0,"max_hp_loss":0,"event_name":"Dead Adventurer","floor":12,"gold_loss":0}],"is_beta":false,"boss_relics":[],"items_purged_floors":[13],"is_endless":false,"potions_floor_spawned":[1,8,14],"killed_by":"Hexaghost","ascension_level":1}