{"gold_per_floor":[118,118,132,144,201,201,232,232,232,260,260,292,322,344,356,368],"floor_reached":16,"playtime":739,"items_purged":[],"score":240,"play_id":"0ff0a0f5-d7ba-4802-b536-5cb86cb76570","local_time":"20181016212840","is_ascension_mode":true,"campfire_choices":[{"data":"Zap","floor":6,"key":"SMITH"},{"data":"Self Repair","floor":8,"key":"SMITH"},{"data":"Auto Shields","floor":11,"key":"SMITH"},{"data":"Auto Shields","floor":15,"key":"SMITH"}],"neow_cost":"NONE","seed_source_timestamp":441844680686273,"circlet_count":0,"master_deck":["Strike_B","Strike_B","Strike_B+1","Strike_B","Defend_B","Defend_B+1","Defend_B","Defend_B","Zap+1","Dualcast","AscendersBane","Core Surge","Auto Shields+1","Self Repair+1","Glacier","Auto Shields+1","Cold Snap","Glacier","Conserve Battery"],"relics":["Cracked Core","Symbiotic Virus","Frozen Egg 2","Bag of Marbles","MawBank"],"potions_floor_usage":[7,12,16],"damage_taken":[{"damage":0,"enemies":"Cultist","floor":1,"turns":3},{"damage":0,"enemies":"Small Slimes","floor":3,"turns":2},{"damage":1,"enemies":"Jaw Worm","floor":4,"turns":3},{"damage":10,"enemies":"Lagavulin","floor":7,"turns":9},{"damage":18,"enemies":"3 Sentries","floor":10,"turns":8},{"damage":6,"enemies":"Gremlin Nob","floor":12,"turns":3},{"damage":1,"enemies":"3 Louse","floor":13,"turns":5},{"damage":2,"enemies":"Red Slaver","floor":14,"turns":4},{"damage":52,"enemies":"Slime Boss","floor":16,"turns":15}],"seed_played":"6016171725598449655","potions_obtained":[{"floor":4,"key":"Poison Potion"},{"floor":10,"key":"PowerPotion"},{"floor":13,"key":"PowerPotion"},{"floor":14,"key":"LiquidBronze"}],"is_trial":false,"path_per_floor":["M","?","M","M","?","R","E","R","T","E","R","E","M","M","R"],"character_chosen":"DEFECT","items_purchased":[],"campfire_rested":0,"item_purchase_floors":[],"current_hp_per_floor":[64,43,43,49,49,49,46,46,46,38,38,32,41,49,49,0],"gold":368,"neow_bonus":"ONE_RANDOM_RARE_CARD","is_prod":false,"is_daily":false,"chose_seed":false,"campfire_upgraded":4,"win_rate":0,"timestamp":1539739720,"path_taken":["M","?","M","M","?","R","E","R","T","E","R","E","?","M","R","BOSS"],"build_version":"2018-10-11","purchased_purges":0,"victory":false,"max_hp_per_floor":[71,71,71,71,71,71,71,71,71,71,71,71,71,71,71,71],"card_choices":[{"not_picked":["Compile Driver","Steam"],"picked":"Auto Shields","floor":1},{"not_picked":["Rebound","Redo"],"picked":"Self Repair","floor":3},{"not_picked":["Turbo","Conserve Battery"],"picked":"Glacier","floor":4},{"not_picked":["Hello World","Fission"],"picked":"Auto Shields","floor":7},{"not_picked":["Auto Shields","Self Repair+1","Beam Cell"],"picked":"SKIP","floor":10},{"not_picked":["Storm+1","Melter"],"picked":"Cold Snap","floor":12},{"not_picked":["Steam","Reinforced Body"],"picked":"Glacier","floor":13},{"not_picked":["Meteor Strike","Hologram"],"picked":"Conserve Battery","floor":14}],"player_experience":973107,"relics_obtained":[{"floor":7,"key":"Symbiotic Virus"},{"floor":9,"key":"Frozen Egg 2"},{"floor":10,"key":"Bag of Marbles"},{"floor":12,"key":"MawBank"}],"event_choices":[{"event_name":"Shining Light","player_choice":"Entered Light","floor":2,"damage_taken":0},{"event_name":"Golden Wing","player_choice":"Gained Gold","floor":5,"damage_taken":0}],"is_beta":false,"boss_relics":[],"items_purged_floors":[],"is_endless":false,"potions_floor_spawned":[4,10,13,14],"killed_by":"Slime Boss","ascension_level":20}