{"gold_per_floor":[116,127,6,6,74,74,105,105,150,150,212,22,72,88,88,167,167,179,329,19,38,188,188,188,188,188,248,298,15,65,81,81,154,154,169,181,24,38,88,123,123,45,45,45,112,127,127,143,143,143],"floor_reached":51,"playtime":3992,"items_purged":["Zap"],"score":1255,"play_id":"e3923ab3-349f-453c-887e-dc6bf39e7b10","local_time":"20190226050933","is_ascension_mode":true,"campfire_choices":[{"data":"Coolheaded","floor":6,"key":"SMITH"},{"data":"Hologram","floor":8,"key":"SMITH"},{"data":"FTL","floor":10,"key":"SMITH"},{"data":"Fission","floor":15,"key":"SMITH"},{"data":"Go for the Eyes","floor":23,"key":"SMITH"},{"data":"Cold Snap","floor":24,"key":"SMITH"},{"data":"Dualcast","floor":25,"key":"SMITH"},{"data":"Coolheaded","floor":32,"key":"SMITH"},{"data":"Consume","floor":41,"key":"SMITH"},{"floor":44,"key":"REST"},{"data":"Hologram","floor":47,"key":"SMITH"},{"data":"Hologram","floor":49,"key":"SMITH"}],"neow_cost":"NONE","seed_source_timestamp":45873434332214,"circlet_count":0,"master_deck":["AscendersBane","Strike_B+1","Strike_B+1","Strike_B+1","Defend_B+1","Defend_B+1","Defend_B+1","Defend_B+1","Dualcast+1","Gash","Coolheaded+1","Go for the Eyes+1","FTL+1","Hologram+1","Undo","Glacier","Fission+1","Core Surge","Hologram+1","Gash","Cold Snap+1","Hello World+1","Capacitor+1","Coolheaded+1","Streamline","Creative AI+1","Hologram+1","Consume+1","Gash","Stack","Self Repair+1","Capacitor+1","Shame","Hologram+1","Gash","Loop+1"],"relics":["Cracked Core","SsserpentHead","Centennial Puzzle","Blood Vial","Tiny Chest","Nuclear Battery","WingedGreaves","Frozen Egg 2","Incense Burner","Pear","Orichalcum","Potion Belt","Cursed Key","Lantern","Art of War","Mango"],"potions_floor_usage":[7,16,16,19,27,36,48,48,50,50,50],"damage_taken":[{"damage":1,"enemies":"Cultist","floor":1,"turns":3},{"damage":2,"enemies":"Jaw Worm","floor":2,"turns":3},{"damage":2,"enemies":"2 Louse","floor":5,"turns":2},{"damage":17,"enemies":"3 Sentries","floor":7,"turns":11},{"damage":8,"enemies":"Gremlin Gang","floor":11,"turns":5},{"damage":0,"enemies":"Looter","floor":14,"turns":4},{"damage":22,"enemies":"Slime Boss","floor":16,"turns":20},{"damage":7,"enemies":"Shell Parasite","floor":18,"turns":6},{"damage":3,"enemies":"Colosseum Slavers","floor":19,"turns":6},{"damage":28,"enemies":"Colosseum Nobs","floor":19,"turns":6},{"damage":0,"enemies":"3 Byrds","floor":21,"turns":9},{"damage":9,"enemies":"Snake Plant","floor":27,"turns":6},{"damage":7,"enemies":"Centurion and Healer","floor":31,"turns":9},{"damage":31,"enemies":"Collector","floor":33,"turns":13},{"damage":22,"enemies":"3 Darklings","floor":35,"turns":9},{"damage":21,"enemies":"3 Shapes","floor":36,"turns":6},{"damage":4,"enemies":"Sphere and 2 Shapes","floor":38,"turns":8},{"damage":0,"enemies":"Giant Head","floor":40,"turns":10},{"damage":0,"enemies":"Jaw Worm Horde","floor":45,"turns":6},{"damage":0,"enemies":"Maw","floor":46,"turns":11},{"damage":2,"enemies":"Transient","floor":48,"turns":5},{"damage":45,"enemies":"Awakened One","floor":50,"turns":20}],"seed_played":"-4410126199295619984","potions_obtained":[{"floor":1,"key":"Block Potion"},{"floor":5,"key":"Block Potion"},{"floor":14,"key":"FocusPotion"},{"floor":16,"key":"Swift Potion"},{"floor":19,"key":"Weak Potion"},{"floor":27,"key":"FearPotion"},{"floor":31,"key":"GamblersBrew"},{"floor":38,"key":"Block Potion"},{"floor":45,"key":"EssenceOfSteel"},{"floor":46,"key":"Fire Potion"},{"floor":48,"key":"FearPotion"}],"is_trial":false,"path_per_floor":["M","M","$","?","M","R","E","R","T","R","M","$","?","M","R","B",null,"M","?","$","M","?","R","R","R","T","M","?","$","?","M","R","B",null,"M","M","$","M","?","E","R","$","T","R","M","M","R","M","R","B",null],"character_chosen":"DEFECT","items_purchased":["Go for the Eyes","Tiny Chest","Glacier","Incense Burner","Capacitor+1","Orichalcum","Coolheaded","Lantern","Capacitor+1"],"campfire_rested":1,"item_purchase_floors":[3,12,12,20,29,29,29,37,42],"current_hp_per_floor":[70,68,68,68,66,66,49,49,49,49,43,43,48,50,50,30,70,65,38,38,40,40,40,40,40,50,43,43,43,43,38,38,9,72,52,33,33,31,31,33,33,33,47,79,91,103,103,107,107,72],"gold":143,"neow_bonus":"TEN_PERCENT_HP_BONUS","is_prod":false,"is_daily":false,"chose_seed":false,"campfire_upgraded":11,"win_rate":0,"timestamp":1551175773,"path_taken":["M","M","$","?","?","R","E","R","T","R","?","$","?","M","R","BOSS","M","?","$","M","?","R","R","R","T","?","?","$","?","M","R","BOSS","M","M","$","M","?","E","R","$","T","R","?","M","R","M","R","BOSS"],"build_version":"2019-02-06","purchased_purges":1,"victory":true,"max_hp_per_floor":[78,78,78,78,78,78,78,78,78,78,78,78,83,83,83,83,83,83,83,83,83,83,83,83,83,93,93,93,93,93,93,93,93,93,93,93,93,93,93,93,93,93,107,107,107,107,107,107,107,107],"card_choices":[{"not_picked":["Aggregate","Fusion"],"picked":"Gash","floor":1},{"not_picked":["Beam Cell","Barrage"],"picked":"Coolheaded","floor":2},{"not_picked":["Auto Shields","Compile Driver"],"picked":"FTL","floor":5},{"not_picked":["Cold Snap","Conserve Battery"],"picked":"Hologram","floor":7},{"not_picked":["Recycle","Beam Cell"],"picked":"Undo","floor":11},{"not_picked":["Beam Cell","Aggregate"],"picked":"Fission","floor":14},{"not_picked":["Multi-Cast","Thunder Strike"],"picked":"Core Surge","floor":16},{"not_picked":["Heatsinks","Doom and Gloom"],"picked":"Hologram+1","floor":18},{"not_picked":["Sunder","Stack"],"picked":"Gash","floor":19},{"not_picked":["Aggregate+1","Reprogram"],"picked":"Cold Snap","floor":21},{"not_picked":["Compile Driver","Force Field"],"picked":"Hello World+1","floor":27},{"not_picked":["Aggregate+1","FTL+1"],"picked":"Streamline","floor":31},{"not_picked":["Core Surge","Electrodynamics+1"],"picked":"Creative AI+1","floor":33},{"not_picked":["Stack+1","Compile Driver"],"picked":"Hologram","floor":35},{"not_picked":["Barrage","Compile Driver"],"picked":"Consume","floor":36},{"not_picked":["Lockon","Beam Cell"],"picked":"Gash","floor":38},{"not_picked":["Fusion","Melter"],"picked":"Self Repair+1","floor":40},{"not_picked":["Coolheaded","Conserve Battery"],"picked":"Hologram","floor":45},{"not_picked":["Ball Lightning","Redo"],"picked":"Gash","floor":46},{"not_picked":["Recycle","Barrage"],"picked":"Loop+1","floor":48}],"player_experience":423384,"relics_obtained":[{"floor":7,"key":"Centennial Puzzle"},{"floor":9,"key":"Blood Vial"},{"floor":19,"key":"WingedGreaves"},{"floor":19,"key":"Frozen Egg 2"},{"floor":26,"key":"Pear"},{"floor":40,"key":"Art of War"},{"floor":43,"key":"Mango"}],"event_choices":[{"damage_healed":0,"gold_gain":0,"player_choice":"Trade","damage_taken":0,"relics_obtained":["SsserpentHead"],"max_hp_gain":0,"max_hp_loss":0,"event_name":"FaceTrader","floor":4,"gold_loss":0},{"damage_healed":0,"gold_gain":0,"player_choice":"Donut","damage_taken":0,"max_hp_gain":5,"max_hp_loss":0,"event_name":"Big Fish","floor":13,"gold_loss":0},{"damage_healed":0,"gold_gain":0,"player_choice":"Fight","damage_taken":0,"max_hp_gain":0,"max_hp_loss":0,"event_name":"Colosseum","floor":19,"gold_loss":0},{"damage_healed":0,"gold_gain":0,"player_choice":"Fought Nobs","damage_taken":0,"max_hp_gain":0,"max_hp_loss":0,"event_name":"Colosseum","floor":19,"gold_loss":0},{"damage_healed":0,"gold_gain":100,"player_choice":"Pray","damage_taken":0,"max_hp_gain":0,"max_hp_loss":0,"event_name":"Golden Shrine","floor":22,"gold_loss":0},{"damage_healed":0,"gold_gain":0,"player_choice":"Simplicity","damage_taken":0,"max_hp_gain":0,"max_hp_loss":0,"event_name":"Back to Basics","floor":28,"gold_loss":0,"cards_upgraded":["Strike_B","Strike_B","Strike_B","Strike_B","Defend_B","Defend_B","Defend_B","Defend_B"]},{"damage_healed":0,"gold_gain":0,"player_choice":"Opened","damage_taken":0,"relics_obtained":["Potion Belt"],"max_hp_gain":0,"max_hp_loss":0,"event_name":"The Mausoleum","floor":30,"gold_loss":0},{"damage_healed":0,"gold_gain":0,"cards_transformed":["Strike_B"],"player_choice":"Transformed","damage_taken":0,"max_hp_gain":0,"max_hp_loss":0,"event_name":"Transmorgrifier","floor":39,"gold_loss":0,"cards_obtained":["Stack"]}],"is_beta":true,"boss_relics":[{"not_picked":["Calling Bell","Orrery"],"picked":"Nuclear Battery"},{"not_picked":["Coffee Dripper","Empty Cage"],"picked":"Cursed Key"}],"items_purged_floors":[3],"is_endless":false,"potions_floor_spawned":[1,5,14,16,19,27,31,38,45,46,48],"ascension_level":14}