{"gold_per_floor":[118,193,211,225,242,242,267,287,287,298,331,331,342,371,371,443,443,463,186,186,636,654,654,569,569,642,667,767,779,790,805,805,882,882,896,996,996,996,966,966,474,474,500,390,408,419,454,454,454,454,454,454,5,37,37],"floor_reached":56,"playtime":2722,"items_purged":["Strike_B","Normality","Strike_B"],"score":1751,"play_id":"bab45db5-f1b8-4738-8a13-c6ec5f768cb7","local_time":"20181029230457","is_ascension_mode":true,"campfire_choices":[{"data":"Loop","floor":6.0,"key":"SMITH"},{"data":"Zap","floor":12.0,"key":"SMITH"},{"floor":15.0,"key":"RECALL"},{"data":"Self Repair","floor":23.0,"key":"SMITH"},{"data":"Chaos","floor":25.0,"key":"SMITH"},{"floor":32.0,"key":"REST"},{"floor":40.0,"key":"REST"},{"data":"Streamline","floor":42.0,"key":"SMITH"},{"data":"Biased Cognition","floor":49.0,"key":"SMITH"},{"data":"Defend_B","floor":52.0,"key":"SMITH"}],"neow_cost":"NONE","seed_source_timestamp":1568120752066449,"circlet_count":0,"master_deck":["Defend_B+1","Defend_B+1","Defend_B","Defend_B","Zap+1","Dualcast","AscendersBane","BootSequence","Self Repair+1","Loop+1","Sweeping Beam","Cold Snap","Streamline+1","Glacier","FTL","FTL","Core Surge","Chaos+1","Blizzard+1","Stack+1","Injury","Cold Snap+1","Biased Cognition+1","Amplify","Go for the Eyes+1"],"special_seed":0,"relics":["Cracked Core","Smiling Mask","Orichalcum","Ice Cream","Kunai","Busted Crown","ClockworkSouvenir","Molten Egg 2","Bottled Tornado","Art of War","StoneCalendar","Gremlin Horn","Calling Bell","Centennial Puzzle","Sundial","Calipers","Turnip","Meat on the Bone","Omamori","Bottled Flame","OrangePellets","Bronze Scales"],"potions_floor_usage":[55],"damage_taken":[{"damage":0.0,"enemies":"Small Slimes","floor":1.0,"turns":3.0},{"damage":4.0,"enemies":"Jaw Worm","floor":3.0,"turns":4.0},{"damage":1.0,"enemies":"Cultist","floor":4.0,"turns":4.0},{"damage":4.0,"enemies":"Large Slime","floor":5.0,"turns":5.0},{"damage":16.0,"enemies":"Lagavulin","floor":7.0,"turns":7.0},{"damage":8.0,"enemies":"Blue Slaver","floor":8.0,"turns":4.0},{"damage":0.0,"enemies":"Exordium Wildlife","floor":10.0,"turns":3.0},{"damage":4.0,"enemies":"3 Sentries","floor":11.0,"turns":8.0},{"damage":7.0,"enemies":"Exordium Thugs","floor":13.0,"turns":4.0},{"damage":10.0,"enemies":"Lagavulin","floor":14.0,"turns":6.0},{"damage":16.0,"enemies":"The Guardian","floor":16.0,"turns":12.0},{"damage":0.0,"enemies":"Chosen","floor":18.0,"turns":5.0},{"damage":2.0,"enemies":"Spheric Guardian","floor":22.0,"turns":4.0},{"damage":12.0,"enemies":"Book of Stabbing","floor":27.0,"turns":5.0},{"damage":4.0,"enemies":"Colosseum Slavers","floor":28.0,"turns":5.0},{"damage":31.0,"enemies":"Colosseum Nobs","floor":28.0,"turns":6.0},{"damage":15.0,"enemies":"Centurion and Healer","floor":29.0,"turns":5.0},{"damage":0.0,"enemies":"Snake Plant","floor":30.0,"turns":4.0},{"damage":6.0,"enemies":"3 Cultists","floor":31.0,"turns":5.0},{"damage":21.0,"enemies":"Collector","floor":33.0,"turns":12.0},{"damage":22.0,"enemies":"Orb Walker","floor":35.0,"turns":6.0},{"damage":30.0,"enemies":"Mind Bloom Boss Battle","floor":36.0,"turns":7.0},{"damage":5.0,"enemies":"3 Shapes","floor":45.0,"turns":5.0},{"damage":5.0,"enemies":"Maw","floor":46.0,"turns":8.0},{"damage":9.0,"enemies":"Nemesis","floor":47.0,"turns":10.0},{"damage":2.0,"enemies":"Time Eater","floor":50.0,"turns":15.0},{"damage":54.0,"enemies":"Shield and Spear","floor":54.0,"turns":10.0},{"damage":34,"enemies":"The Heart","floor":55,"turns":15}],"seed_played":"-6271332784009237672","potions_obtained":[{"floor":1.0,"key":"Block Potion"},{"floor":3.0,"key":"SteroidPotion"},{"floor":11.0,"key":"SpeedPotion"},{"floor":14.0,"key":"EntropicBrew"},{"floor":27.0,"key":"Block Potion"},{"floor":29.0,"key":"Block Potion"},{"floor":31.0,"key":"Dexterity Potion"},{"floor":36.0,"key":"Energy Potion"},{"floor":39.0,"key":"Fire Potion"},{"floor":39.0,"key":"Swift Potion"},{"floor":46.0,"key":"Swift Potion"},{"floor":54.0,"key":"Regen Potion"}],"is_trial":false,"path_per_floor":["M","?","M","M","M","R","E","M","T","M","E","R","M","E","R","B",null,"M","$","?","?","M","R","?","R","T","E","?","M","M","M","R","B",null,"M","?","?","?","?","R","$","R","T","?","M","M","E","?","R","B",null,"R","$","E","B"],"character_chosen":"DEFECT","items_purchased":["ClockworkSouvenir","Biased Cognition","Meat on the Bone","OrangePellets","Amplify"],"campfire_rested":2,"item_purchase_floors":[19,41,41,53,53],"current_hp_per_floor":[64,53,49,55,58,58,49,48,48,55,58,58,58,55,55,46,65,71,71,71,29,34,34,34,34,34,32,17,12,22,26,47,36,62,50,30,30,30,30,51,51,51,51,51,56,61,62,62,62,70,71,71,71,49,62],"gold":37,"neow_bonus":"RANDOM_COMMON_RELIC","is_prod":false,"is_daily":false,"chose_seed":false,"campfire_upgraded":7,"win_rate":0,"timestamp":1540868697,"path_taken":["M","?","M","M","?","R","E","M","T","M","E","R","M","E","R","BOSS","M","$","?","?","M","R","?","R","T","E","?","M","M","?","R","BOSS","M","?","?","?","?","R","$","R","T","?","M","M","E","?","R","BOSS","R","$","E","BOSS"],"build_version":"2018-10-29v2","purchased_purges":3,"victory":true,"max_hp_per_floor":[71,71,71,71,71,71,71,71,71,71,71,71,71,71,71,71,71,71,71,71,71,71,71,71,71,71,71,71,71,71,71,71,71,71,71,71,71,71,71,71,71,71,71,71,71,71,71,71,71,71,71,71,71,71,71],"card_choices":[{"not_picked":["Doom and Gloom","Redo"],"picked":"BootSequence","floor":1.0},{"not_picked":["Blizzard","Ball Lightning"],"picked":"Self Repair","floor":3.0},{"not_picked":["Turbo","Recycle"],"picked":"Loop","floor":4.0},{"not_picked":["Hello World","Leap"],"picked":"Sweeping Beam","floor":5.0},{"not_picked":["Loop","Force Field"],"picked":"Cold Snap","floor":7.0},{"not_picked":["Rebound","Beam Cell"],"picked":"Streamline","floor":8.0},{"not_picked":["Reboot","Auto Shields"],"picked":"Glacier","floor":10.0},{"not_picked":["Skim","Beam Cell"],"picked":"FTL","floor":11.0},{"not_picked":["Force Field","Beam Cell","Coolheaded"],"picked":"SKIP","floor":13.0},{"not_picked":["Blizzard","Recycle"],"picked":"FTL","floor":14.0},{"not_picked":["Creative AI","Multi-Cast"],"picked":"Core Surge","floor":16.0},{"not_picked":["Leap"],"picked":"SKIP","floor":18.0},{"not_picked":["Doom and Gloom"],"picked":"SKIP","floor":22.0},{"not_picked":[],"picked":"Blizzard+1","floor":27.0},{"not_picked":["Fusion+1"],"picked":"SKIP","floor":29.0},{"not_picked":["Fusion+1"],"picked":"SKIP","floor":29.0},{"not_picked":["Fusion+1"],"picked":"SKIP","floor":29.0},{"not_picked":["Turbo"],"picked":"SKIP","floor":30.0},{"not_picked":[],"picked":"Stack+1","floor":31.0},{"not_picked":["Stack"],"picked":"SKIP","floor":35.0},{"not_picked":[],"picked":"Cold Snap+1","floor":36.0},{"not_picked":["Steam"],"picked":"SKIP","floor":45.0},{"not_picked":["Auto Shields"],"picked":"SKIP","floor":46.0},{"not_picked":["Scrape+1"],"picked":"SKIP","floor":47.0},{"not_picked":[],"picked":"Go for the Eyes+1","floor":54.0}],"player_experience":778910,"relics_obtained":[{"floor":7.0,"key":"Orichalcum"},{"floor":11.0,"key":"Ice Cream"},{"floor":14.0,"key":"Kunai"},{"floor":26.0,"key":"Bottled Tornado"},{"floor":27.0,"key":"Art of War"},{"floor":28.0,"key":"StoneCalendar"},{"floor":28.0,"key":"Gremlin Horn"},{"floor":34.0,"key":"Centennial Puzzle"},{"floor":34.0,"key":"Sundial"},{"floor":34.0,"key":"Calipers"},{"floor":36.0,"key":"Turnip"},{"floor":43.0,"key":"Omamori"},{"floor":47.0,"key":"Bottled Flame"},{"floor":54.0,"key":"Bronze Scales"}],"event_choices":[{"damage_healed":0.0,"max_hp_gain":0.0,"max_hp_loss":0.0,"gold_gain":75.0,"event_name":"World of Goop","player_choice":"Gather Gold","floor":2.0,"gold_loss":0.0,"damage_taken":11.0},{"damage_healed":0.0,"max_hp_gain":0.0,"max_hp_loss":0.0,"gold_gain":0.0,"cards_transformed":["Strike_B","Strike_B"],"event_name":"Drug Dealer","player_choice":"Became Test Subject","floor":20.0,"gold_loss":0.0,"damage_taken":0.0,"cards_obtained":["Storm","Chaos"]},{"damage_healed":0.0,"max_hp_gain":0.0,"max_hp_loss":0.0,"gold_gain":450.0,"event_name":"Knowing Skull","player_choice":"GOLD GOLD GOLD GOLD GOLD ","floor":21.0,"potions_obtained":[],"gold_loss":0.0,"damage_taken":42.0,"cards_obtained":[]},{"damage_healed":0.0,"max_hp_gain":0.0,"max_hp_loss":0.0,"gold_gain":0.0,"event_name":"Addict","player_choice":"Obtained Relic","floor":24.0,"gold_loss":85.0,"damage_taken":0.0,"relics_obtained":["Molten Egg 2"]},{"damage_healed":0.0,"max_hp_gain":0.0,"max_hp_loss":0.0,"gold_gain":0.0,"event_name":"Colosseum","player_choice":"Fight","floor":28.0,"gold_loss":0.0,"damage_taken":0.0},{"damage_healed":0.0,"max_hp_gain":0.0,"max_hp_loss":0.0,"gold_gain":0.0,"event_name":"Colosseum","player_choice":"Fought Nobs","floor":28.0,"gold_loss":0.0,"damage_taken":0.0},{"damage_healed":0.0,"max_hp_gain":0.0,"max_hp_loss":0.0,"gold_gain":0.0,"event_name":"MindBloom","player_choice":"Fight","floor":36.0,"gold_loss":0.0,"damage_taken":0.0},{"damage_healed":0.0,"max_hp_gain":0.0,"max_hp_loss":0.0,"gold_gain":0.0,"event_name":"Mysterious Sphere","player_choice":"Ignored","floor":37.0,"gold_loss":0.0,"damage_taken":0.0},{"damage_healed":0.0,"max_hp_gain":0.0,"max_hp_loss":0.0,"gold_gain":0.0,"event_name":"Tomb of Lord Red Mask","player_choice":"Ignored","floor":38.0,"gold_loss":0.0,"damage_taken":0.0},{"damage_healed":0.0,"max_hp_gain":0.0,"max_hp_loss":0.0,"gold_gain":0.0,"event_name":"The Woman in Blue","player_choice":"Bought 2 Potions","floor":39.0,"gold_loss":0.0,"damage_taken":0.0},{"cards_removed":["Injury"],"damage_healed":0.0,"max_hp_gain":0.0,"max_hp_loss":0.0,"gold_gain":0.0,"event_name":"Designer","player_choice":"Upgrade and Remove","floor":44.0,"gold_loss":110.0,"damage_taken":0.0,"cards_upgraded":["Defend_B"]},{"cards_removed":["Storm"],"damage_healed":0.0,"max_hp_gain":0.0,"max_hp_loss":0.0,"gold_gain":0.0,"event_name":"Falling","player_choice":"Removed Power","floor":48.0,"gold_loss":0.0,"damage_taken":0.0}],"is_beta":true,"boss_relics":[{"not_picked":["Ectoplasm","Eternal Feather"],"picked":"Busted Crown"},{"not_picked":["Black Star","Fusion Hammer"],"picked":"Calling Bell"}],"items_purged_floors":[19,41,53],"is_endless":false,"potions_floor_spawned":[1,3,11,14,27,28,29,31,36,46,54],"ascension_level":16}