{"path_per_floor":["M","M","M","?","?","R","M","R","T","R","E","M","R","M","R","B",null,"M","$","?","?","M","R","M","M","T","M","R","?","R","M","R","B",null,"M","M","$","M","M","R","?"],"character_chosen":"IRONCLAD","items_purchased":["Kunai","Finesse"],"gold_per_floor":[19,35,52,52,52,52,67,67,67,67,99,110,110,129,129,229,229,249,9,9,9,19,19,39,51,76,93,93,93,93,107,107,210,210,222,240,62,79,92,92,92],"floor_reached":42,"campfire_rested":1,"playtime":3239,"current_hp_per_floor":[80,79,80,80,73,73,67,67,67,67,37,34,34,30,30,25,80,48,48,48,48,44,44,34,28,28,10,10,10,10,8,33,38,84,58,53,53,34,22,22,22],"items_purged":["Defend_R"],"gold":92,"play_id":"d32d679e-101e-438f-a29f-600678479065","is_prod":false,"is_daily":false,"is_ascension_mode":true,"campfire_upgraded":1,"path_taken":["M","M","M","?","?","R","M","R","T","R","E","?","R","M","R","BOSS","M","$","?","?","?","R","M","M","T","M","R","?","R","M","R","BOSS","M","M","$","M","M","R","?","E"],"build_version":"2018-01-25-PROD3","purchased_purges":1,"victory":false,"master_deck":["Defend_R","Bash","Headbutt","Inflame+1","Pommel Strike","Inflame","Heavy Blade","Rampage","Double Tap","Metallicize","Metallicize","Cleave+1","Armaments+1","Feed","True Grit+1","Finesse","Iron Wave+1","Burning Pact"],"max_hp_per_floor":[80,80,80,80,80,80,80,80,80,80,80,80,80,80,80,80,80,82,82,82,82,82,82,82,82,82,84,84,84,84,84,84,84,84,87,89,89,89,89,89,89],"relics":["Burning Blood","Peace Pipe","Bag of Marbles","Gambling Chip","Singing Bowl","Cursed Key","Kunai","Bag of Preparation","Mark of Pain","Gremlin Horn"],"card_choices":[{"not_picked":["Pummel","Thunderclap"],"picked":"Headbutt"},{"not_picked":["Iron Wave","Metallicize"],"picked":"Inflame"},{"not_picked":["Sword Boomerang","Body Slam"],"picked":"Pommel Strike"},{"not_picked":["Infernal Blade","Armaments"],"picked":"Inflame"},{"not_picked":["Metallicize","Second Wind"],"picked":"Heavy Blade"},{"not_picked":["Bloodletting","Hemokinesis"],"picked":"Rampage"},{"not_picked":["Immolate","Exhume"],"picked":"Double Tap"},{"not_picked":["Clash","Heavy Blade"],"picked":"Metallicize"},{"not_picked":["Blood for Blood","Pommel Strike"],"picked":"Metallicize"},{"not_picked":["Exhume","Wild Strike"],"picked":"Cleave"},{"not_picked":["Pommel Strike","Burning Pact"],"picked":"Armaments"},{"not_picked":["Juggernaut","Reaper"],"picked":"Feed"},{"not_picked":["Cleave","Flame Barrier"],"picked":"True Grit"},{"not_picked":["Juggernaut","Flex"],"picked":"Iron Wave"},{"not_picked":["Iron Wave","Twin Strike"],"picked":"Burning Pact"}],"player_experience":111047,"potions_floor_usage":[7,16,24,25,27,33,39],"damage_taken":[{"damage":0,"enemies":"2 Louse","floor":1,"turns":3},{"damage":7,"enemies":"Jaw Worm","floor":2,"turns":5},{"damage":1,"enemies":"Cultist","floor":3,"turns":4},{"damage":12,"enemies":"Exordium Thugs","floor":7,"turns":5},{"damage":36,"enemies":"3 Sentries","floor":11,"turns":6},{"damage":9,"enemies":"2 Fungi Beasts","floor":12,"turns":2},{"damage":10,"enemies":"Exordium Wildlife","floor":14,"turns":3},{"damage":26,"enemies":"Hexaghost","floor":16,"turns":9},{"damage":40,"enemies":"3 Byrds","floor":18,"turns":5},{"damage":10,"enemies":"Chosen","floor":22,"turns":3},{"damage":16,"enemies":"Sentry and Sphere","floor":24,"turns":4},{"damage":18,"enemies":"Snake Plant","floor":25,"turns":4},{"damage":26,"enemies":"Slaver and Parasite","floor":27,"turns":6},{"damage":8,"enemies":"Centurion and Healer","floor":31,"turns":4},{"damage":1,"enemies":"Champ","floor":33,"turns":8},{"damage":35,"enemies":"3 Darklings","floor":35,"turns":4},{"damage":13,"enemies":"Orb Walker","floor":36,"turns":6},{"damage":25,"enemies":"4 Shapes","floor":38,"turns":6},{"damage":18,"enemies":"3 Darklings","floor":39,"turns":5},{"damage":24,"enemies":"2 Orb Walkers","floor":42,"turns":2}],"event_choices":[{"event_name":"Big Fish","player_choice":"Box","floor":4,"damage_taken":0},{"event_name":"Golden Wing","player_choice":"Card Removal","floor":5,"damage_taken":0},{"event_name":"Back to Basics","player_choice":"Elegance","floor":20,"damage_taken":0},{"event_name":"Vampires","player_choice":"Ignored","floor":21,"damage_taken":0},{"event_name":"Forgotten Altar","player_choice":"Smashed Altar","floor":29,"damage_taken":0},{"event_name":"Wheel of Change","player_choice":"Relic","floor":41,"damage_taken":0}],"boss_relics":[{"not_picked":["Pandora\u0027s Box","Black Star"],"picked":"Cursed Key"},{"not_picked":["White Beast Statue","Runic Pyramid"],"picked":"Mark of Pain"}],"potions_floor_spawned":[3,11,16,24,25,31,38],"seed_played":"4058272499003660198","killed_by":"2 Orb Walkers","ascension_level":1,"is_trial":false}