{"gold_per_floor":[115,115,135,135,135,170,170,95,95,119,142,163,93,93,93,212,275,296,3,18,39,39,82,7,7],"floor_reached":25,"playtime":609,"items_purged":["Strike_R","Strike_R"],"score":246,"play_id":"5b01f0f4-bca9-4d97-b91d-2933a54d6380","local_time":"20190203042722","is_ascension_mode":false,"campfire_choices":[{"data":"Uppercut","floor":7,"key":"SMITH"},{"data":"Flex","floor":15,"key":"SMITH"}],"neow_cost":"NONE","seed_source_timestamp":595741241698328,"circlet_count":0,"master_deck":["Strike_R+1","Defend_R","Defend_R","Defend_R","Defend_R","Bash","Flex+1","Heavy Blade","Uppercut+1","Inflame+1","Iron Wave+1"],"relics":["Burning Blood","NeowsBlessing","Golden Idol","Darkstone Periapt","Omamori","Tiny House","MealTicket","Bottled Tornado"],"potions_floor_usage":[10,12,16,20,23,23,25],"damage_taken":[{"damage":0,"enemies":"Cultist","floor":1,"turns":1},{"damage":0,"enemies":"2 Louse","floor":3,"turns":1},{"damage":0,"enemies":"Lagavulin","floor":6,"turns":1},{"damage":0,"enemies":"Small Slimes","floor":10,"turns":3},{"damage":6,"enemies":"Blue Slaver","floor":11,"turns":3},{"damage":14,"enemies":"3 Louse","floor":12,"turns":3},{"damage":43,"enemies":"The Guardian","floor":16,"turns":8},{"damage":23,"enemies":"Shell Parasite","floor":18,"turns":5},{"damage":6,"enemies":"Chosen","floor":20,"turns":4},{"damage":30,"enemies":"Centurion and Healer","floor":21,"turns":5},{"damage":62,"enemies":"Gremlin Leader","floor":23,"turns":4},{"damage":15,"enemies":"Shelled Parasite and Fungi","floor":25,"turns":1}],"seed_played":"2991370906536850880","potions_obtained":[{"floor":3,"key":"BloodPotion"},{"floor":11,"key":"PowerPotion"},{"floor":12,"key":"Weak Potion"},{"floor":16,"key":"LiquidBronze"},{"floor":17,"key":"LiquidBronze"},{"floor":18,"key":"Energy Potion"},{"floor":23,"key":"AttackPotion"}],"is_trial":false,"path_per_floor":["M","?","M","?","?","E","R","$","T","M","M","M","$","?","R","B",null,"M","$","M","M","$","E","?","M"],"character_chosen":"IRONCLAD","items_purchased":["Inflame","MealTicket"],"campfire_rested":0,"item_purchase_floors":[13,19],"current_hp_per_floor":[80,60,66,71,64,70,70,70,70,84,84,76,76,76,76,39,90,73,73,73,49,64,8,8,0],"gold":7,"neow_bonus":"THREE_ENEMY_KILL","is_prod":false,"is_daily":false,"chose_seed":false,"campfire_upgraded":2,"win_rate":0,"timestamp":1549196842,"path_taken":["M","?","M","?","?","E","R","$","T","M","M","M","$","?","R","BOSS","M","$","M","M","$","E","?","M"],"build_version":"2019-01-23","purchased_purges":2,"victory":false,"max_hp_per_floor":[80,80,80,85,85,85,85,85,85,85,85,85,85,85,85,85,90,90,90,90,90,90,90,90,90],"card_choices":[{"not_picked":["Clash","Iron Wave"],"picked":"Flex","floor":1},{"not_picked":["Havoc","Shrug It Off"],"picked":"Heavy Blade","floor":3},{"not_picked":["Burning Pact","Evolve"],"picked":"Uppercut","floor":6},{"not_picked":["Sever Soul","Flame Barrier","Entrench"],"picked":"SKIP","floor":10},{"not_picked":["Anger","Headbutt","Armaments"],"picked":"SKIP","floor":11},{"not_picked":["Dual Wield","Sword Boomerang","Berserk"],"picked":"SKIP","floor":12},{"not_picked":["Shrug It Off","Metallicize+1"],"picked":"Iron Wave+1","floor":18},{"not_picked":["Shockwave","Pummel","Headbutt+1"],"picked":"SKIP","floor":20},{"not_picked":["Cleave","Intimidate","Sword Boomerang"],"picked":"SKIP","floor":21},{"not_picked":["Wild Strike","Seeing Red","Pummel+1"],"picked":"SKIP","floor":23}],"player_experience":233461,"relics_obtained":[{"floor":6,"key":"Darkstone Periapt"},{"floor":9,"key":"Omamori"},{"floor":23,"key":"Bottled Tornado"}],"event_choices":[{"damage_healed":0,"gold_gain":0,"player_choice":"Take Damage","damage_taken":20,"relics_obtained":["Golden Idol"],"max_hp_gain":0,"max_hp_loss":0,"event_name":"Golden Idol","floor":2,"gold_loss":0},{"damage_healed":0,"gold_gain":0,"player_choice":"Donut","damage_taken":0,"max_hp_gain":5,"max_hp_loss":0,"event_name":"Big Fish","floor":4,"gold_loss":0},{"cards_removed":["Strike_R"],"damage_healed":0,"gold_gain":0,"player_choice":"Card Removal","damage_taken":7,"max_hp_gain":0,"max_hp_loss":0,"event_name":"Golden Wing","floor":5,"gold_loss":0},{"damage_healed":0,"gold_gain":0,"player_choice":"Grow","damage_taken":0,"max_hp_gain":0,"max_hp_loss":0,"event_name":"Living Wall","floor":14,"gold_loss":0,"cards_upgraded":["Inflame"]},{"cards_removed":["Strike_R"],"damage_healed":0,"gold_gain":0,"player_choice":"Gave Gold","damage_taken":0,"max_hp_gain":0,"max_hp_loss":0,"event_name":"Beggar","floor":24,"gold_loss":75}],"is_beta":false,"boss_relics":[{"not_picked":["Empty Cage","Runic Dome"],"picked":"Tiny House"}],"items_purged_floors":[8,19],"is_endless":false,"potions_floor_spawned":[3,11,12,16,18,23],"killed_by":"Shelled Parasite and Fungi","ascension_level":0}