{"gold_per_floor":[217,233,233,233,110,137,147,147,194,213,213,163,179,179,179,278,278,288,558,575,225,243,243,168,168,192,207,207,207,222,242,242,341,341,356,375,375,388,388,415,415,442,469,469,488,507,302,314,314,314],"floor_reached":51,"playtime":1677,"items_purged":["Strike_R","Strike_R","Defend_R"],"score":909,"play_id":"2f948eb8-e366-4686-b9e4-153067976a5e","local_time":"20190316141658","is_ascension_mode":false,"campfire_choices":[{"data":"Bash","floor":8.0,"key":"SMITH"},{"data":"Defend_R","floor":11.0,"key":"SMITH"},{"data":"Burning Pact","floor":15.0,"key":"SMITH"},{"data":"Defend_R","floor":23.0,"key":"PURGE"},{"data":"Defend_R+1","floor":25.0,"key":"PURGE"},{"data":"Burning Pact+1","floor":29.0,"key":"PURGE"},{"data":"Dropkick","floor":32.0,"key":"SMITH"},{"data":"Thunderclap+1","floor":49,"key":"PURGE"}],"neow_cost":"NONE","seed_source_timestamp":293555019029977,"circlet_count":0,"master_deck":["Bash+1","Dropkick+1","Dropkick+1","Shrug It Off+1"],"special_seed":0,"relics":["Burning Blood","Lantern","Smiling Mask","Empty Cage","Peace Pipe","Ancient Tea Set","White Beast Statue","Sundial","Bird Faced Urn","Whetstone","Toy Ornithopter"],"potions_floor_usage":[50,50,50],"damage_taken":[{"damage":0.0,"enemies":"Small Slimes","floor":1.0,"turns":4.0},{"damage":6.0,"enemies":"Jaw Worm","floor":2.0,"turns":3.0},{"damage":13.0,"enemies":"3 Sentries","floor":6.0,"turns":6.0},{"damage":1.0,"enemies":"Cultist","floor":7.0,"turns":3.0},{"damage":9.0,"enemies":"3 Louse","floor":10.0,"turns":4.0},{"damage":5.0,"enemies":"Red Slaver","floor":13.0,"turns":2.0},{"damage":19.0,"enemies":"The Guardian","floor":16.0,"turns":5.0},{"damage":2.0,"enemies":"Shell Parasite","floor":18.0,"turns":2.0},{"damage":0.0,"enemies":"2 Thieves","floor":20.0,"turns":4.0},{"damage":0.0,"enemies":"Snake Plant","floor":22.0,"turns":1.0},{"damage":0.0,"enemies":"3 Cultists","floor":27.0,"turns":1.0},{"damage":0.0,"enemies":"Chosen and Byrds","floor":30.0,"turns":1.0},{"damage":0.0,"enemies":"Centurion and Healer","floor":31.0,"turns":1.0},{"damage":0.0,"enemies":"Champ","floor":33.0,"turns":2.0},{"damage":4,"enemies":"3 Shapes","floor":35,"turns":5},{"damage":0,"enemies":"Orb Walker","floor":36,"turns":1},{"damage":0,"enemies":"3 Darklings","floor":38,"turns":1},{"damage":0,"enemies":"Giant Head","floor":40,"turns":1},{"damage":0,"enemies":"Reptomancer","floor":42,"turns":1},{"damage":0,"enemies":"Spire Growth","floor":45,"turns":1},{"damage":0,"enemies":"Transient","floor":46,"turns":1},{"damage":0,"enemies":"4 Shapes","floor":48,"turns":1},{"damage":14,"enemies":"Time Eater","floor":50,"turns":4}],"seed_played":"969428802097970540","potions_obtained":[{"floor":2.0,"key":"PowerPotion"},{"floor":6.0,"key":"Block Potion"},{"floor":7.0,"key":"Block Potion"},{"floor":14.0,"key":"Fruit Juice"},{"floor":14.0,"key":"EssenceOfSteel"},{"floor":16.0,"key":"EntropicBrew"},{"floor":30.0,"key":"BloodPotion"},{"floor":38,"key":"LiquidBronze"},{"floor":42,"key":"SteroidPotion"}],"is_trial":false,"path_per_floor":["M","M","?","?","$","E","M","R","T","M","R","$","M","?","R","B",null,"M","?","M","$","M","R","?","R","T","M","?","R","M","M","R","B",null,"M","M","?","M","$","E","?","E","T","?","M","M","$","M","R","B",null],"character_chosen":"IRONCLAD","items_purchased":["AttackPotion","Peace Pipe","Toy Ornithopter"],"campfire_rested":0,"item_purchase_floors":[5,21,47],"current_hp_per_floor":[80,80,80,80,80,73,78,78,78,75,75,75,76,81,81,68,85,85,53,59,59,65,65,65,65,65,71,55,55,61,67,67,73,90,90,90,90,90,90,90,90,90,90,90,90,90,90,90,90,90],"gold":314,"neow_bonus":"HUNDRED_GOLD","is_prod":false,"is_daily":false,"chose_seed":false,"campfire_upgraded":4,"win_rate":0,"timestamp":1552760218,"path_taken":["M","M","?","?","$","E","M","R","T","M","R","?","?","?","R","BOSS","M","?","?","$","M","R","?","R","T","M","?","R","M","M","R","BOSS","M","M","?","M","$","E","?","E","T","?","M","?","$","M","R","BOSS"],"build_version":"2019-03-15","purchased_purges":3,"victory":true,"max_hp_per_floor":[80,80,80,80,80,80,80,80,80,80,80,80,80,85,85,85,85,85,85,85,85,85,85,85,85,85,85,90,90,90,90,90,90,90,90,90,90,90,90,90,90,90,90,90,90,90,90,90,90,90],"card_choices":[{"not_picked":["Iron Wave","Armaments","Body Slam"],"picked":"SKIP","floor":1.0},{"not_picked":["Combust","Inflame"],"picked":"Dropkick","floor":2.0},{"not_picked":["True Grit","Dropkick","Flex"],"picked":"SKIP","floor":6.0},{"not_picked":["True Grit","Flex"],"picked":"Dropkick","floor":6.0},{"not_picked":["Body Slam","Perfected Strike","Havoc"],"picked":"SKIP","floor":7.0},{"not_picked":["Perfected Strike","Rampage","Body Slam"],"picked":"SKIP","floor":10.0},{"not_picked":["Shockwave","Flex","Body Slam"],"picked":"SKIP","floor":13.0},{"not_picked":["Body Slam","Clash+1","Heavy Blade"],"picked":"SKIP","floor":18.0},{"not_picked":["Anger","Iron Wave"],"picked":"Thunderclap","floor":20.0},{"not_picked":["Blood for Blood","Warcry","Dual Wield"],"picked":"SKIP","floor":22.0},{"not_picked":["Heavy Blade","Thunderclap"],"picked":"Shrug It Off","floor":27.0},{"not_picked":["Uppercut","Clash","Intimidate"],"picked":"SKIP","floor":30.0},{"not_picked":["True Grit","Heavy Blade","Anger"],"picked":"SKIP","floor":31.0},{"not_picked":["Infernal Blade","Anger+1","Dropkick+1"],"picked":"SKIP","floor":35},{"not_picked":["Cleave+1","Wild Strike+1","Warcry+1"],"picked":"SKIP","floor":36},{"not_picked":["Flame Barrier","Armaments+1","Clash+1"],"picked":"SKIP","floor":38},{"not_picked":["Body Slam","Thunderclap","Clash"],"picked":"SKIP","floor":40},{"not_picked":["Perfected Strike+1","Second Wind","Combust+1"],"picked":"SKIP","floor":42},{"not_picked":["Spot Weakness","Bloodletting","Warcry+1"],"picked":"SKIP","floor":45},{"not_picked":["Pommel Strike","Blood for Blood","Searing Blow+1"],"picked":"SKIP","floor":46},{"not_picked":["True Grit+1","Offering","Corruption+1"],"picked":"SKIP","floor":48}],"player_experience":1111169,"relics_obtained":[{"floor":6.0,"key":"Lantern"},{"floor":9.0,"key":"Smiling Mask"},{"floor":26.0,"key":"Ancient Tea Set"},{"floor":40,"key":"Sundial"},{"floor":42,"key":"Bird Faced Urn"},{"floor":43,"key":"Whetstone"}],"event_choices":[{"damage_healed":0.0,"max_hp_gain":0.0,"max_hp_loss":0.0,"gold_gain":0.0,"event_name":"Liars Game","player_choice":"Ignored","floor":3.0,"gold_loss":0.0,"damage_taken":0.0},{"damage_healed":0.0,"max_hp_gain":0.0,"max_hp_loss":0.0,"gold_gain":0.0,"cards_transformed":["Strike_R"],"event_name":"Living Wall","player_choice":"Change","floor":4.0,"gold_loss":0.0,"damage_taken":0.0,"cards_obtained":["Burning Pact"]},{"damage_healed":0.0,"max_hp_gain":0.0,"max_hp_loss":0.0,"gold_gain":0.0,"event_name":"Lab","player_choice":"Got Potions","floor":14.0,"gold_loss":0.0,"damage_taken":0.0},{"damage_healed":0.0,"max_hp_gain":0.0,"max_hp_loss":0.0,"gold_gain":270.0,"event_name":"Knowing Skull","player_choice":"GOLD GOLD GOLD ","floor":19.0,"potions_obtained":[],"gold_loss":0.0,"damage_taken":32.0,"cards_obtained":[]},{"cards_removed":["Defend_R"],"damage_healed":0.0,"max_hp_gain":0.0,"max_hp_loss":0.0,"gold_gain":0.0,"event_name":"Beggar","player_choice":"Gave Gold","floor":24.0,"gold_loss":75.0,"damage_taken":0.0},{"damage_healed":0.0,"max_hp_gain":5.0,"max_hp_loss":0.0,"gold_gain":0.0,"event_name":"Forgotten Altar","player_choice":"Shed Blood","floor":28.0,"gold_loss":0.0,"damage_taken":21.0},{"damage_healed":0,"gold_gain":0,"player_choice":"Memory 1","damage_taken":0,"max_hp_gain":0,"max_hp_loss":0,"event_name":"SensoryStone","floor":37,"gold_loss":0},{"damage_healed":0,"gold_gain":0,"player_choice":"Ignored","damage_taken":0,"max_hp_gain":0,"max_hp_loss":0,"event_name":"Tomb of Lord Red Mask","floor":41,"gold_loss":0},{"damage_healed":0,"gold_gain":0,"player_choice":"Forge","damage_taken":0,"max_hp_gain":0,"max_hp_loss":0,"event_name":"Accursed Blacksmith","floor":44,"gold_loss":0,"cards_upgraded":["Shrug It Off"]}],"is_beta":true,"boss_relics":[{"not_picked":["Lizard Tail","Pandora\u0027s Box"],"picked":"Empty Cage"},{"not_picked":["Mark of Pain","Sozu"],"picked":"White Beast Statue"}],"items_purged_floors":[5,12,21],"is_endless":false,"potions_floor_spawned":[2,6,7,16,30,31,33,35,36,38,40,42,45,46,48],"ascension_level":0}