{"gold_per_floor":[364,104,104,116,134,134,149,149,223,251,251,251,270,300,300,379,379,379,54,54,0,0,0],"floor_reached":23,"playtime":720,"items_purged":[],"score":402,"play_id":"be88c45d-5bbb-4d64-b292-2b9d4f18ce98","local_time":"20181117144154","is_ascension_mode":true,"campfire_choices":[{"data":"Sunder","floor":6.0,"key":"SMITH"},{"data":"Defragment","floor":12.0,"key":"SMITH"},{"data":"Defragment","floor":15.0,"key":"SMITH"}],"neow_cost":"TEN_PERCENT_HP_LOSS","seed_source_timestamp":240047348957248,"circlet_count":0,"master_deck":["AscendersBane","Strike_B","Strike_B","Strike_B","Defend_B","Defend_B","Defend_B","Defend_B","Zap","Dualcast","Sunder+1","Defragment+1","Steam","Glacier","Melter","Defragment+1","Genetic Algorithm","Echo Form","Sweeping Beam","Turbo","Glacier"],"special_seed":0,"relics":["Cracked Core","ClockworkSouvenir","FaceOfCleric","Pantograph","DataDisk","Regal Pillow","Ectoplasm","Dead Branch"],"potions_floor_usage":[23],"damage_taken":[{"damage":8.0,"enemies":"Small Slimes","floor":1.0,"turns":3.0},{"damage":6.0,"enemies":"Cultist","floor":4.0,"turns":3.0},{"damage":7.0,"enemies":"Jaw Worm","floor":5.0,"turns":3.0},{"damage":5.0,"enemies":"Blue Slaver","floor":7.0,"turns":3.0},{"damage":13.0,"enemies":"3 Sentries","floor":10.0,"turns":8.0},{"damage":0.0,"enemies":"3 Louse","floor":13.0,"turns":2.0},{"damage":3.0,"enemies":"Lagavulin","floor":14.0,"turns":8.0},{"damage":16.0,"enemies":"Slime Boss","floor":16.0,"turns":10.0},{"damage":0.0,"enemies":"Spheric Guardian","floor":18.0,"turns":3.0},{"damage":39.0,"enemies":"2 Thieves","floor":21.0,"turns":4.0},{"damage":0,"enemies":"Sentry and Sphere","floor":22,"turns":4},{"damage":31,"enemies":"Book of Stabbing","floor":23,"turns":3}],"seed_played":"2346549082668280896","potions_obtained":[{"floor":1.0,"key":"Explosive Potion"},{"floor":7.0,"key":"Strength Potion"}],"is_trial":false,"path_per_floor":["M","$","?","M","M","R","M","$","T","E","T","R","M","E","R","B",null,"M","$","?","M","M","E"],"character_chosen":"DEFECT","items_purchased":["Defragment","ClockworkSouvenir","Dead Branch"],"campfire_rested":0,"item_purchase_floors":[2,2,19],"current_hp_per_floor":[56,56,56,51,45,45,41,41,41,29,29,29,30,28,28,38,63,64,64,64,26,27,0],"gold":0,"neow_bonus":"TWO_FIFTY_GOLD","is_prod":false,"is_daily":false,"chose_seed":false,"campfire_upgraded":3,"win_rate":0,"timestamp":1542483714,"path_taken":["M","$","?","M","?","R","M","$","T","E","?","R","M","E","R","BOSS","M","$","?","?","M","E"],"build_version":"2018-11-15","purchased_purges":0,"victory":false,"max_hp_per_floor":[64,64,64,65,66,66,67,67,67,68,68,68,69,70,70,71,71,72,72,72,73,74,74],"card_choices":[{"not_picked":["Fusion","Stack"],"picked":"Sunder","floor":1.0},{"not_picked":["Rip and Tear","Steam Power","Chaos"],"picked":"SKIP","floor":4.0},{"not_picked":["Rip and Tear","Steam Power","Chaos"],"picked":"SKIP","floor":4.0},{"not_picked":["Scrape","Hello World"],"picked":"Steam","floor":5.0},{"not_picked":["Stack","Redo"],"picked":"Glacier","floor":7.0},{"not_picked":["Consume","White Noise"],"picked":"Melter","floor":10.0},{"not_picked":["Melter","Rebound"],"picked":"Defragment","floor":13.0},{"not_picked":["Defragment","Gash"],"picked":"Genetic Algorithm","floor":14.0},{"not_picked":["Fission","Buffer"],"picked":"Echo Form","floor":16.0},{"not_picked":["Reprogram","Static Discharge"],"picked":"Sweeping Beam","floor":18.0},{"not_picked":["Go for the Eyes","Auto Shields","Reprogram"],"picked":"SKIP","floor":21.0},{"not_picked":["Ball Lightning","Compile Driver"],"picked":"Glacier","floor":22}],"player_experience":875461,"relics_obtained":[{"floor":9.0,"key":"Pantograph"},{"floor":10.0,"key":"DataDisk"},{"floor":14.0,"key":"Regal Pillow"}],"event_choices":[{"damage_healed":0.0,"max_hp_gain":0.0,"max_hp_loss":0.0,"gold_gain":0.0,"event_name":"FaceTrader","player_choice":"Trade","floor":3.0,"gold_loss":0.0,"damage_taken":0.0,"relics_obtained":["FaceOfCleric"]},{"damage_healed":0.0,"max_hp_gain":0.0,"max_hp_loss":0.0,"gold_gain":0.0,"cards_transformed":["Strike_B"],"event_name":"Transmorgrifier","player_choice":"Transformed","floor":20.0,"gold_loss":0.0,"damage_taken":0.0,"cards_obtained":["Turbo"]}],"is_beta":true,"boss_relics":[{"not_picked":["Calling Bell","Black Star"],"picked":"Ectoplasm"}],"items_purged_floors":[],"is_endless":false,"potions_floor_spawned":[1,7,10],"killed_by":"Book of Stabbing","ascension_level":20}