{"gold_per_floor":[119,119,21,41,55,87,87,101,101,136,136,167,12,28,28,129,129,116,34,46,46,46,46,73,73,73,93,93,193,206,232,232,331,331,350,360,414,414,32,66,85,103,103,103,122,136,136,97,97,97],"floor_reached":51,"playtime":7654,"items_purged":["Strike_G"],"score":760,"play_id":"3384ff5c-c589-4e14-bc19-b93076765778","local_time":"20190317192151","is_ascension_mode":false,"campfire_choices":[{"data":"Noxious Fumes","floor":7,"key":"SMITH"},{"floor":11,"key":"REST"},{"floor":15,"key":"REST"},{"data":"Neutralize","floor":23,"key":"SMITH"},{"data":"Crippling Poison","floor":25,"key":"SMITH"},{"floor":28,"key":"REST"},{"floor":32,"key":"REST"},{"floor":44,"key":"REST"},{"data":"Strike_G","floor":49,"key":"PURGE"}],"neow_cost":"NONE","seed_source_timestamp":9310791935600,"circlet_count":0,"master_deck":["Defend_G","Defend_G","Defend_G","Defend_G","Defend_G+1","Strike_G","Survivor","Neutralize+1","Underhanded Strike","Deflect","Quick Slash","Masterful Stab","Noxious Fumes+1","Acrobatics","Deflect","Well Laid Plans+1","Bouncing Flask","Crippling Poison+1","Bullet Time","Prepared","Prepared+1","PiercingWail","Underhanded Strike","Dodge and Roll+1","Well Laid Plans+1","Envenom+1","Wraith Form v2+1","Noxious Fumes+1","Backflip+1","Blade Dance+1","Venomology+1","Backflip+1","Iron Wave","Master of Strategy+1","Prepared+1","Crippling Poison+1","Prepared+1","Poisoned Stab","Adrenaline+1","Footwork+1"],"relics":["Ring of the Snake","Sundial","Snake Skull","Frozen Egg 2","Nunchaku","Orrery","Nloth\u0027s Gift","War Paint","Ninja Scroll","Peace Pipe","Toxic Egg 2","Gremlin Horn","Fusion Hammer","Calipers","Toy Ornithopter","Bag of Preparation","Ice Cream"],"potions_floor_usage":[8,24,29,36,37,37,42,45,46,46,50,50,50],"damage_taken":[{"damage":3,"enemies":"Jaw Worm","floor":1,"turns":5},{"damage":2,"enemies":"Cultist","floor":4,"turns":4},{"damage":0,"enemies":"2 Louse","floor":5,"turns":3},{"damage":31,"enemies":"Gremlin Nob","floor":6,"turns":5},{"damage":5,"enemies":"Lots of Slimes","floor":8,"turns":3},{"damage":12,"enemies":"3 Sentries","floor":10,"turns":6},{"damage":25,"enemies":"Gremlin Nob","floor":12,"turns":4},{"damage":0,"enemies":"Blue Slaver","floor":14,"turns":4},{"damage":18,"enemies":"Hexaghost","floor":16,"turns":8},{"damage":9,"enemies":"2 Thieves","floor":18,"turns":4},{"damage":1,"enemies":"3 Byrds","floor":20,"turns":5},{"damage":24,"enemies":"Gremlin Leader","floor":24,"turns":6},{"damage":10,"enemies":"Centurion and Healer","floor":27,"turns":5},{"damage":8,"enemies":"Colosseum Slavers","floor":29,"turns":3},{"damage":6,"enemies":"Colosseum Nobs","floor":29,"turns":6},{"damage":0,"enemies":"Chosen and Byrds","floor":30,"turns":5},{"damage":12,"enemies":"Book of Stabbing","floor":31,"turns":5},{"damage":48,"enemies":"Champ","floor":33,"turns":12},{"damage":12,"enemies":"3 Darklings","floor":35,"turns":5},{"damage":4,"enemies":"Orb Walker","floor":36,"turns":4},{"damage":19,"enemies":"2 Orb Walkers","floor":37,"turns":5},{"damage":1,"enemies":"Reptomancer","floor":40,"turns":5},{"damage":10,"enemies":"Maw","floor":41,"turns":7},{"damage":15,"enemies":"Sphere and 2 Shapes","floor":42,"turns":6},{"damage":2,"enemies":"3 Darklings","floor":45,"turns":4},{"damage":19,"enemies":"Writhing Mass","floor":46,"turns":5},{"damage":24,"enemies":"Awakened One","floor":50,"turns":12}],"seed_played":"-3972471415830226394","potions_obtained":[{"floor":5,"key":"Explosive Potion"},{"floor":6,"key":"Swift Potion"},{"floor":12,"key":"Weak Potion"},{"floor":14,"key":"GhostInAJar"},{"floor":20,"key":"FearPotion"},{"floor":24,"key":"Explosive Potion"},{"floor":35,"key":"Fire Potion"},{"floor":42,"key":"SkillPotion"},{"floor":46,"key":"Swift Potion"}],"is_trial":false,"path_per_floor":["M","?","$","M","M","E","R","M","T","E","R","E","$","M","R","B",null,"M","$","M","?","$","R","E","R","T","M","R","?","M","E","R","B",null,"M","M","?","?","$","E","M","M","T","R","M","M","?","$","R","B",null],"character_chosen":"THE_SILENT","items_purchased":["Deflect","Well Laid Plans+1","Bouncing Flask","Well Laid Plans+1","Toy Ornithopter","Master of Strategy+1","Footwork+1"],"campfire_rested":5,"item_purchase_floors":[3,13,13,19,39,39,48],"current_hp_per_floor":[74,74,74,72,72,41,41,36,36,24,47,22,22,22,45,27,77,68,68,67,67,67,67,43,43,43,33,56,42,42,30,53,5,77,65,61,42,42,42,41,31,21,21,44,59,61,61,61,61,52],"gold":97,"neow_bonus":"TEN_PERCENT_HP_BONUS","is_prod":false,"is_daily":false,"chose_seed":false,"campfire_upgraded":3,"win_rate":0.0,"timestamp":1552830711,"path_taken":["M","?","?","M","M","E","R","?","T","E","R","E","$","M","R","BOSS","M","$","M","?","?","R","E","R","T","?","R","?","M","E","R","BOSS","M","M","?","?","$","E","?","M","T","R","M","M","?","$","R","BOSS"],"build_version":"2019-01-23","purchased_purges":1,"victory":true,"max_hp_per_floor":[77,77,77,77,77,77,77,77,77,77,77,77,77,77,77,77,77,77,77,77,77,77,77,77,77,77,77,77,77,77,77,77,77,77,77,77,77,77,77,77,77,77,77,77,77,77,77,77,77,77],"card_choices":[{"not_picked":["Dagger Throw","Finisher"],"picked":"Underhanded Strike","floor":1},{"not_picked":["Dagger Throw","Deadly Poison"],"picked":"Quick Slash","floor":4},{"not_picked":["Finisher","Underhanded Strike"],"picked":"Masterful Stab","floor":5},{"not_picked":["All Out Attack","Crippling Poison"],"picked":"Noxious Fumes","floor":6},{"not_picked":["Deadly Poison","Deflect"],"picked":"Acrobatics","floor":8},{"not_picked":["Doppelganger","Sucker Punch","Dagger Throw"],"picked":"SKIP","floor":10},{"not_picked":["Calculated Gamble","Noxious Fumes+1"],"picked":"Deflect","floor":12},{"not_picked":["Skewer","Dash"],"picked":"Crippling Poison","floor":14},{"not_picked":["A Thousand Cuts+1","Unload"],"picked":"Bullet Time","floor":16},{"not_picked":["Leg Sweep","Dagger Spray"],"picked":"Prepared","floor":17},{"not_picked":["Deadly Poison","Sucker Punch"],"picked":"Prepared","floor":17},{"not_picked":["Unload","Slice"],"picked":"PiercingWail","floor":17},{"not_picked":["Acrobatics","Dagger Throw"],"picked":"Underhanded Strike","floor":17},{"not_picked":["Slice+1","Dagger Throw"],"picked":"Dodge and Roll+1","floor":18},{"not_picked":["Predator","Backflip"],"picked":"Envenom+1","floor":20},{"not_picked":["Deadly Poison+1","Slice"],"picked":"Wraith Form v2+1","floor":24},{"not_picked":["Dodge and Roll","Choke","Dagger Spray+1"],"picked":"SKIP","floor":27},{"not_picked":["Masterful Stab","Envenom+1"],"picked":"Noxious Fumes+1","floor":29},{"not_picked":["Poisoned Stab","Flying Knee"],"picked":"Backflip+1","floor":30},{"not_picked":["Underhanded Strike","Sucker Punch+1"],"picked":"Blade Dance+1","floor":31},{"not_picked":["Malaise+1","Die Die Die"],"picked":"Venomology+1","floor":33},{"not_picked":["Dagger Spray","Deadly Poison+1","Riddle With Holes+1"],"picked":"SKIP","floor":35},{"not_picked":["Blur+1","Sucker Punch","Flying Knee"],"picked":"SKIP","floor":36},{"not_picked":["Slice","Dagger Spray+1"],"picked":"Backflip+1","floor":37},{"not_picked":["Phantasmal Killer+1","Slice"],"picked":"Prepared+1","floor":40},{"not_picked":["PiercingWail+1","Dagger Spray"],"picked":"Crippling Poison+1","floor":41},{"not_picked":["Unload","Blade Dance+1"],"picked":"Prepared+1","floor":42},{"not_picked":["PiercingWail+1","Underhanded Strike"],"picked":"Poisoned Stab","floor":45},{"not_picked":["Acrobatics+1","Expertise+1"],"picked":"Adrenaline+1","floor":46}],"player_experience":2676,"relics_obtained":[{"floor":2,"key":"Sundial"},{"floor":6,"key":"Snake Skull"},{"floor":9,"key":"Frozen Egg 2"},{"floor":10,"key":"Nunchaku"},{"floor":12,"key":"Ancient Tea Set"},{"floor":24,"key":"War Paint"},{"floor":26,"key":"Ninja Scroll"},{"floor":29,"key":"Peace Pipe"},{"floor":29,"key":"Toxic Egg 2"},{"floor":31,"key":"Gremlin Horn"},{"floor":37,"key":"Calipers"},{"floor":40,"key":"Bag of Preparation"},{"floor":43,"key":"Ice Cream"}],"event_choices":[{"damage_healed":0,"gold_gain":0,"player_choice":"Relic","damage_taken":0,"max_hp_gain":0,"max_hp_loss":0,"event_name":"Wheel of Change","floor":2,"gold_loss":0},{"damage_healed":0,"gold_gain":0,"player_choice":"Traded Relic","damage_taken":0,"relics_obtained":["Nloth\u0027s Gift"],"max_hp_gain":0,"max_hp_loss":0,"event_name":"N\u0027loth","floor":21,"relics_lost":["Ancient Tea Set"],"gold_loss":0},{"damage_healed":0,"gold_gain":0,"player_choice":"Fight","damage_taken":0,"max_hp_gain":0,"max_hp_loss":0,"event_name":"Colosseum","floor":29,"gold_loss":0},{"damage_healed":0,"gold_gain":0,"player_choice":"Fought Nobs","damage_taken":0,"max_hp_gain":0,"max_hp_loss":0,"event_name":"Colosseum","floor":29,"gold_loss":0},{"damage_healed":0,"gold_gain":0,"player_choice":"Fight","damage_taken":0,"max_hp_gain":0,"max_hp_loss":0,"event_name":"Mysterious Sphere","floor":37,"gold_loss":0},{"cards_removed":["Strike_G"],"damage_healed":0,"gold_gain":0,"player_choice":"Took Card","damage_taken":0,"max_hp_gain":0,"max_hp_loss":0,"event_name":"NoteForYourself","floor":38,"gold_loss":0,"cards_obtained":["Iron Wave"]},{"cards_removed":["Strike_G"],"damage_healed":0,"gold_gain":0,"player_choice":"Offered Basic","damage_taken":0,"max_hp_gain":0,"max_hp_loss":0,"event_name":"Bonfire Elementals","floor":47,"gold_loss":0}],"is_beta":false,"boss_relics":[{"not_picked":["Runic Pyramid","Eternal Feather"],"picked":"Orrery"},{"not_picked":["Coffee Dripper","HoveringKite"],"picked":"Fusion Hammer"}],"items_purged_floors":[3],"is_endless":false,"potions_floor_spawned":[5,6,12,14,20,24,27,29,35,42,45,46],"ascension_level":0}