{"gold_per_floor":[115,133,133,152,152,152,170,206,253,253,178,178],"floor_reached":12,"playtime":351,"items_purged":[],"score":156,"play_id":"8ff4e13f-9bc3-4b16-8bda-dcfd2b3c74c4","local_time":"20190301105846","is_ascension_mode":true,"campfire_choices":[{"data":"Noxious Fumes","floor":6,"key":"SMITH"}],"neow_cost":"NONE","seed_source_timestamp":568743754226166,"circlet_count":0,"master_deck":["AscendersBane","Defend_G","Defend_G","Defend_G","Defend_G","Defend_G","Strike_G","Strike_G","Strike_G","Strike_G","Strike_G","Survivor","Neutralize","All Out Attack","Catalyst","Acrobatics","Noxious Fumes+1","PiercingWail","Corpse Explosion"],"relics":["Ring of the Snake","Golden Idol","Meat on the Bone","Bag of Preparation"],"potions_floor_usage":[8,12],"damage_taken":[{"damage":5,"enemies":"Small Slimes","floor":1,"turns":3},{"damage":0,"enemies":"Jaw Worm","floor":2,"turns":5},{"damage":2,"enemies":"2 Louse","floor":4,"turns":5},{"damage":8,"enemies":"Blue Slaver","floor":7,"turns":4},{"damage":30,"enemies":"3 Sentries","floor":8,"turns":6},{"damage":8,"enemies":"Gremlin Nob","floor":12,"turns":3}],"seed_played":"6838201438399148579","potions_obtained":[{"floor":2,"key":"FearPotion"},{"floor":4,"key":"SpeedPotion"}],"is_trial":false,"path_per_floor":["M","M","?","M","$","R","M","E","T","?","$","E"],"character_chosen":"THE_SILENT","items_purchased":["Corpse Explosion"],"campfire_rested":0,"item_purchase_floors":[11],"current_hp_per_floor":[54,54,54,52,52,52,44,14,14,14,14,6],"gold":178,"neow_bonus":"THREE_CARDS","is_prod":false,"is_daily":false,"chose_seed":false,"campfire_upgraded":1,"win_rate":0,"timestamp":1551455926,"path_taken":["M","M","?","M","?","R","M","E","T","?","$","E"],"build_version":"2019-02-06","purchased_purges":0,"victory":false,"max_hp_per_floor":[66,66,60,60,60,60,60,60,60,60,60,60],"card_choices":[{"not_picked":["Prepared","Riddle With Holes"],"picked":"All Out Attack","floor":0},{"not_picked":["Deflect","Prepared"],"picked":"Catalyst","floor":1},{"not_picked":["Blade Dance","Slice"],"picked":"Acrobatics","floor":2},{"not_picked":["Well Laid Plans","Backstab"],"picked":"Noxious Fumes","floor":4},{"not_picked":["Flying Knee","Sucker Punch"],"picked":"PiercingWail","floor":7},{"not_picked":["Terror","Quick Slash","Flechettes"],"picked":"SKIP","floor":8}],"player_experience":1020969,"relics_obtained":[{"floor":8,"key":"Meat on the Bone"},{"floor":9,"key":"Bag of Preparation"}],"event_choices":[{"damage_healed":0,"gold_gain":0,"player_choice":"Lose Max HP","damage_taken":0,"relics_obtained":["Golden Idol"],"max_hp_gain":0,"max_hp_loss":6,"event_name":"Golden Idol","floor":3,"gold_loss":0},{"damage_healed":0,"gold_gain":0,"player_choice":"Ignored","damage_taken":0,"max_hp_gain":0,"max_hp_loss":0,"event_name":"Shining Light","floor":10,"gold_loss":0}],"is_beta":true,"boss_relics":[],"items_purged_floors":[],"is_endless":false,"potions_floor_spawned":[2,4,7],"killed_by":"Gremlin Nob","ascension_level":20}