{"path_per_floor":["M","?","$","M","M","R","?","R","T","M","M","E","T","M","R","B",null,"M","M","?","T","?","$","R","M","T","M","R","E","M","$","R"],"character_chosen":"THE_SILENT","items_purchased":["Noxious Fumes","Pen Nib","Shovel","Underhanded Strike","Footwork"],"gold_per_floor":[148,323,19,30,48,48,148,148,148,161,177,209,286,296,296,397,397,410,423,423,477,477,66,66,82,105,120,120,146,160,123,123,123],"floor_reached":33,"campfire_rested":3,"playtime":1933,"current_hp_per_floor":[68,68,68,60,56,56,56,56,56,48,33,22,22,14,50,15,70,66,61,45,45,45,45,45,32,32,28,64,53,48,48,70,0],"items_purged":["Regret","Doubt"],"gold":123,"score":267,"play_id":"6dea128a-7d42-4923-a720-1cffec8d6d21","local_time":"20180330025642","is_prod":false,"is_daily":false,"is_ascension_mode":false,"campfire_upgraded":3,"timestamp":1522403802,"path_taken":["M","?","$","M","?","R","?","R","T","M","M","E","?","?","R","BOSS","M","M","?","?","?","?","R","M","T","M","R","E","?","$","R","BOSS"],"build_version":"2018-03-29v2","purchased_purges":2,"victory":false,"master_deck":["Defend_G","Defend_G","Defend_G","Defend_G","Defend_G","Strike_G+1","Strike_G","Strike_G","Strike_G","Strike_G","Survivor","Neutralize+1","Clumsy","Writhe","Infinite Blades+1","Noxious Fumes","Prepared","Acrobatics","After Image+1","Prepared","Deadly Poison","Choke+1","After Image+1","Poisoned Stab+1","Bouncing Flask+1","Underhanded Strike","Bouncing Flask","Deadly Poison","Endless Agony","Slice+1","Footwork"],"max_hp_per_floor":[70,70,70,70,70,70,70,70,70,70,70,70,70,70,70,70,70,70,70,70,70,70,70,70,70,70,70,70,70,70,70,70,70],"relics":["Calling Bell","Regal Pillow","Tiny Chest","Snake Skull","Pen Nib","Gambling Chip","Mummified Hand","Dodecahedron","The Specimen","Oddly Smooth Stone","Shovel","Happy Flower","Whetstone"],"card_choices":[{"not_picked":["Heel Hook","Predator"],"picked":"Infinite Blades","floor":1},{"not_picked":["Deflect","Outmaneuver"],"picked":"Prepared","floor":4},{"not_picked":["Dagger Spray","Sucker Punch"],"picked":"Acrobatics","floor":5},{"not_picked":["Underhanded Strike","Caltrops"],"picked":"After Image","floor":10},{"not_picked":["PiercingWail","Underhanded Strike"],"picked":"Prepared","floor":11},{"not_picked":["Skewer","Acrobatics"],"picked":"Deadly Poison","floor":12},{"not_picked":["Escape Plan","Caltrops"],"picked":"Choke","floor":14},{"not_picked":["Wraith Form","Corpse Explosion"],"picked":"After Image","floor":16},{"not_picked":["Blur","Backflip"],"picked":"Poisoned Stab","floor":18},{"not_picked":["Prepared","Crippling Poison"],"picked":"Bouncing Flask","floor":19},{"not_picked":["Bane","Poisoned Stab"],"picked":"Bouncing Flask","floor":25},{"not_picked":["Prepared","Sucker Punch"],"picked":"Deadly Poison","floor":27},{"not_picked":["Backflip","Venomology"],"picked":"Endless Agony","floor":29},{"not_picked":["Sucker Punch","Dagger Throw"],"picked":"Slice","floor":30}],"player_experience":35641,"potions_floor_usage":[11,16,16,16,19,25,25],"damage_taken":[{"damage":2,"enemies":"Small Slimes","floor":1,"turns":6},{"damage":8,"enemies":"Jaw Worm","floor":4,"turns":6},{"damage":4,"enemies":"Cultist","floor":5,"turns":5},{"damage":8,"enemies":"2 Fungi Beasts","floor":10,"turns":4},{"damage":15,"enemies":"Lots of Slimes","floor":11,"turns":4},{"damage":11,"enemies":"3 Sentries","floor":12,"turns":7},{"damage":8,"enemies":"Exordium Wildlife","floor":14,"turns":4},{"damage":35,"enemies":"The Guardian","floor":16,"turns":8},{"damage":4,"enemies":"Shell Parasite","floor":18,"turns":6},{"damage":5,"enemies":"Chosen","floor":19,"turns":4},{"damage":13,"enemies":"Centurion and Healer","floor":25,"turns":6},{"damage":4,"enemies":"Snecko","floor":27,"turns":4},{"damage":11,"enemies":"Book of Stabbing","floor":29,"turns":5},{"damage":5,"enemies":"Snake Plant","floor":30,"turns":3},{"damage":89,"enemies":"Champ","floor":33,"turns":8}],"event_choices":[{"event_name":"Liars Game","player_choice":"agreed","floor":2,"damage_taken":0},{"event_name":"Wheel of Change","player_choice":"Gold","floor":7,"damage_taken":0},{"event_name":"Cursed Tome","player_choice":"Obtained Book","floor":20,"damage_taken":0},{"event_name":"Upgrade Shrine","player_choice":"Upgraded","floor":22,"damage_taken":0}],"boss_relics":[{"not_picked":["Lizard Tail","White Beast Statue"],"picked":"The Specimen"}],"potions_floor_spawned":[1,4,12,14,16,18,19],"seed_played":"3223094595439737443","killed_by":"Champ","ascension_level":0,"is_trial":false}