{"gold_per_floor":[114,114,73,93,13,40,40,71,71,88,101,101,126,187,187,262,262,276,276,276,276],"floor_reached":21,"playtime":1449,"items_purged":[],"score":440,"play_id":"cdb14721-46e4-480d-8861-a0cc399c1f0e","local_time":"20190125152020","is_ascension_mode":true,"campfire_choices":[{"data":"Uppercut","floor":7.0,"key":"SMITH"},{"data":"Barricade","floor":15.0,"key":"SMITH"}],"neow_cost":"NONE","seed_source_timestamp":0,"circlet_count":0,"master_deck":["AscendersBane","Strike_R","Strike_R","Strike_R","Strike_R","Defend_R","Defend_R","Defend_R","Defend_R","Bash","Iron Wave","Evolve","Uppercut+1","Flame Barrier","Barricade+1","Headbutt","Spot Weakness","Limit Break"],"special_seed":0,"relics":["Black Blood","NeowsBlessing","Lantern","Ancient Tea Set","Happy Flower","Omamori","Blood Vial"],"potions_floor_usage":[],"damage_taken":[{"damage":0.0,"enemies":"Jaw Worm","floor":1.0,"turns":1.0},{"damage":0.0,"enemies":"Cultist","floor":4.0,"turns":1.0},{"damage":0.0,"enemies":"Lagavulin","floor":6.0,"turns":1.0},{"damage":22.0,"enemies":"Gremlin Nob","floor":8.0,"turns":4.0},{"damage":9.0,"enemies":"2 Louse","floor":10.0,"turns":3.0},{"damage":0.0,"enemies":"Looter","floor":11.0,"turns":4.0},{"damage":20.0,"enemies":"3 Sentries","floor":13.0,"turns":10.0},{"damage":32.0,"enemies":"Gremlin Nob","floor":14.0,"turns":5.0},{"damage":23.0,"enemies":"Hexaghost","floor":16.0,"turns":9.0},{"damage":39.0,"enemies":"3 Byrds","floor":18.0,"turns":5.0},{"damage":26.0,"enemies":"Colosseum Slavers","floor":19.0,"turns":6.0},{"damage":21,"enemies":"Shell Parasite","floor":21,"turns":6}],"seed_played":"-2106671994678668661","potions_obtained":[{"floor":1.0,"key":"SkillPotion"},{"floor":6.0,"key":"GamblersBrew"},{"floor":13.0,"key":"Regen Potion"}],"is_trial":false,"path_per_floor":["M","?","$","M","$","E","R","E","T","M","M","$","E","?","R","B",null,"M","?","?","M"],"character_chosen":"IRONCLAD","items_purchased":["Evolve","Uppercut"],"campfire_rested":0,"item_purchase_floors":[3,5],"current_hp_per_floor":[74,74,74,75,75,75,75,59,59,56,62,62,48,22,22,20,61,32,16,16,0],"gold":276,"neow_bonus":"THREE_ENEMY_KILL","is_prod":false,"is_daily":false,"chose_seed":false,"campfire_upgraded":2,"win_rate":0,"timestamp":1548447620,"path_taken":["M","?","?","M","$","E","R","E","T","M","M","$","E","?","R","BOSS","M","?","?","M"],"build_version":"2019-01-23","purchased_purges":0,"victory":false,"max_hp_per_floor":[75,75,75,75,75,75,75,75,75,75,75,75,75,75,75,75,75,75,75,75,75],"card_choices":[{"not_picked":["Iron Wave","Clothesline","Warcry"],"picked":"SKIP","floor":1.0},{"not_picked":["Clothesline","Warcry"],"picked":"Iron Wave","floor":1.0},{"not_picked":["Heavy Blade","Headbutt","Warcry"],"picked":"SKIP","floor":4.0},{"not_picked":["Perfected Strike","Clash"],"picked":"Flame Barrier","floor":6.0},{"not_picked":["Twin Strike","Spot Weakness"],"picked":"Barricade","floor":8.0},{"not_picked":["Anger","Headbutt","Wild Strike"],"picked":"SKIP","floor":10.0},{"not_picked":["Anger","Wild Strike"],"picked":"Headbutt","floor":10.0},{"not_picked":["Clash","Pommel Strike","Cleave"],"picked":"SKIP","floor":11.0},{"not_picked":["Carnage","Wild Strike"],"picked":"Spot Weakness","floor":13.0},{"not_picked":["Immolate","Berserk"],"picked":"Limit Break","floor":16.0},{"not_picked":["Perfected Strike","Rupture","Thunderclap"],"picked":"SKIP","floor":18.0}],"player_experience":538982,"relics_obtained":[{"floor":6.0,"key":"Lantern"},{"floor":8.0,"key":"Ancient Tea Set"},{"floor":13.0,"key":"Happy Flower"}],"event_choices":[{"cards_removed":["Strike_R"],"damage_healed":0.0,"max_hp_gain":0.0,"max_hp_loss":0.0,"gold_gain":0.0,"event_name":"Purifier","player_choice":"Purged","floor":2.0,"gold_loss":0.0,"damage_taken":0.0},{"damage_healed":0.0,"max_hp_gain":0.0,"max_hp_loss":0.0,"gold_gain":0.0,"event_name":"Dead Adventurer","player_choice":"Searched \u00272\u0027 times","floor":14.0,"gold_loss":0.0,"damage_taken":0.0,"relics_obtained":["Omamori"]},{"damage_healed":0.0,"max_hp_gain":0.0,"max_hp_loss":0.0,"gold_gain":0.0,"event_name":"Colosseum","player_choice":"Fight","floor":19.0,"gold_loss":0.0,"damage_taken":0.0},{"damage_healed":0.0,"max_hp_gain":0.0,"max_hp_loss":0.0,"gold_gain":0.0,"event_name":"Colosseum","player_choice":"Fled From Nobs","floor":19.0,"gold_loss":0.0,"damage_taken":0.0},{"damage_healed":0.0,"max_hp_gain":0.0,"max_hp_loss":0.0,"gold_gain":0.0,"event_name":"Addict","player_choice":"Stole Relic","floor":20.0,"gold_loss":0.0,"damage_taken":0.0,"relics_obtained":["Blood Vial"],"cards_obtained":["Shame"]}],"is_beta":false,"boss_relics":[{"not_picked":["Runic Dome","Astrolabe"],"picked":"Black Blood"}],"items_purged_floors":[],"is_endless":false,"potions_floor_spawned":[1,6,13,19],"killed_by":"Shell Parasite","ascension_level":20}