{"gold_per_floor":[109,109,109,121,136,162,177,206,206,206],"floor_reached":10,"playtime":292,"items_purged":[],"score":86,"play_id":"45f6551b-53e3-41bb-bee5-f4044117c2b6","local_time":"20190318040755","is_ascension_mode":true,"campfire_choices":[],"neow_cost":"NONE","seed_source_timestamp":156708623633771,"circlet_count":0,"master_deck":["Defend_G","Defend_G","Defend_G","Defend_G","Strike_G","Strike_G","Strike_G","Strike_G","Strike_G","Survivor","Neutralize","Pain","Dash","Dagger Spray","PiercingWail","Adrenaline"],"relics":["Ring of the Snake","NeowsBlessing","WarpedTongs","Prayer Wheel","Tough Bandages","Nunchaku"],"potions_floor_usage":[6,8],"damage_taken":[{"damage":0,"enemies":"2 Louse","floor":1,"turns":1},{"damage":2,"enemies":"Small Slimes","floor":4,"turns":1},{"damage":0,"enemies":"Cultist","floor":5,"turns":1},{"damage":25,"enemies":"Lagavulin","floor":6,"turns":6},{"damage":1,"enemies":"3 Louse","floor":7,"turns":3},{"damage":31,"enemies":"Gremlin Nob","floor":8,"turns":6},{"damage":4,"enemies":"Lots of Slimes","floor":10,"turns":2}],"seed_played":"2670692752791584141","potions_obtained":[{"floor":4,"key":"FearPotion"},{"floor":5,"key":"EssenceOfSteel"},{"floor":8,"key":"Fire Potion"}],"is_trial":false,"path_per_floor":["M","?","?","M","M","E","M","E","T","M"],"character_chosen":"THE_SILENT","items_purchased":[],"campfire_rested":0,"item_purchase_floors":[],"current_hp_per_floor":[70,63,63,61,61,36,35,4,4,0],"gold":206,"neow_bonus":"THREE_ENEMY_KILL","is_prod":false,"is_daily":false,"chose_seed":false,"campfire_upgraded":0,"win_rate":0,"timestamp":1552907275,"path_taken":["M","?","?","M","?","E","M","E","T","M"],"build_version":"2019-01-23","purchased_purges":0,"victory":false,"max_hp_per_floor":[70,70,70,70,70,70,70,70,70,70],"card_choices":[{"not_picked":["Dodge and Roll","Acrobatics","Expertise"],"picked":"SKIP","floor":1},{"not_picked":["Riddle With Holes","Deadly Poison"],"picked":"Dash","floor":4},{"not_picked":["Finisher","Catalyst","Reflex"],"picked":"SKIP","floor":5},{"not_picked":["Bane","Sucker Punch","Underhanded Strike"],"picked":"SKIP","floor":6},{"not_picked":["Skewer","Masterful Stab"],"picked":"Dagger Spray","floor":7},{"not_picked":["Slice","Blade Dance"],"picked":"PiercingWail","floor":7},{"not_picked":["Endless Agony","Glass Knife"],"picked":"Adrenaline","floor":8}],"player_experience":353337,"relics_obtained":[{"floor":6,"key":"Prayer Wheel"},{"floor":8,"key":"Tough Bandages"},{"floor":9,"key":"Nunchaku"}],"event_choices":[{"cards_removed":["Defend_G"],"damage_healed":0,"gold_gain":0,"player_choice":"Card Removal","damage_taken":7,"max_hp_gain":0,"max_hp_loss":0,"event_name":"Golden Wing","floor":2,"gold_loss":0},{"damage_healed":0,"gold_gain":0,"player_choice":"Rummage","damage_taken":0,"relics_obtained":["WarpedTongs"],"max_hp_gain":0,"max_hp_loss":0,"event_name":"Accursed Blacksmith","floor":3,"gold_loss":0,"cards_obtained":["Pain"]}],"is_beta":false,"boss_relics":[],"items_purged_floors":[],"is_endless":false,"potions_floor_spawned":[4,5,8],"killed_by":"Lots of Slimes","ascension_level":2}