{"gold_per_floor":[363,378,30,105,128,163,163,191,245,280,294,294,309,329,329,403,403,403,403,24,41,59,59,88,88,142,162,162,192,10,10,10,81,81,91,111,0,53,53,53,81,81,107,107,107,124,154,154,154,154],"floor_reached":51,"playtime":2115,"items_purged":["Strike_R"],"score":1365,"play_id":"25686d83-f796-49b9-82a8-cb930202843a","local_time":"20190219093124","is_ascension_mode":true,"campfire_choices":[{"data":"Double Tap","floor":7,"key":"SMITH"},{"floor":12,"key":"REST"},{"data":"Cleave","floor":15,"key":"SMITH"},{"data":"Pommel Strike","floor":23,"key":"SMITH"},{"data":"Inflame","floor":25,"key":"SMITH"},{"data":"Metallicize","floor":28,"key":"SMITH"},{"data":"Shockwave","floor":32,"key":"SMITH"},{"data":"Madness","floor":40,"key":"SMITH"},{"data":"Flame Barrier","floor":42,"key":"SMITH"},{"data":"Limit Break","floor":44,"key":"SMITH"},{"data":"Evolve","floor":49,"key":"SMITH"}],"neow_cost":"TEN_PERCENT_HP_LOSS","seed_source_timestamp":88023308188194,"circlet_count":0,"master_deck":["AscendersBane","Strike_R","Strike_R","Strike_R","Defend_R","Defend_R","Defend_R","Defend_R","Bash","Carnage+1","Clothesline","Inflame+1","Double Tap+1","Headbutt","Anger+1","Metallicize+1","Cleave+1","Inflame","Feed","Pommel Strike+1","Shockwave+1","True Grit+1","Anger","Flame Barrier+1","Cleave","Limit Break+1","Headbutt+1","Evolve+1","Shrug It Off","Madness+1","Madness","Shrug It Off+1","Thunderclap+1"],"relics":["Burning Blood","Matryoshka","Centennial Puzzle","Bag of Preparation","Juzu Bracelet","Ornamental Fan","Bronze Scales","Potion Belt","Kunai","Odd Mushroom","Coffee Dripper","Lantern","HandDrill","Pear","Dream Catcher","Whetstone","Pen Nib","Mark of Pain","Red Mask","StoneCalendar","Pantograph","Art of War","Letter Opener"],"potions_floor_usage":[6,13,13,13,18,24,29,33,50,50,50,50],"damage_taken":[{"damage":6,"enemies":"Cultist","floor":1,"turns":3},{"damage":8,"enemies":"Jaw Worm","floor":2,"turns":4},{"damage":6,"enemies":"Gremlin Nob","floor":6,"turns":3},{"damage":40,"enemies":"Lagavulin","floor":8,"turns":5},{"damage":20,"enemies":"Gremlin Nob","floor":10,"turns":4},{"damage":2,"enemies":"2 Louse","floor":11,"turns":3},{"damage":22,"enemies":"Lots of Slimes","floor":13,"turns":8},{"damage":14,"enemies":"The Mushroom Lair","floor":14,"turns":3},{"damage":0,"enemies":"Slime Boss","floor":16,"turns":7},{"damage":0,"enemies":"2 Thieves","floor":18,"turns":1},{"damage":0,"enemies":"3 Byrds","floor":21,"turns":3},{"damage":3,"enemies":"3 Cultists","floor":22,"turns":3},{"damage":22,"enemies":"Slavers","floor":24,"turns":4},{"damage":15,"enemies":"Sentry and Sphere","floor":27,"turns":4},{"damage":16,"enemies":"Gremlin Leader","floor":29,"turns":5},{"damage":17,"enemies":"Champ","floor":33,"turns":6},{"damage":1,"enemies":"Orb Walker","floor":35,"turns":2},{"damage":0,"enemies":"3 Darklings","floor":36,"turns":2},{"damage":21,"enemies":"2 Orb Walkers","floor":38,"turns":3},{"damage":31,"enemies":"Nemesis","floor":41,"turns":5},{"damage":0,"enemies":"4 Shapes","floor":46,"turns":3},{"damage":22,"enemies":"Giant Head","floor":47,"turns":6},{"damage":49,"enemies":"Donu and Deca","floor":50,"turns":5}],"seed_played":"-5994189026039734341","potions_obtained":[{"floor":1,"key":"FearPotion"},{"floor":11,"key":"EntropicBrew"},{"floor":16,"key":"Explosive Potion"},{"floor":21,"key":"Fruit Juice"},{"floor":22,"key":"BloodPotion"},{"floor":24,"key":"Poison Potion"},{"floor":29,"key":"AttackPotion"},{"floor":33,"key":"Fire Potion"}],"is_trial":false,"path_per_floor":["M","M","$","?","T","E","R","E","T","E","M","R","M","?","R","B",null,"M","?","$","M","M","R","E","R","T","M","R","E","$","?","R","B",null,"M","M","?","?","?","R","E","R","T","R","?","M","E","?","R","B",null],"character_chosen":"IRONCLAD","items_purchased":["Matryoshka","Inflame","Lantern","HandDrill","Pommel Strike","Pen Nib","Cleave"],"campfire_rested":1,"item_purchase_floors":[3,3,20,20,20,30,30],"current_hp_per_floor":[72,70,70,59,59,59,59,25,25,11,15,36,72,64,64,70,72,72,72,72,75,75,75,74,74,74,68,68,58,58,93,93,82,90,93,93,93,81,69,69,44,44,44,44,84,87,74,74,74,59],"gold":154,"neow_bonus":"TWO_FIFTY_GOLD","is_prod":false,"is_daily":false,"chose_seed":false,"campfire_upgraded":10,"win_rate":0,"timestamp":1550586684,"path_taken":["M","M","$","?","?","E","R","E","T","E","M","R","M","?","R","BOSS","M","?","$","M","M","R","E","R","T","M","R","E","$","?","R","BOSS","M","M","?","?","?","R","E","R","T","R","?","M","E","?","R","BOSS"],"build_version":"2019-02-06","purchased_purges":1,"victory":true,"max_hp_per_floor":[72,72,72,72,72,72,72,72,72,72,72,72,72,72,72,72,72,72,72,72,75,75,75,90,90,90,93,93,93,93,93,93,93,93,93,93,93,96,96,96,96,96,96,96,84,87,90,90,90,93],"card_choices":[{"not_picked":["Havoc","Clothesline"],"picked":"Carnage","floor":1},{"not_picked":["Perfected Strike","Armaments"],"picked":"Clothesline","floor":2},{"not_picked":["Thunderclap","Rage"],"picked":"Double Tap","floor":6},{"not_picked":["Rupture","Sword Boomerang"],"picked":"Headbutt","floor":8},{"not_picked":["Infernal Blade","Sever Soul"],"picked":"Anger","floor":10},{"not_picked":["Shrug It Off","True Grit"],"picked":"Metallicize","floor":11},{"not_picked":["Clash","True Grit"],"picked":"Cleave","floor":13},{"not_picked":["Sentinel","Flex"],"picked":"Inflame","floor":14},{"not_picked":["Reaper","Bludgeon"],"picked":"Feed","floor":16},{"not_picked":["Clothesline","Sword Boomerang+1"],"picked":"Shockwave","floor":21},{"not_picked":["Perfected Strike","Infernal Blade","True Grit"],"picked":"SKIP","floor":22},{"not_picked":["Clash","Wild Strike"],"picked":"True Grit+1","floor":24},{"not_picked":["Thunderclap","Dropkick"],"picked":"Anger","floor":27},{"not_picked":["Second Wind+1","Exhume"],"picked":"Flame Barrier","floor":29},{"not_picked":["Berserk","Brutality"],"picked":"Limit Break","floor":33},{"not_picked":["Perfected Strike","Flex"],"picked":"Headbutt+1","floor":35},{"not_picked":["Body Slam","Perfected Strike"],"picked":"Evolve","floor":36},{"not_picked":["Anger","Sword Boomerang"],"picked":"Shrug It Off","floor":38},{"not_picked":["Clash","Feed"],"picked":"Shrug It Off+1","floor":41},{"not_picked":["Armaments","Wild Strike"],"picked":"Thunderclap+1","floor":46},{"not_picked":["Wild Strike","Heavy Blade+1","Feed"],"picked":"SKIP","floor":47}],"player_experience":388266,"relics_obtained":[{"floor":5,"key":"Centennial Puzzle"},{"floor":5,"key":"Bag of Preparation"},{"floor":6,"key":"Juzu Bracelet"},{"floor":8,"key":"Ornamental Fan"},{"floor":9,"key":"Bronze Scales"},{"floor":9,"key":"Potion Belt"},{"floor":10,"key":"Kunai"},{"floor":14,"key":"Odd Mushroom"},{"floor":24,"key":"Pear"},{"floor":26,"key":"Dream Catcher"},{"floor":29,"key":"Whetstone"},{"floor":38,"key":"StoneCalendar"},{"floor":41,"key":"Pantograph"},{"floor":43,"key":"Art of War"},{"floor":47,"key":"Letter Opener"}],"event_choices":[{"damage_healed":0,"gold_gain":75,"player_choice":"Gather Gold","damage_taken":11,"max_hp_gain":0,"max_hp_loss":0,"event_name":"World of Goop","floor":4,"gold_loss":0},{"damage_healed":0,"gold_gain":0,"player_choice":"Fought Mushrooms","damage_taken":0,"max_hp_gain":0,"max_hp_loss":0,"event_name":"Mushrooms","floor":14,"gold_loss":0},{"damage_healed":0,"gold_gain":0,"player_choice":"Ignored","damage_taken":0,"max_hp_gain":0,"max_hp_loss":0,"event_name":"N\u0027loth","floor":19,"gold_loss":0},{"damage_healed":35,"gold_gain":0,"player_choice":"Full Heal","damage_taken":0,"max_hp_gain":0,"max_hp_loss":0,"event_name":"Wheel of Change","floor":31,"gold_loss":0},{"damage_healed":0,"gold_gain":0,"player_choice":"Paid","damage_taken":0,"relics_obtained":["Red Mask"],"max_hp_gain":0,"max_hp_loss":0,"event_name":"Tomb of Lord Red Mask","floor":37,"gold_loss":111},{"damage_healed":0,"gold_gain":0,"player_choice":"Fight","damage_taken":0,"max_hp_gain":0,"max_hp_loss":0,"event_name":"Mysterious Sphere","floor":38,"gold_loss":0},{"damage_healed":0,"gold_gain":0,"player_choice":"Embrace Madness","damage_taken":12,"max_hp_gain":0,"max_hp_loss":0,"event_name":"Winding Halls","floor":39,"gold_loss":0,"cards_obtained":["Madness","Madness"]},{"damage_healed":84,"gold_gain":0,"player_choice":"Heal","damage_taken":0,"max_hp_gain":0,"max_hp_loss":12,"event_name":"The Moai Head","floor":45,"gold_loss":0},{"cards_removed":["Strike_R"],"damage_healed":0,"gold_gain":0,"player_choice":"Purged","damage_taken":0,"max_hp_gain":0,"max_hp_loss":0,"event_name":"Purifier","floor":48,"gold_loss":0}],"is_beta":true,"boss_relics":[{"not_picked":["Cursed Key","Philosopher\u0027s Stone"],"picked":"Coffee Dripper"},{"not_picked":["Orrery","Lizard Tail"],"picked":"Mark of Pain"}],"items_purged_floors":[3],"is_endless":false,"potions_floor_spawned":[1,11,16,21,22,24,29,33,35,41],"ascension_level":13}