{"gold_per_floor":[119,134,134,109,34,34,69,29,101,154,154,154,170,203,203,296,296,314,229,264,291,66,127,127,127,127,127],"floor_reached":27,"playtime":787,"items_purged":["Strike_B"],"score":549,"play_id":"327eb23d-dde9-4b25-8f3c-dc32eb8a6bf3","local_time":"20181017230624","is_ascension_mode":true,"campfire_choices":[{"data":"Zap","floor":6.0,"key":"SMITH"},{"data":"Streamline","floor":11.0,"key":"SMITH"},{"floor":15,"key":"REST"},{"floor":24,"key":"REST"}],"neow_cost":"NONE","seed_source_timestamp":534020428244805,"circlet_count":0,"master_deck":["Strike_B+1","Strike_B","Defend_B","Defend_B","Defend_B","Defend_B","Zap+1","Dualcast","AscendersBane","Turbo","Fission","Streamline+1","Doom and Gloom+1","Coolheaded","Rebound+1","Biased Cognition","Tempest","Sweeping Beam+1","Steam+1","Chill","Necronomicurse","Writhe"],"special_seed":0,"relics":["Cracked Core","NeowsBlessing","Calipers","Molten Egg 2","Lantern","Golden Idol","Darkstone Periapt","Cursed Key","MawBank","Lee\u0027s Waffle","Tiny Chest","Necronomicon","Whetstone"],"potions_floor_usage":[14,16,23],"damage_taken":[{"damage":0.0,"enemies":"Cultist","floor":1.0,"turns":1.0},{"damage":0.0,"enemies":"Jaw Worm","floor":2.0,"turns":1.0},{"damage":0.0,"enemies":"Gremlin Nob","floor":7.0,"turns":1.0},{"damage":1.0,"enemies":"2 Louse","floor":13.0,"turns":2.0},{"damage":13,"enemies":"Lagavulin","floor":14,"turns":4},{"damage":32,"enemies":"Slime Boss","floor":16,"turns":6},{"damage":23,"enemies":"Spheric Guardian","floor":18,"turns":4},{"damage":28,"enemies":"2 Thieves","floor":20,"turns":4},{"damage":0,"enemies":"Cultist and Chosen","floor":21,"turns":3},{"damage":74,"enemies":"Slavers","floor":23,"turns":5},{"damage":14,"enemies":"Snecko","floor":27,"turns":4}],"seed_played":"-1098585238071941449","potions_obtained":[{"floor":1.0,"key":"Block Potion"},{"floor":13.0,"key":"Fire Potion"},{"floor":21,"key":"FocusPotion"},{"floor":23,"key":"Energy Potion"}],"is_trial":false,"path_per_floor":["M","M","?","$","$","R","E","$","T","T","R","?","M","E","R","B",null,"M","?","M","M","$","E","R","?","T"],"character_chosen":"DEFECT","items_purchased":["Streamline","Doom and Gloom","Lee\u0027s Waffle"],"campfire_rested":2,"item_purchase_floors":[4,8,22],"current_hp_per_floor":[64,64,64,64,64,64,64,64,64,64,64,40,39,26,47,15,57,34,34,6,6,78,4,27,12,18,4],"gold":127,"neow_bonus":"THREE_ENEMY_KILL","is_prod":false,"is_daily":false,"chose_seed":false,"campfire_upgraded":2,"win_rate":0,"timestamp":1539831984,"path_taken":["M","?","?","?","$","R","E","?","T","?","R","?","?","E","R","BOSS","M","?","?","?","$","E","R","?","T","M"],"build_version":"2018-10-11","purchased_purges":1,"victory":false,"max_hp_per_floor":[71,71,71,71,71,71,71,71,71,71,71,71,71,71,71,71,71,71,71,71,71,78,78,78,84,90,90],"card_choices":[{"not_picked":["Blizzard","Beam Cell","Reprogram"],"picked":"SKIP","floor":1.0},{"not_picked":["Steam","Storm"],"picked":"Turbo","floor":2.0},{"not_picked":["Lockon","Redo","Recycle"],"picked":"SKIP","floor":7.0},{"not_picked":["Reinforced Body","Chaos"],"picked":"Coolheaded","floor":13.0},{"not_picked":["Steam","Genetic Algorithm"],"picked":"Rebound+1","floor":14},{"not_picked":["Rainbow","Hyperbeam+1"],"picked":"Biased Cognition","floor":16},{"not_picked":["Rip and Tear+1","Redo"],"picked":"Tempest","floor":18},{"not_picked":["FTL+1","Beam Cell+1"],"picked":"Sweeping Beam+1","floor":20},{"not_picked":["Conserve Battery","Ball Lightning+1"],"picked":"Steam+1","floor":21},{"not_picked":["Conserve Battery","Auto Shields"],"picked":"Chill","floor":23}],"player_experience":979152,"relics_obtained":[{"floor":7.0,"key":"Calipers"},{"floor":9.0,"key":"Molten Egg 2"},{"floor":10.0,"key":"Lantern"},{"floor":14,"key":"Darkstone Periapt"},{"floor":23,"key":"Tiny Chest"},{"floor":25,"key":"Necronomicon"},{"floor":26,"key":"Whetstone"}],"event_choices":[{"event_name":"Transmorgrifier","player_choice":"Transform","floor":3.0,"damage_taken":0.0},{"event_name":"Golden Idol","player_choice":"Take Damage","floor":12.0,"damage_taken":0.0},{"event_name":"Addict","player_choice":"Obtained Relic","floor":19,"damage_taken":0},{"event_name":"Cursed Tome","player_choice":"Obtained Book","floor":25,"damage_taken":0}],"is_beta":false,"boss_relics":[{"not_picked":["Orrery","Sozu"],"picked":"Cursed Key"}],"items_purged_floors":[5],"is_endless":false,"potions_floor_spawned":[1,13,21,23],"killed_by":"Snecko","ascension_level":20}