{"gold_per_floor":[118,134,36,36,36,69,69,107,188,188,188,202,221,396,396,521,521,539,563,18,37,37],"floor_reached":22,"playtime":1316,"items_purged":[],"score":252,"play_id":"2be43d0e-eb40-4623-bec3-b952aa1ff698","local_time":"20190128012422","is_ascension_mode":true,"campfire_choices":[{"data":"Hello World","floor":7,"key":"SMITH"},{"data":"Zap","floor":10,"key":"SMITH"},{"data":"Buffer","floor":15,"key":"SMITH"}],"neow_cost":"NONE","seed_source_timestamp":131678183552,"circlet_count":0,"master_deck":["Strike_B","Strike_B","Strike_B","Defend_B","Defend_B","Defend_B","Defend_B","Zap+1","Dualcast","Hello World+1","Sweeping Beam","Buffer+1","Flash of Steel","Compile Driver","Cold Snap","Glacier","All For One","Sweeping Beam","Storm+1","White Noise","Apotheosis","Double Energy"],"relics":["Cracked Core","Golden Idol","Lantern","Omamori","Symbiotic Virus","Black Star","Dead Branch"],"potions_floor_usage":[8,16,16,21,22],"damage_taken":[{"damage":8,"enemies":"Small Slimes","floor":1,"turns":5},{"damage":1,"enemies":"2 Louse","floor":2,"turns":2},{"damage":11,"enemies":"Lagavulin","floor":6,"turns":8},{"damage":26,"enemies":"Gremlin Nob","floor":8,"turns":5},{"damage":1,"enemies":"Cultist","floor":12,"turns":3},{"damage":5,"enemies":"Large Slime","floor":13,"turns":5},{"damage":19,"enemies":"Hexaghost","floor":16,"turns":12},{"damage":1,"enemies":"Chosen","floor":18,"turns":5},{"damage":18,"enemies":"3 Byrds","floor":19,"turns":4},{"damage":0,"enemies":"Snecko","floor":21,"turns":3},{"damage":22,"enemies":"Colosseum Slavers","floor":22,"turns":3},{"damage":52,"enemies":"Colosseum Nobs","floor":22,"turns":5}],"seed_played":"-2356830785150493899","potions_obtained":[{"floor":1,"key":"Energy Potion"},{"floor":12,"key":"Swift Potion"},{"floor":13,"key":"SteroidPotion"},{"floor":18,"key":"Regen Potion"},{"floor":19,"key":"Swift Potion"}],"is_trial":false,"path_per_floor":["M","M","$","?","$","E","R","E","T","R","?","M","M","?","R","B",null,"M","M","$","M","?"],"character_chosen":"DEFECT","items_purchased":["Flash of Steel","Dead Branch","White Noise","Apotheosis"],"campfire_rested":0,"item_purchase_floors":[3,20,20,20],"current_hp_per_floor":[60,59,59,59,59,48,48,22,22,22,39,38,33,33,33,14,55,54,36,36,45,0],"gold":37,"neow_bonus":"TRANSFORM_CARD","is_prod":false,"is_daily":false,"chose_seed":false,"campfire_upgraded":3,"win_rate":0,"timestamp":1548656662,"path_taken":["M","M","$","?","$","E","R","E","T","R","?","M","M","?","R","BOSS","M","M","$","M","?"],"build_version":"2019-01-23","purchased_purges":0,"victory":false,"max_hp_per_floor":[75,75,75,69,69,69,69,69,69,69,69,69,69,69,69,69,69,69,69,69,69,69],"card_choices":[{"not_picked":["Tempest","Leap"],"picked":"Sweeping Beam","floor":1},{"not_picked":["Compile Driver","Steam"],"picked":"Buffer","floor":2},{"not_picked":["Barrage","Go for the Eyes","Rebound"],"picked":"SKIP","floor":6},{"not_picked":["Steam Power","Blizzard"],"picked":"Compile Driver","floor":8},{"not_picked":["Recycle","Streamline"],"picked":"Cold Snap","floor":12},{"not_picked":["Static Discharge","Barrage"],"picked":"Glacier","floor":13},{"not_picked":["Hyperbeam","Biased Cognition"],"picked":"All For One","floor":16},{"not_picked":["Barrage","Turbo"],"picked":"Sweeping Beam","floor":18},{"not_picked":["Sweeping Beam+1","FTL+1"],"picked":"Storm+1","floor":19},{"not_picked":["Leap+1","Redo"],"picked":"Double Energy","floor":21}],"player_experience":276738,"relics_obtained":[{"floor":6,"key":"Lantern"},{"floor":8,"key":"Omamori"},{"floor":9,"key":"Symbiotic Virus"}],"event_choices":[{"damage_healed":0,"gold_gain":0,"player_choice":"Lose Max HP","damage_taken":0,"relics_obtained":["Golden Idol"],"max_hp_gain":0,"max_hp_loss":6,"event_name":"Golden Idol","floor":4,"gold_loss":0},{"damage_healed":17,"gold_gain":0,"player_choice":"Healed and dodged fight","damage_taken":0,"max_hp_gain":0,"max_hp_loss":0,"event_name":"Mushrooms","floor":11,"gold_loss":0,"cards_obtained":["Parasite"]},{"damage_healed":0,"gold_gain":175,"player_choice":"AGREE","damage_taken":0,"max_hp_gain":0,"max_hp_loss":0,"event_name":"Liars Game","floor":14,"gold_loss":0,"cards_obtained":["Doubt"]},{"damage_healed":0,"gold_gain":0,"player_choice":"Fight","damage_taken":0,"max_hp_gain":0,"max_hp_loss":0,"event_name":"Colosseum","floor":22,"gold_loss":0},{"damage_healed":0,"gold_gain":0,"player_choice":"Fought Nobs","damage_taken":0,"max_hp_gain":0,"max_hp_loss":0,"event_name":"Colosseum","floor":22,"gold_loss":0}],"is_beta":true,"boss_relics":[{"not_picked":["Philosopher\u0027s Stone","Velvet Choker"],"picked":"Black Star"}],"items_purged_floors":[],"is_endless":false,"potions_floor_spawned":[1,12,13,18,19],"killed_by":"Colosseum Nobs","ascension_level":6}