{"gold_per_floor":[111,123,273,273,288,320,320,348,423,423,438,454,464,479,479,558,558,569,469,469,469],"floor_reached":21,"playtime":869,"items_purged":[],"score":482,"play_id":"5b13b21f-ffa0-4532-9041-d626786f29e0","local_time":"20190221105153","is_ascension_mode":true,"campfire_choices":[{"floor":7,"key":"REST"},{"floor":10,"key":"REST"},{"data":"Defragment","floor":15,"key":"SMITH"}],"neow_cost":"NONE","seed_source_timestamp":0,"circlet_count":0,"master_deck":["AscendersBane","Strike_B","Strike_B","Defend_B","Defend_B","Defend_B","Defend_B","Zap","Dualcast","Compile Driver","Defragment+1","Glacier","Skim","Conserve Battery","Compile Driver","Cold Snap","Conserve Battery","Cold Snap","Amplify","Chill","Undo","Hologram","Lockon"],"special_seed":0,"relics":["Cracked Core","NeowsBlessing","StoneCalendar","Ancient Tea Set","Gremlin Horn","Snecko Eye"],"potions_floor_usage":[13,16],"damage_taken":[{"damage":0.0,"enemies":"Cultist","floor":1.0,"turns":1.0},{"damage":0.0,"enemies":"Small Slimes","floor":2.0,"turns":1.0},{"damage":0.0,"enemies":"2 Louse","floor":5.0,"turns":1.0},{"damage":33.0,"enemies":"Gremlin Nob","floor":6.0,"turns":6.0},{"damage":24,"enemies":"Lagavulin","floor":8,"turns":8},{"damage":0,"enemies":"Exordium Wildlife","floor":11,"turns":2},{"damage":6,"enemies":"Looter","floor":12,"turns":4},{"damage":11,"enemies":"Exordium Thugs","floor":13,"turns":7},{"damage":8,"enemies":"Exordium Wildlife","floor":14,"turns":6},{"damage":0,"enemies":"Slime Boss","floor":16,"turns":10},{"damage":16,"enemies":"Shell Parasite","floor":18,"turns":7},{"damage":21,"enemies":"2 Thieves","floor":19,"turns":5},{"damage":29,"enemies":"3 Cultists","floor":21,"turns":6}],"seed_played":"-5172703460055844981","potions_obtained":[{"floor":6,"key":"Fire Potion"},{"floor":8,"key":"SteroidPotion"},{"floor":14,"key":"SkillPotion"},{"floor":18,"key":"Strength Potion"}],"is_trial":false,"path_per_floor":["M","M","?","?","M","E","R","E","T","R","M","M","M","M","R","B",null,"M","M","?","M"],"character_chosen":"DEFECT","items_purchased":[],"campfire_rested":2,"item_purchase_floors":[],"current_hp_per_floor":[64,64,64,57,57,24,45,21,21,42,42,36,25,17,17,17,58,42,21,21,0],"gold":469,"neow_bonus":"THREE_ENEMY_KILL","is_prod":false,"is_daily":false,"chose_seed":false,"campfire_upgraded":1,"win_rate":0,"timestamp":1550764313,"path_taken":["M","?","?","?","M","E","R","E","T","R","M","M","M","M","R","BOSS","M","M","?","M"],"build_version":"2019-02-06","purchased_purges":0,"victory":false,"max_hp_per_floor":[71,71,71,71,71,71,71,71,71,71,71,71,71,71,71,71,71,71,71,71,71],"card_choices":[{"not_picked":["Beam Cell","Leap"],"picked":"Compile Driver","floor":1.0},{"not_picked":["Stack","Reprogram"],"picked":"Defragment","floor":2.0},{"not_picked":["Auto Shields","Streamline"],"picked":"Glacier","floor":5.0},{"not_picked":["Streamline","All For One"],"picked":"Skim","floor":6},{"not_picked":["Steam","Beam Cell"],"picked":"Conserve Battery","floor":8},{"not_picked":["BootSequence","Ball Lightning"],"picked":"Compile Driver","floor":11},{"not_picked":["Beam Cell","Ball Lightning"],"picked":"Cold Snap","floor":12},{"not_picked":["Rebound","Redo"],"picked":"Conserve Battery","floor":13},{"not_picked":["Leap","Lockon"],"picked":"Cold Snap","floor":14},{"not_picked":["Rainbow","Reboot"],"picked":"Amplify","floor":16},{"not_picked":["Hologram","Compile Driver"],"picked":"Chill","floor":18},{"not_picked":["Go for the Eyes","Storm"],"picked":"Undo","floor":19}],"player_experience":963884,"relics_obtained":[{"floor":6,"key":"StoneCalendar"},{"floor":8,"key":"Ancient Tea Set"},{"floor":9,"key":"Gremlin Horn"}],"event_choices":[{"damage_healed":0.0,"max_hp_gain":0.0,"max_hp_loss":0.0,"gold_gain":150.0,"event_name":"Liars Game","player_choice":"AGREE","floor":3.0,"gold_loss":0.0,"damage_taken":0.0,"cards_obtained":["Doubt"]},{"cards_removed":["Doubt"],"damage_healed":0.0,"max_hp_gain":0.0,"max_hp_loss":0.0,"gold_gain":0.0,"event_name":"Golden Wing","player_choice":"Card Removal","floor":4.0,"gold_loss":0.0,"damage_taken":7.0},{"damage_healed":0,"gold_gain":0,"cards_transformed":["Strike_B","Strike_B"],"player_choice":"Became Test Subject","damage_taken":0,"max_hp_gain":0,"max_hp_loss":0,"event_name":"Drug Dealer","floor":20,"gold_loss":0,"cards_obtained":["Hologram","Lockon"]}],"is_beta":true,"boss_relics":[{"not_picked":["Velvet Choker","White Beast Statue"],"picked":"Snecko Eye"}],"items_purged_floors":[],"is_endless":false,"potions_floor_spawned":[6,8,12,14,18],"killed_by":"3 Cultists","ascension_level":20}