{"gold_per_floor":[113,123,137,137,150,150,169,169,169,195,103,121,121,137,137,211,211,224,139,151,171,186,186,219,219,219,219,233,233],"floor_reached":29,"playtime":1521,"items_purged":[],"score":473,"play_id":"85bc8d7a-85b1-4223-9650-b73bad988d3f","local_time":"20190318150402","is_ascension_mode":true,"campfire_choices":[{"data":"Perfected Strike","floor":6,"key":"SMITH"},{"data":"Metallicize","floor":8,"key":"SMITH"},{"data":"Spot Weakness","floor":15,"key":"SMITH"},{"data":"Battle Trance","floor":23,"key":"SMITH"},{"data":"Demon Form","floor":25,"key":"SMITH"},{"floor":27,"key":"REST"}],"neow_cost":"NONE","seed_source_timestamp":21549189086301,"circlet_count":0,"master_deck":["AscendersBane","Strike_R","Strike_R","Strike_R","Strike_R","Strike_R","Defend_R","Defend_R","Defend_R","Defend_R","Bash","Perfected Strike+1","Pommel Strike","Spot Weakness+1","Battle Trance+1","Metallicize+1","Double Tap","PanicButton","Twin Strike","Metallicize","Demon Form+1","Pommel Strike","Anger","Shrug It Off","Iron Wave","Iron Wave","Flame Barrier"],"relics":["Burning Blood","Meat on the Bone","Lantern","Mark of Pain","Gambling Chip","Bottled Lightning","Question Card"],"potions_floor_usage":[10,16,20,24],"damage_taken":[{"damage":7,"enemies":"2 Louse","floor":1,"turns":3},{"damage":16,"enemies":"Small Slimes","floor":2,"turns":5},{"damage":6,"enemies":"Jaw Worm","floor":3,"turns":4},{"damage":4,"enemies":"Red Slaver","floor":5,"turns":4},{"damage":9,"enemies":"Exordium Wildlife","floor":7,"turns":3},{"damage":23,"enemies":"Gremlin Nob","floor":10,"turns":4},{"damage":16,"enemies":"3 Louse","floor":12,"turns":4},{"damage":9,"enemies":"Red Slaver","floor":14,"turns":4},{"damage":34,"enemies":"The Guardian","floor":16,"turns":13},{"damage":8,"enemies":"2 Thieves","floor":18,"turns":5},{"damage":16,"enemies":"Shell Parasite","floor":20,"turns":3},{"damage":17,"enemies":"Snecko","floor":21,"turns":5},{"damage":17,"enemies":"Centurion and Healer","floor":22,"turns":6},{"damage":13,"enemies":"Gremlin Leader","floor":24,"turns":7},{"damage":23,"enemies":"Snake Plant","floor":28,"turns":4},{"damage":62,"enemies":"Slavers","floor":29,"turns":4}],"seed_played":"7719617595373048381","potions_obtained":[{"floor":7,"key":"Fire Potion"},{"floor":10,"key":"GamblersBrew"},{"floor":14,"key":"Fire Potion"},{"floor":16,"key":"AttackPotion"},{"floor":18,"key":"EssenceOfSteel"}],"is_trial":false,"path_per_floor":["M","M","M","?","M","R","M","R","T","E","$","M","$","M","R","B",null,"M","?","M","M","M","R","E","R","T","R","M","E"],"character_chosen":"IRONCLAD","items_purchased":["PanicButton"],"campfire_rested":1,"item_purchase_floors":[11],"current_hp_per_floor":[74,64,64,64,66,66,63,63,63,58,58,48,48,57,57,41,72,70,70,60,49,50,50,55,55,55,79,62,0],"gold":233,"neow_bonus":"TEN_PERCENT_HP_BONUS","is_prod":false,"is_daily":false,"chose_seed":false,"campfire_upgraded":5,"win_rate":0,"timestamp":1552935842,"path_taken":["M","M","M","?","M","R","M","R","T","E","$","M","$","M","R","BOSS","M","?","M","M","M","R","E","R","T","R","M","E"],"build_version":"2019-03-15","purchased_purges":0,"victory":false,"max_hp_per_floor":[82,82,82,82,82,82,82,82,82,82,82,82,82,82,82,82,82,82,82,82,82,82,82,82,82,82,82,82,82],"card_choices":[{"not_picked":["Headbutt","Shrug It Off"],"picked":"Perfected Strike","floor":1},{"not_picked":["Twin Strike","Evolve"],"picked":"Pommel Strike","floor":2},{"not_picked":["Reckless Charge","Clothesline"],"picked":"Spot Weakness","floor":3},{"not_picked":["Entrench","Havoc"],"picked":"Battle Trance","floor":5},{"not_picked":["Fire Breathing","Dropkick"],"picked":"Metallicize","floor":7},{"not_picked":["Cleave","Flex"],"picked":"Double Tap","floor":10},{"not_picked":["Infernal Blade","Perfected Strike"],"picked":"Twin Strike","floor":12},{"not_picked":["Armaments","Dropkick"],"picked":"Metallicize","floor":14},{"not_picked":["Fiend Fire","Impervious"],"picked":"Demon Form","floor":16},{"not_picked":["Shrug It Off","Body Slam"],"picked":"Pommel Strike","floor":18},{"not_picked":["Clash","True Grit"],"picked":"Anger","floor":20},{"not_picked":["Heavy Blade","True Grit"],"picked":"Shrug It Off","floor":21},{"not_picked":["Heavy Blade","Sever Soul"],"picked":"Iron Wave","floor":22},{"not_picked":["Flex","Offering"],"picked":"Iron Wave","floor":24},{"not_picked":["Whirlwind","Pommel Strike","Blood for Blood"],"picked":"Flame Barrier","floor":28}],"player_experience":568321,"relics_obtained":[{"floor":9,"key":"Meat on the Bone"},{"floor":10,"key":"Lantern"},{"floor":24,"key":"Bottled Lightning"},{"floor":26,"key":"Question Card"}],"event_choices":[{"damage_healed":0,"gold_gain":0,"player_choice":"Ignored","damage_taken":0,"max_hp_gain":0,"max_hp_loss":0,"event_name":"Liars Game","floor":4,"gold_loss":0},{"damage_healed":0,"gold_gain":0,"player_choice":"Obtained Relic","damage_taken":0,"relics_obtained":["Gambling Chip"],"max_hp_gain":0,"max_hp_loss":0,"event_name":"Addict","floor":19,"gold_loss":85}],"is_beta":true,"boss_relics":[{"not_picked":["Runic Dome","Runic Cube"],"picked":"Mark of Pain"}],"items_purged_floors":[],"is_endless":false,"potions_floor_spawned":[7,10,14,16,18],"killed_by":"Slavers","ascension_level":18}