{"gold_per_floor":[116,136,151,93,93,93,124,137,137,137,171,190,190,190,190,288,288,301,326,349,349,363,363],"floor_reached":23,"playtime":937,"items_purged":[],"score":456,"play_id":"39acd8df-255f-47fe-8b17-52533bbd9466","local_time":"20180921230314","is_ascension_mode":true,"campfire_choices":[{"floor":6.0,"key":"REST"},{"floor":10.0,"key":"REST"},{"data":"Zap","floor":13.0,"key":"SMITH"},{"data":"Conserve Battery","floor":15.0,"key":"SMITH"}],"neow_cost":"NONE","seed_source_timestamp":741839051605855,"circlet_count":0,"master_deck":["Strike_B","Strike_B","Strike_B+1","Strike_B+1","Defend_B","Defend_B","Defend_B","Defend_B","Zap+1","Dualcast","AscendersBane","FTL","FTL","Conserve Battery+1","All For One","Streamline","Auto Shields","Hyperbeam","Leap","Rebound","Sunder","Cold Snap+1"],"special_seed":0,"relics":["Cracked Core","Art of War","FossilizedHelix","Blue Candle","Ornamental Fan","Golden Idol","Cursed Key"],"potions_floor_usage":[23],"damage_taken":[{"damage":1.0,"enemies":"Cultist","floor":1.0,"turns":3.0},{"damage":4.0,"enemies":"Small Slimes","floor":2.0,"turns":3.0},{"damage":12.0,"enemies":"Jaw Worm","floor":3.0,"turns":2.0},{"damage":20.0,"enemies":"3 Sentries","floor":7.0,"turns":5.0},{"damage":0.0,"enemies":"3 Louse","floor":8.0,"turns":2.0},{"damage":0.0,"enemies":"Lagavulin","floor":11.0,"turns":4.0},{"damage":9.0,"enemies":"Lots of Slimes","floor":12.0,"turns":4.0},{"damage":6.0,"enemies":"The Guardian","floor":16.0,"turns":12.0},{"damage":9.0,"enemies":"Chosen","floor":18.0,"turns":4.0},{"damage":0.0,"enemies":"2 Thieves","floor":19.0,"turns":3.0},{"damage":0.0,"enemies":"Snecko","floor":20.0,"turns":3.0},{"damage":0,"enemies":"3 Cultists","floor":22,"turns":4},{"damage":47,"enemies":"Book of Stabbing","floor":23,"turns":3}],"seed_played":"-3507086363459680835","potions_obtained":[{"floor":3.0,"key":"Dexterity Potion"},{"floor":8.0,"key":"GamblersBrew"},{"floor":12.0,"key":"FocusPotion"},{"floor":18.0,"key":"Fire Potion"}],"is_trial":false,"path_per_floor":["M","M","M","$","?","R","E","M","T","R","E","M","R","?","R","B",null,"M","M","M","?","M"],"character_chosen":"DEFECT","items_purchased":["Explosive Potion"],"campfire_rested":2,"item_purchase_floors":[4],"current_hp_per_floor":[63,59,47,47,26,47,27,27,27,48,48,39,39,15,15,9,56,47,47,47,47,47,0],"gold":363,"neow_bonus":"RANDOM_COMMON_RELIC","is_prod":false,"is_daily":false,"chose_seed":false,"campfire_upgraded":2,"win_rate":0,"timestamp":1537585394,"path_taken":["M","?","?","$","?","R","E","M","T","R","E","M","R","?","R","BOSS","M","M","M","?","M","E"],"build_version":"2018-09-20","purchased_purges":0,"victory":false,"max_hp_per_floor":[71,71,71,71,71,71,71,71,71,71,71,71,71,71,71,71,71,71,71,71,71,71,71],"card_choices":[{"not_picked":["Redo","Hologram"],"picked":"FTL","floor":1.0},{"not_picked":["Go for the Eyes","Rip and Tear"],"picked":"FTL","floor":2.0},{"not_picked":["Rebound","Force Field"],"picked":"Conserve Battery","floor":3.0},{"not_picked":["Capacitor","Coolheaded"],"picked":"All For One","floor":7.0},{"not_picked":["Ball Lightning","Fusion"],"picked":"Streamline","floor":8.0},{"not_picked":["Force Field","Redo","Sweeping Beam"],"picked":"SKIP","floor":11.0},{"not_picked":["Force Field","Doom and Gloom"],"picked":"Auto Shields","floor":12.0},{"not_picked":["Meteor Strike","Thunder Strike"],"picked":"Hyperbeam","floor":16.0},{"not_picked":["Double Energy","Ball Lightning"],"picked":"Leap","floor":18.0},{"not_picked":["Glacier","Ball Lightning"],"picked":"Rebound","floor":19.0},{"not_picked":["Auto Shields","Turbo+1"],"picked":"Sunder","floor":20.0},{"not_picked":["Cold Snap+1","Barrage","Loop"],"picked":"SKIP","floor":22},{"not_picked":["Barrage","Loop"],"picked":"Cold Snap+1","floor":22}],"player_experience":880117,"relics_obtained":[{"floor":7.0,"key":"FossilizedHelix"},{"floor":9.0,"key":"Blue Candle"},{"floor":11.0,"key":"Ornamental Fan"}],"event_choices":[{"event_name":"Shining Light","player_choice":"Entered Light","floor":5.0,"damage_taken":0.0},{"event_name":"Golden Idol","player_choice":"Take Damage","floor":14.0,"damage_taken":0.0},{"event_name":"Cursed Tome","player_choice":"Ignored","floor":21,"damage_taken":0}],"is_beta":false,"boss_relics":[{"not_picked":["Snecko Eye","Empty Cage"],"picked":"Cursed Key"}],"items_purged_floors":[],"is_endless":false,"potions_floor_spawned":[3,8,12,18,19],"killed_by":"Book of Stabbing","ascension_level":20}