{"gold_per_floor":[109,184,184,184,202,227,227,227,264,293,333,345,377,403,415,427],"floor_reached":16,"playtime":509,"items_purged":[],"score":155,"play_id":"7b0b8381-7feb-4ff0-ab9a-b5e0a954c993","local_time":"20181109182624","is_ascension_mode":true,"campfire_choices":[{"data":"True Grit","floor":7,"key":"SMITH"},{"data":"Dark Embrace","floor":12,"key":"SMITH"},{"data":"Flame Barrier","floor":15,"key":"SMITH"}],"neow_cost":"NONE","seed_source_timestamp":13905220662815,"circlet_count":0,"master_deck":["Strike_R","Strike_R","Strike_R","Strike_R","Strike_R","Defend_R+1","Defend_R","Defend_R","Defend_R+1","Bash","Heavy Blade","True Grit+1","Body Slam","Flex","Dark Embrace+1","Thunderclap","Flame Barrier+1"],"relics":["Burning Blood","NeowsBlessing","Boot","MawBank","Art of War","Dead Branch"],"potions_floor_usage":[11,11,14,16],"damage_taken":[{"damage":0,"enemies":"2 Louse","floor":1,"turns":1},{"damage":0,"enemies":"Small Slimes","floor":5,"turns":1},{"damage":0,"enemies":"Gremlin Nob","floor":6,"turns":1},{"damage":10,"enemies":"Jaw Worm","floor":10,"turns":5},{"damage":26,"enemies":"Lagavulin","floor":11,"turns":5},{"damage":8,"enemies":"Blue Slaver","floor":13,"turns":5},{"damage":22,"enemies":"Red Slaver","floor":14,"turns":4},{"damage":36,"enemies":"Slime Boss","floor":16,"turns":5}],"seed_played":"-2842975171604113712","potions_obtained":[{"floor":6,"key":"SteroidPotion"},{"floor":10,"key":"Fire Potion"},{"floor":11,"key":"SteroidPotion"},{"floor":13,"key":"FearPotion"}],"is_trial":false,"path_per_floor":["M","?","?","?","M","E","R","?","T","M","E","R","M","M","R","B"],"character_chosen":"IRONCLAD","items_purchased":[],"campfire_rested":0,"item_purchase_floors":[],"current_hp_per_floor":[80,69,53,58,64,70,70,67,67,63,43,43,41,25,25,0],"gold":427,"neow_bonus":"THREE_ENEMY_KILL","is_prod":false,"is_daily":false,"chose_seed":false,"campfire_upgraded":3,"win_rate":0,"timestamp":1541805984,"path_taken":["M","?","?","?","M","E","R","?","T","M","E","R","?","M","R","BOSS"],"build_version":"2018-11-08","purchased_purges":0,"victory":false,"max_hp_per_floor":[80,80,80,85,85,85,85,85,85,85,85,85,85,85,85,85],"card_choices":[{"not_picked":["Sever Soul","Dual Wield"],"picked":"Heavy Blade","floor":1},{"not_picked":["Searing Blow","Shockwave"],"picked":"True Grit","floor":5},{"not_picked":["Bloodletting","Intimidate"],"picked":"Body Slam","floor":6},{"not_picked":["Cleave","Warcry"],"picked":"Flex","floor":10},{"not_picked":["Twin Strike","Blood for Blood"],"picked":"Dark Embrace","floor":11},{"not_picked":["Iron Wave","Evolve"],"picked":"Thunderclap","floor":13},{"not_picked":["Iron Wave","Heavy Blade"],"picked":"Flame Barrier","floor":14}],"player_experience":112236,"relics_obtained":[{"floor":6,"key":"Boot"},{"floor":9,"key":"Art of War"},{"floor":11,"key":"Dead Branch"}],"event_choices":[{"damage_healed":0,"gold_gain":75,"player_choice":"Gather Gold","damage_taken":11,"max_hp_gain":0,"max_hp_loss":0,"event_name":"World of Goop","floor":2,"gold_loss":0},{"damage_healed":0,"gold_gain":0,"player_choice":"Entered Light","damage_taken":16,"max_hp_gain":0,"max_hp_loss":0,"event_name":"Shining Light","floor":3,"gold_loss":0,"cards_upgraded":["Defend_R","Defend_R"]},{"damage_healed":0,"gold_gain":0,"player_choice":"Donut","damage_taken":0,"max_hp_gain":5,"max_hp_loss":0,"event_name":"Big Fish","floor":4,"gold_loss":0},{"damage_healed":0,"gold_gain":0,"player_choice":"Success","damage_taken":3,"relics_obtained":["MawBank"],"max_hp_gain":0,"max_hp_loss":0,"event_name":"Scrap Ooze","floor":8,"gold_loss":0}],"is_beta":true,"boss_relics":[],"items_purged_floors":[],"is_endless":false,"potions_floor_spawned":[6,10,11,13],"killed_by":"Slime Boss","ascension_level":3}