{"path_per_floor":["M","M","M","M","M","E","R","?","T","R","$","?","R","M","R","B",null,"M","?","?","M","M","R","E","M","T","M","?","$","?","M","R"],"character_chosen":"DEFECT","items_purchased":["Beam Cell+1","Bottled Flame"],"gold_per_floor":[113,124,139,156,170,196,196,196,196,196,75,75,75,89,89,194,194,205,205,355,371,381,381,408,425,475,485,485,124,49,63,63,63],"floor_reached":33,"campfire_rested":3,"playtime":1306,"item_purchase_floors":[11,29],"current_hp_per_floor":[68,68,65,45,40,19,41,41,41,41,41,41,41,20,42,16,75,70,56,56,56,47,47,33,29,29,19,45,45,45,33,57,0],"items_purged":["Strike_B","Defend_B"],"gold":63,"score":269,"play_id":"9fd39ba5-2929-4720-a472-78365b861d2e","local_time":"20180608070138","is_prod":false,"is_daily":false,"chose_seed":false,"is_ascension_mode":false,"campfire_upgraded":3,"win_rate":0.0,"timestamp":1528466498,"campfire_choices":[{"floor":7,"key":"REST"},{"data":"Go for the Eyes","floor":10,"key":"SMITH"},{"data":"Cold Snap","floor":13,"key":"SMITH"},{"floor":15,"key":"REST"},{"data":"Beam Cell","floor":23,"key":"SMITH"},{"floor":32,"key":"REST"}],"path_taken":["M","M","M","M","M","E","R","?","T","R","$","?","R","?","R","BOSS","M","?","?","M","M","R","E","M","T","?","?","$","?","M","R","BOSS"],"build_version":"2018-06-07","seed_source_timestamp":1406310362701089,"purchased_purges":2,"victory":false,"master_deck":["Strike_B","Defend_B","Defend_B","Zap+1","Dualcast","Beam Cell+1","Go for the Eyes+1","Sweeping Beam","Melter","Cold Snap+1","Darkness","Beam Cell+1","Reboot","Rip and Tear+1","Melter+1","Ball Lightning+1","Sunder+1","Sweeping Beam+1"],"max_hp_per_floor":[75,75,75,75,75,75,75,75,75,75,75,75,75,75,75,75,75,75,80,80,80,80,80,80,80,80,80,80,80,80,80,80,80],"relics":["Cracked Core","Molten Egg 2","Centennial Puzzle","Nuclear Battery","Mercury Hourglass","Omamori","Bottled Flame"],"card_choices":[{"not_picked":["Stack","Hello World"],"picked":"Go for the Eyes","floor":1},{"not_picked":["Gash","Auto Shields"],"picked":"Sweeping Beam","floor":2},{"not_picked":["Sweeping Beam","Coolheaded"],"picked":"Melter","floor":3},{"not_picked":["Streamline","Auto Shields"],"picked":"Cold Snap","floor":4},{"not_picked":["Rebound","Stack"],"picked":"Darkness","floor":5},{"not_picked":["Coolheaded","Steam","Heatsinks"],"picked":"SKIP","floor":6},{"not_picked":["Capacitor","Force Field","Gash+1"],"picked":"SKIP","floor":14},{"not_picked":["Amplify","Thunder Strike+1"],"picked":"Reboot","floor":16},{"not_picked":["Scrape+1","Reinforced Body"],"picked":"Rip and Tear+1","floor":18},{"not_picked":["Streamline+1","Hologram"],"picked":"Melter+1","floor":21},{"not_picked":["Compile Driver+1","Sweeping Beam+1"],"picked":"Ball Lightning+1","floor":22},{"not_picked":["Steam+1","Redo"],"picked":"Sunder+1","floor":24},{"not_picked":["Steam","Rainbow","Barrage+1"],"picked":"SKIP","floor":25},{"not_picked":["Hologram+1","Genetic Algorithm+1"],"picked":"Sweeping Beam+1","floor":27},{"not_picked":["Compile Driver+1","Stack","Chill"],"picked":"SKIP","floor":31}],"player_experience":152324,"potions_floor_usage":[6,16,16,18,24,25],"damage_taken":[{"damage":7,"enemies":"Jaw Worm","floor":1,"turns":3},{"damage":0,"enemies":"Cultist","floor":2,"turns":2},{"damage":3,"enemies":"2 Louse","floor":3,"turns":2},{"damage":20,"enemies":"Lots of Slimes","floor":4,"turns":3},{"damage":5,"enemies":"Looter","floor":5,"turns":3},{"damage":21,"enemies":"3 Sentries","floor":6,"turns":5},{"damage":21,"enemies":"Exordium Thugs","floor":14,"turns":3},{"damage":26,"enemies":"The Guardian","floor":16,"turns":8},{"damage":5,"enemies":"3 Byrds","floor":18,"turns":3},{"damage":0,"enemies":"Spheric Guardian","floor":21,"turns":3},{"damage":9,"enemies":"Snecko","floor":22,"turns":4},{"damage":14,"enemies":"Book of Stabbing","floor":24,"turns":3},{"damage":4,"enemies":"3 Cultists","floor":25,"turns":3},{"damage":10,"enemies":"Snake Plant","floor":27,"turns":2},{"damage":12,"enemies":"Centurion and Healer","floor":31,"turns":2},{"damage":64,"enemies":"Champ","floor":33,"turns":6}],"relics_obtained":[{"floor":6,"key":"Molten Egg 2"},{"floor":9,"key":"Centennial Puzzle"},{"floor":24,"key":"Mercury Hourglass"},{"floor":26,"key":"Omamori"}],"event_choices":[{"event_name":"Wheel of Change","player_choice":"Card Removal","floor":8,"damage_taken":0},{"event_name":"Upgrade Shrine","player_choice":"Upgraded","floor":12,"damage_taken":0},{"event_name":"Forgotten Altar","player_choice":"Shed Blood","floor":19,"damage_taken":0},{"event_name":"Nest","player_choice":"Stole From Cult","floor":20,"damage_taken":0},{"event_name":"The Library","player_choice":"Heal","floor":28,"damage_taken":0},{"event_name":"Beggar","player_choice":"Gave Gold","floor":30,"damage_taken":0}],"boss_relics":[{"not_picked":["Snecko Eye","Tiny House"],"picked":"Nuclear Battery"}],"items_purged_floors":[11,29],"potions_floor_spawned":[2,5,6,14,16,24],"seed_played":"8086624482679505927","killed_by":"Champ","ascension_level":0,"potions_obtained":[{"floor":2,"key":"EssenceOfSteel"},{"floor":5,"key":"SteroidPotion"},{"floor":6,"key":"Poison Potion"},{"floor":14,"key":"Explosive Potion"},{"floor":16,"key":"Poison Potion"},{"floor":24,"key":"GamblersBrew"}],"is_trial":false}