{"gold_per_floor":[119,133,133,4,22,48,48,82,130,157,332,332,81,93,93,198,198,213,213,213,213,231,266,266,278,304,304],"floor_reached":27,"playtime":1737,"items_purged":["Strike_R","Doubt"],"score":398,"play_id":"eda54de2-dc3b-48df-a984-79d77aa1ad48","local_time":"20190206061500","is_ascension_mode":true,"campfire_choices":[{"data":"Havoc","floor":7,"key":"SMITH"},{"data":"Dual Wield","floor":15,"key":"SMITH"}],"neow_cost":"NONE","seed_source_timestamp":174720715998953,"circlet_count":0,"master_deck":["AscendersBane","Strike_R+1","Strike_R+1","Strike_R+1","Defend_R+1","Defend_R+1","Defend_R+1","Defend_R+1","Bash","Metallicize","Headbutt","Iron Wave","Iron Wave","Havoc+1","Bludgeon","Dual Wield+1","Inflame","Exhume","True Grit+1","Shockwave","Shrug It Off","Metallicize","Parasite"],"relics":["Burning Blood","NeowsBlessing","Meat on the Bone","Regal Pillow","Happy Flower","Calipers","Anchor","Cursed Key","Ornamental Fan","Nloth\u0027s Gift","Dream Catcher"],"potions_floor_usage":[8,10,16,18,23],"damage_taken":[{"damage":0,"enemies":"Small Slimes","floor":1,"turns":1},{"damage":0,"enemies":"Jaw Worm","floor":2,"turns":1},{"damage":0,"enemies":"2 Louse","floor":5,"turns":1},{"damage":29,"enemies":"Gremlin Nob","floor":6,"turns":5},{"damage":25,"enemies":"3 Sentries","floor":8,"turns":9},{"damage":6,"enemies":"Gremlin Nob","floor":10,"turns":3},{"damage":1,"enemies":"Red Slaver","floor":14,"turns":3},{"damage":43,"enemies":"Hexaghost","floor":16,"turns":8},{"damage":8,"enemies":"Shell Parasite","floor":18,"turns":3},{"damage":21,"enemies":"2 Thieves","floor":22,"turns":4},{"damage":34,"enemies":"Slavers","floor":23,"turns":6},{"damage":2,"enemies":"Shelled Parasite and Fungi","floor":25,"turns":5},{"damage":65,"enemies":"Gremlin Leader","floor":27,"turns":9}],"seed_played":"1425073434036912891","potions_obtained":[{"floor":1,"key":"SkillPotion"},{"floor":2,"key":"SteroidPotion"},{"floor":10,"key":"SteroidPotion"},{"floor":14,"key":"PowerPotion"},{"floor":16,"key":"Weak Potion"},{"floor":23,"key":"SpeedPotion"}],"is_trial":false,"path_per_floor":["M","M","?","$","M","E","R","E","T","E","?","T","$","M","R","B",null,"M","?","$","?","M","E","?","M","T","E"],"character_chosen":"IRONCLAD","items_purchased":["Iron Wave","Anchor"],"campfire_rested":0,"item_purchase_floors":[4,13],"current_hp_per_floor":[78,80,73,73,79,56,56,49,49,63,63,63,63,68,68,43,81,79,79,79,79,64,48,48,64,64,0],"gold":304,"neow_bonus":"THREE_ENEMY_KILL","is_prod":false,"is_daily":false,"chose_seed":false,"campfire_upgraded":2,"win_rate":0,"timestamp":1549451700,"path_taken":["M","M","?","$","M","E","R","E","T","E","?","?","$","M","R","BOSS","M","?","$","?","M","E","?","M","T","E"],"build_version":"2019-01-23","purchased_purges":2,"victory":false,"max_hp_per_floor":[80,80,80,80,80,80,80,80,80,94,94,94,94,94,94,94,94,94,94,94,94,94,94,94,94,94,94],"card_choices":[{"not_picked":["Intimidate","Body Slam"],"picked":"Metallicize","floor":1},{"not_picked":["Thunderclap","Rupture"],"picked":"Headbutt","floor":2},{"not_picked":["Flex","Thunderclap"],"picked":"Iron Wave","floor":5},{"not_picked":["Clothesline","Cleave"],"picked":"Havoc","floor":6},{"not_picked":["Perfected Strike","Intimidate"],"picked":"Bludgeon","floor":8},{"not_picked":["Infernal Blade","Clothesline"],"picked":"Dual Wield","floor":10},{"not_picked":["Wild Strike","Evolve"],"picked":"Inflame","floor":14},{"not_picked":["Fiend Fire","Offering"],"picked":"Exhume","floor":16},{"not_picked":["Sword Boomerang","Thunderclap"],"picked":"True Grit+1","floor":18},{"not_picked":["Carnage","Sword Boomerang"],"picked":"Shockwave","floor":22},{"not_picked":["Clothesline","Reckless Charge"],"picked":"Shrug It Off","floor":23},{"not_picked":["Fire Breathing","Perfected Strike"],"picked":"Metallicize","floor":25}],"player_experience":360420,"relics_obtained":[{"floor":6,"key":"Meat on the Bone"},{"floor":8,"key":"Regal Pillow"},{"floor":9,"key":"Happy Flower"},{"floor":10,"key":"Mango"},{"floor":12,"key":"Calipers"},{"floor":23,"key":"Ornamental Fan"},{"floor":26,"key":"Dream Catcher"}],"event_choices":[{"cards_removed":["Strike_R"],"damage_healed":0,"gold_gain":0,"player_choice":"Card Removal","damage_taken":7,"max_hp_gain":0,"max_hp_loss":0,"event_name":"Golden Wing","floor":3,"gold_loss":0},{"damage_healed":0,"gold_gain":175,"player_choice":"AGREE","damage_taken":0,"max_hp_gain":0,"max_hp_loss":0,"event_name":"Liars Game","floor":11,"gold_loss":0,"cards_obtained":["Doubt"]},{"damage_healed":0,"gold_gain":0,"player_choice":"Simplicity","damage_taken":0,"max_hp_gain":0,"max_hp_loss":0,"event_name":"Back to Basics","floor":19,"gold_loss":0,"cards_upgraded":["Strike_R","Strike_R","Strike_R","Defend_R","Defend_R","Defend_R","Defend_R"]},{"damage_healed":0,"gold_gain":0,"player_choice":"Ignored","damage_taken":0,"max_hp_gain":0,"max_hp_loss":0,"event_name":"Vampires","floor":21,"gold_loss":0},{"damage_healed":0,"gold_gain":0,"player_choice":"Traded Relic","damage_taken":0,"relics_obtained":["Nloth\u0027s Gift"],"max_hp_gain":0,"max_hp_loss":0,"event_name":"N\u0027loth","floor":24,"relics_lost":["Mango"],"gold_loss":0}],"is_beta":true,"boss_relics":[{"not_picked":["Astrolabe","Black Star"],"picked":"Cursed Key"}],"items_purged_floors":[4,13],"is_endless":false,"potions_floor_spawned":[1,2,10,14,16,23],"killed_by":"Gremlin Leader","ascension_level":12}