{"gold_per_floor":[115,115,135,135,135,167,167,187,187,217,217,231,231,284,284,389,439,449,374,374,385,13,13,26,26],"floor_reached":25,"playtime":607,"items_purged":["Strike_R+1"],"score":282,"play_id":"405c7c65-59ad-4823-901e-f89fe1be7dd2","local_time":"20190319045740","is_ascension_mode":true,"campfire_choices":[{"data":"Bloodletting","floor":7,"key":"SMITH"},{"data":"Whirlwind","floor":11,"key":"SMITH"},{"data":"Flame Barrier","floor":13,"key":"SMITH"},{"data":"Twin Strike","floor":15,"key":"SMITH"},{"data":"Searing Blow+1","floor":23,"key":"SMITH"}],"neow_cost":"NONE","seed_source_timestamp":245785834300445,"circlet_count":0,"master_deck":["Strike_R+1","Strike_R+1","Strike_R+1","Defend_R+1","Defend_R+1","Defend_R+1","Defend_R+1","Bash","Bloodletting+1","Twin Strike","Whirlwind+1","Flame Barrier+1","Twin Strike+1","Feed","Ghostly Armor","Headbutt+1","Searing Blow+2","Headbutt+1","Uppercut+1"],"relics":["Burning Blood","NeowsBlessing","FossilizedHelix","Ice Cream","Bottled Flame","Dodecahedron","Pen Nib","Tiny House","Molten Egg 2"],"potions_floor_usage":[8,12,16,16,16,16,16,17,24],"damage_taken":[{"damage":0,"enemies":"Small Slimes","floor":1,"turns":1},{"damage":0,"enemies":"Cultist","floor":3,"turns":1},{"damage":0,"enemies":"Lagavulin","floor":6,"turns":1},{"damage":0,"enemies":"2 Louse","floor":8,"turns":1},{"damage":14,"enemies":"Gremlin Nob","floor":10,"turns":4},{"damage":8,"enemies":"Blue Slaver","floor":12,"turns":3},{"damage":51,"enemies":"Hexaghost","floor":16,"turns":8},{"damage":30,"enemies":"Chosen","floor":18,"turns":5},{"damage":33,"enemies":"Shell Parasite","floor":21,"turns":6},{"damage":0,"enemies":"Shelled Parasite and Fungi","floor":24,"turns":1},{"damage":67,"enemies":"Gremlin Leader","floor":25,"turns":5}],"seed_played":"-4421149484083061565","potions_obtained":[{"floor":1,"key":"BloodPotion"},{"floor":2,"key":"AttackPotion"},{"floor":2,"key":"LiquidBronze"},{"floor":8,"key":"EssenceOfSteel"},{"floor":10,"key":"EntropicBrew"},{"floor":17,"key":"Fruit Juice"},{"floor":21,"key":"FearPotion"}],"is_trial":false,"path_per_floor":["M","?","M","?","?","E","R","M","T","E","R","M","R","T","R","B",null,"M","?","?","M","$","R","M","E"],"character_chosen":"IRONCLAD","items_purchased":["Molten Egg 2","Headbutt+1"],"campfire_rested":0,"item_purchase_floors":[22,22],"current_hp_per_floor":[80,80,80,73,78,84,84,85,85,77,77,83,83,83,83,38,95,74,74,74,47,47,47,53,0],"gold":26,"neow_bonus":"THREE_ENEMY_KILL","is_prod":false,"is_daily":false,"chose_seed":false,"campfire_upgraded":5,"win_rate":0,"timestamp":1552996660,"path_taken":["M","?","?","?","?","E","R","M","T","E","R","M","R","?","R","BOSS","M","?","?","M","$","R","M","E"],"build_version":"2019-01-23","purchased_purges":1,"victory":false,"max_hp_per_floor":[80,80,80,80,85,85,85,85,85,85,85,85,85,85,85,85,95,98,98,98,98,98,98,98,98],"card_choices":[{"not_picked":["Pommel Strike","Sentinel"],"picked":"Bloodletting","floor":1},{"not_picked":["Spot Weakness","Pummel"],"picked":"Twin Strike","floor":3},{"not_picked":["Power Through","Warcry"],"picked":"Whirlwind","floor":6},{"not_picked":["True Grit","Body Slam"],"picked":"Flame Barrier","floor":8},{"not_picked":["Anger","Shockwave"],"picked":"Twin Strike","floor":10},{"not_picked":["Clothesline","Iron Wave","Burning Pact"],"picked":"SKIP","floor":12},{"not_picked":["Limit Break","Immolate"],"picked":"Feed","floor":16},{"not_picked":["Carnage","Infernal Blade"],"picked":"Ghostly Armor","floor":17},{"not_picked":["Havoc","Anger"],"picked":"Headbutt+1","floor":18},{"not_picked":["Dropkick+1","Rupture"],"picked":"Searing Blow+1","floor":21},{"not_picked":["Feel No Pain","Clothesline+1"],"picked":"Uppercut+1","floor":24}],"player_experience":363675,"relics_obtained":[{"floor":6,"key":"Ice Cream"},{"floor":9,"key":"Bottled Flame"},{"floor":10,"key":"Dodecahedron"},{"floor":14,"key":"Pen Nib"}],"event_choices":[{"damage_healed":0,"gold_gain":0,"player_choice":"Got Potions","damage_taken":0,"max_hp_gain":0,"max_hp_loss":0,"event_name":"Lab","floor":2,"gold_loss":0},{"damage_healed":0,"gold_gain":0,"player_choice":"Success","damage_taken":7,"relics_obtained":["FossilizedHelix"],"max_hp_gain":0,"max_hp_loss":0,"event_name":"Scrap Ooze","floor":4,"gold_loss":0},{"damage_healed":0,"gold_gain":0,"player_choice":"Donut","damage_taken":0,"max_hp_gain":5,"max_hp_loss":0,"event_name":"Big Fish","floor":5,"gold_loss":0},{"cards_removed":["Strike_R"],"damage_healed":0,"gold_gain":0,"player_choice":"Gave Gold","damage_taken":0,"max_hp_gain":0,"max_hp_loss":0,"event_name":"Beggar","floor":19,"gold_loss":75},{"damage_healed":0,"gold_gain":0,"player_choice":"Simplicity","damage_taken":0,"max_hp_gain":0,"max_hp_loss":0,"event_name":"Back to Basics","floor":20,"gold_loss":0,"cards_upgraded":["Strike_R","Strike_R","Strike_R","Strike_R","Defend_R","Defend_R","Defend_R"]}],"is_beta":false,"boss_relics":[{"not_picked":["Philosopher\u0027s Stone","Sozu"],"picked":"Tiny House"}],"items_purged_floors":[22],"is_endless":false,"potions_floor_spawned":[1,8,10,21],"killed_by":"Gremlin Leader","ascension_level":2}