{"path_per_floor":["M","?","?","M","?","R","$","M","T","R","$","M","R","?","R","B",null,"M","$","?","?","?","R","E","M","T","R","M","M","$","M","R","B",null,"M","?","M","?","M","E","R","M","T","M","T","$","R","?","R","B"],"character_chosen":"IRONCLAD","items_purchased":["Shrug It Off","Iron Wave","Shrug It Off"],"gold_per_floor":[111,111,186,205,205,205,53,73,73,73,20,36,36,1,1,100,100,114,14,14,14,14,14,71,88,114,114,130,144,19,35,35,137,137,147,147,157,157,171,201,201,221,221,235,235,85,85,85,85,85],"floor_reached":51,"campfire_rested":1,"playtime":3586,"current_hp_per_floor":[80,80,69,62,62,62,62,63,63,63,63,65,65,80,80,42,80,80,77,77,61,61,61,17,21,21,44,46,43,43,52,52,52,77,77,77,68,58,77,77,77,77,77,77,77,77,77,77,77,75],"items_purged":["Regret","Parasite","Strike_R","Strike_R"],"gold":85,"play_id":"cd105be0-fca0-4c99-aee4-9c058a4b6da7","is_prod":false,"is_daily":false,"campfire_rituals":0,"campfire_upgraded":9,"is_hardmode":false,"path_taken":["M","?","?","M","?","R","$","M","T","R","?","M","R","?","R","BOSS","M","$","?","?","?","R","E","M","T","R","M","?","?","M","R","BOSS","M","?","M","?","M","E","R","?","T","M","?","$","R","?","R","BOSS"],"build_version":"2018-01-11-PROD2","purchased_purges":4,"victory":true,"master_deck":["Strike_R","Strike_R","Defend_R","Defend_R","Defend_R","Bash","Shrug It Off","Juggernaut","Shrug It Off","Iron Wave","Shrug It Off","Barricade","Shrug It Off","Shrug It Off","Body Slam","Metallicize","Warcry","Impervious","Flame Barrier","Reaper","Madness","Madness","Shrug It Off","Flame Barrier","Shrug It Off"],"max_hp_per_floor":[80,80,80,80,80,80,80,80,80,80,80,80,80,80,80,80,80,80,77,77,77,77,77,77,77,77,77,77,77,77,77,77,77,77,77,77,77,77,77,77,77,77,77,77,77,77,77,77,77,77],"relics":["Burning Blood","Oddly Smooth Stone","Magic Flower","Velvet Choker","Enchiridion","Tiny Chest","Anchor","Black Star","Happy Flower","Bronze Scales","Unceasing Top","Charon\u0027s Ashes"],"campfire_meditates":0,"card_choices":[{"not_picked":["Anger","Iron Wave"],"picked":"Juggernaut"},{"not_picked":["Limit Break","Demon Form"],"picked":"Barricade"},{"not_picked":["Burning Pact","Iron Wave"],"picked":"Shrug It Off"},{"not_picked":["Anger","Perfected Strike"],"picked":"Body Slam"},{"not_picked":["Thunderclap","Armaments"],"picked":"Metallicize"},{"not_picked":["Clash","Wild Strike"],"picked":"Warcry"},{"not_picked":["Brutality","Immolate"],"picked":"Impervious"},{"not_picked":["Wild Strike","Clash"],"picked":"Flame Barrier"},{"not_picked":["Clash","Iron Wave"],"picked":"Reaper"},{"not_picked":["Whirlwind","Rupture"],"picked":"Shrug It Off"},{"not_picked":["Headbutt","Reaper"],"picked":"Flame Barrier"},{"not_picked":["Heavy Blade","True Grit"],"picked":"Shrug It Off"}],"player_experience":47488,"potions_floor_usage":[16,25,33,39,40],"damage_taken":[{"damage":0,"enemies":"Small Slimes","floor":1,"turns":4},{"damage":13,"enemies":"Cultist","floor":4,"turns":5},{"damage":5,"enemies":"Jaw Worm","floor":8,"turns":5},{"damage":7,"enemies":"Large Slime","floor":12,"turns":7},{"damage":47,"enemies":"Slime Boss","floor":16,"turns":13},{"damage":8,"enemies":"Chosen","floor":18,"turns":7},{"damage":53,"enemies":"Gremlin Leader","floor":24,"turns":10},{"damage":5,"enemies":"3 Byrds","floor":25,"turns":4},{"damage":7,"enemies":"Snecko","floor":28,"turns":7},{"damage":12,"enemies":"Snake Plant","floor":29,"turns":5},{"damage":0,"enemies":"3 Cultists","floor":31,"turns":6},{"damage":9,"enemies":"Collector","floor":33,"turns":10},{"damage":0,"enemies":"3 Shapes","floor":35,"turns":6},{"damage":18,"enemies":"Orb Walker","floor":37,"turns":4},{"damage":0,"enemies":"Sphere and 2 Shapes","floor":39,"turns":7},{"damage":6,"enemies":"Nemesis","floor":40,"turns":13},{"damage":3,"enemies":"4 Shapes","floor":42,"turns":8},{"damage":0,"enemies":"Maw","floor":44,"turns":8},{"damage":16,"enemies":"Time Eater","floor":50,"turns":9}],"event_choices":[{"event_name":"Liars Game","player_choice":"disagreed","floor":2,"damage_taken":0},{"event_name":"World of Goop","player_choice":"Gather Gold","floor":3,"damage_taken":0},{"event_name":"Big Fish","player_choice":"Box","floor":5,"damage_taken":0},{"event_name":"The Cleric","player_choice":"Healed","floor":14,"damage_taken":0},{"event_name":"Beggar","player_choice":"Ignored","floor":20,"damage_taken":0},{"event_name":"Cursed Tome","player_choice":"Obtained Book","floor":21,"damage_taken":0},{"event_name":"The Library","player_choice":"Read","floor":22,"damage_taken":0},{"event_name":"Winding Halls","player_choice":"Embrace Madness","floor":38,"damage_taken":0},{"event_name":"Mysterious Sphere","player_choice":"Ignore","floor":48,"damage_taken":0}],"boss_relics":[{"not_picked":["Philosopher\u0027s Stone","Runic Dome"],"picked":"Velvet Choker"},{"not_picked":["Orrery","Mark of Pain"],"picked":"Black Star"}],"potions_floor_spawned":[12,24,31,35,37,42],"seed_played":"-1302603308081001746","is_trial":false}