{"gold_per_floor":[116,21,21,39,39,72,92,92,92,103,103,103,134,134,134,254,317,338,359,359,359,359,359,47,47,127,7,28,44,58,97,97,97],"floor_reached":33,"playtime":1097,"items_purged":["Injury"],"score":313,"play_id":"aef0f454-fd6d-4ef3-8866-e0cc3cebbb81","local_time":"20190127080318","is_ascension_mode":false,"campfire_choices":[{"data":"Neutralize","floor":8,"key":"SMITH"},{"data":"Swift Strike","floor":15,"key":"SMITH"},{"data":"Cloak And Dagger","floor":23,"key":"SMITH"},{"data":"Accuracy","floor":25,"key":"SMITH"},{"floor":32,"key":"REST"}],"neow_cost":"NONE","seed_source_timestamp":3363370398161,"circlet_count":0,"master_deck":["Defend_G","Defend_G","Defend_G","Defend_G","Defend_G","Strike_G","Strike_G+1","Strike_G","Strike_G","Strike_G","Survivor","Neutralize+1","Blade Dance","Swift Strike+1","Cloak And Dagger","Cloak And Dagger+1","Backstab","Backstab","Accuracy+1"],"relics":["Ring of the Snake","NeowsBlessing","Dream Catcher","The Courier","Meat on the Bone","Golden Idol","Odd Mushroom","Tingsha","Tiny House","Singing Bowl","Pantograph","Orichalcum","Mercury Hourglass"],"potions_floor_usage":[16,16,16,18,28,30,31],"damage_taken":[{"damage":0,"enemies":"Jaw Worm","floor":1,"turns":1},{"damage":0,"enemies":"2 Louse","floor":4,"turns":1},{"damage":0,"enemies":"3 Sentries","floor":6,"turns":1},{"damage":0,"enemies":"Small Slimes","floor":7,"turns":3},{"damage":2,"enemies":"2 Fungi Beasts","floor":10,"turns":4},{"damage":12,"enemies":"The Mushroom Lair","floor":13,"turns":5},{"damage":45,"enemies":"The Guardian","floor":16,"turns":17},{"damage":20,"enemies":"3 Byrds","floor":18,"turns":7},{"damage":13,"enemies":"Shell Parasite","floor":19,"turns":7},{"damage":1,"enemies":"Shelled Parasite and Fungi","floor":28,"turns":4},{"damage":19,"enemies":"Centurion and Healer","floor":29,"turns":6},{"damage":12,"enemies":"Snake Plant","floor":30,"turns":5},{"damage":16,"enemies":"Slavers","floor":31,"turns":6},{"damage":94,"enemies":"Automaton","floor":33,"turns":6}],"seed_played":"5303516497727116448","potions_obtained":[{"floor":6,"key":"GhostInAJar"},{"floor":7,"key":"Poison Potion"},{"floor":13,"key":"Dexterity Potion"},{"floor":17,"key":"Fruit Juice"},{"floor":19,"key":"AttackPotion"},{"floor":29,"key":"PowerPotion"},{"floor":30,"key":"GamblersBrew"}],"is_trial":false,"path_per_floor":["M","$","?","M","?","E","M","R","T","M","?","?","?","T","R","B",null,"M","M","?","?","$","R","$","R","T","$","M","M","M","E","R","B"],"character_chosen":"THE_SILENT","items_purchased":["Swift Strike","Singing Bowl","Accuracy","Orichalcum"],"campfire_rested":1,"item_purchase_floors":[2,24,24,27],"current_hp_per_floor":[70,70,63,63,63,63,63,63,63,61,61,61,49,49,49,16,75,60,47,47,47,47,47,47,47,47,47,48,43,45,43,71,0],"gold":97,"neow_bonus":"THREE_ENEMY_KILL","is_prod":false,"is_daily":false,"chose_seed":false,"campfire_upgraded":4,"win_rate":0,"timestamp":1548604998,"path_taken":["M","$","?","M","?","E","M","R","T","M","?","?","?","?","R","BOSS","M","M","?","?","$","R","$","R","T","?","M","M","?","E","R","BOSS"],"build_version":"2019-01-23","purchased_purges":1,"victory":false,"max_hp_per_floor":[70,70,70,70,70,70,70,70,70,70,70,70,70,70,70,70,75,80,80,80,80,80,80,80,80,80,80,82,84,86,88,90,90],"card_choices":[{"not_picked":["Quick Slash","Sucker Punch"],"picked":"Blade Dance","floor":1},{"not_picked":["Concentrate","Quick Slash"],"picked":"Cloak And Dagger","floor":4},{"not_picked":["Leg Sweep","Sucker Punch"],"picked":"Cloak And Dagger","floor":6},{"not_picked":["Dodge and Roll","Bouncing Flask","Blur"],"picked":"SKIP","floor":7},{"not_picked":["Dagger Spray","Eviscerate","Escape Plan"],"picked":"SKIP","floor":10},{"not_picked":["Catalyst","Quick Slash"],"picked":"Backstab","floor":17},{"not_picked":["Flying Knee","Distraction+1"],"picked":"Backstab","floor":18},{"not_picked":["Outmaneuver+1","Bane","Terror"],"picked":"SKIP","floor":19},{"not_picked":["All Out Attack+1","Riddle With Holes","Flying Knee"],"picked":"Singing Bowl","floor":28},{"not_picked":["PiercingWail","Sucker Punch","Skewer"],"picked":"Singing Bowl","floor":29},{"not_picked":["Dagger Throw+1","Dagger Spray","Predator"],"picked":"Singing Bowl","floor":30},{"not_picked":["Flechettes+1","Malaise","Blur"],"picked":"Singing Bowl","floor":31},{"not_picked":["Predator","Eviscerate","Poisoned Stab"],"picked":"Singing Bowl","floor":32}],"player_experience":199162,"relics_obtained":[{"floor":6,"key":"The Courier"},{"floor":9,"key":"Meat on the Bone"},{"floor":13,"key":"Odd Mushroom"},{"floor":14,"key":"Tingsha"},{"floor":26,"key":"Pantograph"},{"floor":31,"key":"Mercury Hourglass"}],"event_choices":[{"damage_healed":0,"gold_gain":0,"player_choice":"Success","damage_taken":7,"relics_obtained":["Dream Catcher"],"max_hp_gain":0,"max_hp_loss":0,"event_name":"Scrap Ooze","floor":3,"gold_loss":0},{"damage_healed":0,"gold_gain":0,"player_choice":"Ignored","damage_taken":0,"max_hp_gain":0,"max_hp_loss":0,"event_name":"Shining Light","floor":5,"gold_loss":0},{"damage_healed":0,"gold_gain":0,"player_choice":"Take Wound","damage_taken":0,"relics_obtained":["Golden Idol"],"max_hp_gain":0,"max_hp_loss":0,"event_name":"Golden Idol","floor":11,"gold_loss":0,"cards_obtained":["Injury"]},{"damage_healed":0,"gold_gain":0,"player_choice":"Ignored","damage_taken":0,"max_hp_gain":0,"max_hp_loss":0,"event_name":"Liars Game","floor":12,"gold_loss":0},{"damage_healed":0,"gold_gain":0,"player_choice":"Fought Mushrooms","damage_taken":0,"max_hp_gain":0,"max_hp_loss":0,"event_name":"Mushrooms","floor":13,"gold_loss":0},{"damage_healed":0,"gold_gain":0,"player_choice":"Ignored","damage_taken":0,"max_hp_gain":0,"max_hp_loss":0,"event_name":"Ghosts","floor":20,"gold_loss":0},{"damage_healed":0,"gold_gain":0,"player_choice":"Ignored","damage_taken":0,"max_hp_gain":0,"max_hp_loss":0,"event_name":"Vampires","floor":21,"gold_loss":0}],"is_beta":false,"boss_relics":[{"not_picked":["Ectoplasm","Coffee Dripper"],"picked":"Tiny House"}],"items_purged_floors":[24],"is_endless":false,"potions_floor_spawned":[6,7,13,19,29,30],"killed_by":"Automaton","ascension_level":0}