{"gold_per_floor":[111,111,111,122,122,122,156,156,156,156,171,171,184,200,200,200],"floor_reached":16,"playtime":551,"items_purged":[],"score":200,"play_id":"60d73d98-e1c2-4ecd-b7b0-cd9d20850f74","local_time":"20190318190948","is_ascension_mode":true,"campfire_choices":[{"data":"Cloak And Dagger","floor":6,"key":"SMITH"},{"data":"Dagger Throw","floor":8,"key":"SMITH"},{"floor":10,"key":"REST"},{"data":"Dodge and Roll","floor":12,"key":"SMITH"},{"data":"Deadly Poison","floor":15,"key":"SMITH"}],"neow_cost":"NONE","seed_source_timestamp":485088042141520,"circlet_count":0,"master_deck":["AscendersBane","Defend_G","Defend_G","Defend_G","Defend_G","Defend_G","Strike_G","Strike_G","Strike_G","Strike_G","Survivor","Neutralize+1","Cloak And Dagger+1","Dodge and Roll+1","PiercingWail","Dagger Throw+1","Deadly Poison+1","Poisoned Stab"],"relics":["Ring of the Snake","Golden Idol","Singing Bowl","Art of War"],"potions_floor_usage":[7,16],"damage_taken":[{"damage":19,"enemies":"Jaw Worm","floor":1,"turns":8},{"damage":0,"enemies":"Cultist","floor":4,"turns":5},{"damage":25,"enemies":"3 Sentries","floor":7,"turns":18},{"damage":0,"enemies":"2 Louse","floor":11,"turns":2},{"damage":2,"enemies":"Blue Slaver","floor":13,"turns":3},{"damage":0,"enemies":"Gremlin Gang","floor":14,"turns":5},{"damage":33,"enemies":"Hexaghost","floor":16,"turns":9}],"seed_played":"-7677281618119625551","potions_obtained":[{"floor":1,"key":"Energy Potion"},{"floor":13,"key":"Fire Potion"}],"is_trial":false,"path_per_floor":["M","?","?","M","?","R","E","R","T","R","M","R","M","M","R","B"],"character_chosen":"THE_SILENT","items_purchased":[],"campfire_rested":1,"item_purchase_floors":[],"current_hp_per_floor":[40,40,40,40,40,40,15,15,15,33,35,35,33,33,33,0],"gold":200,"neow_bonus":"THREE_CARDS","is_prod":false,"is_daily":false,"chose_seed":false,"campfire_upgraded":4,"win_rate":0,"timestamp":1552950588,"path_taken":["M","?","?","?","?","R","E","R","T","R","M","R","M","M","R","BOSS"],"build_version":"2019-03-15","purchased_purges":0,"victory":false,"max_hp_per_floor":[66,66,66,66,60,60,60,60,60,60,62,62,62,62,62,62],"card_choices":[{"not_picked":["Endless Agony","Backflip"],"picked":"Cloak And Dagger","floor":0},{"not_picked":["Outmaneuver","Acrobatics"],"picked":"Dodge and Roll","floor":1},{"not_picked":["Finisher","Slice"],"picked":"PiercingWail","floor":4},{"not_picked":["Backstab","Flechettes"],"picked":"Dagger Throw","floor":7},{"not_picked":["Sucker Punch","Dodge and Roll","Dagger Throw"],"picked":"Singing Bowl","floor":11},{"not_picked":["PiercingWail","Backflip"],"picked":"Deadly Poison","floor":13},{"not_picked":["All Out Attack","Outmaneuver"],"picked":"Poisoned Stab","floor":14}],"player_experience":1136313,"relics_obtained":[{"floor":7,"key":"Singing Bowl"},{"floor":9,"key":"Art of War"}],"event_choices":[{"damage_healed":0,"gold_gain":0,"player_choice":"Grow","damage_taken":0,"max_hp_gain":0,"max_hp_loss":0,"event_name":"Living Wall","floor":2,"gold_loss":0,"cards_upgraded":["Neutralize"]},{"cards_removed":["Strike_G"],"damage_healed":0,"gold_gain":0,"player_choice":"Purged","damage_taken":0,"max_hp_gain":0,"max_hp_loss":0,"event_name":"Purifier","floor":3,"gold_loss":0},{"damage_healed":0,"gold_gain":0,"player_choice":"Lose Max HP","damage_taken":0,"relics_obtained":["Golden Idol"],"max_hp_gain":0,"max_hp_loss":6,"event_name":"Golden Idol","floor":5,"gold_loss":0}],"is_beta":true,"boss_relics":[],"items_purged_floors":[],"is_endless":false,"potions_floor_spawned":[1,13],"killed_by":"Hexaghost","ascension_level":20}