{"gold_per_floor":[112,262,262,281,0,33,33,33,33,47,62,62,77,112,112,189,189,209,221,253,271,271,271],"floor_reached":23,"playtime":630,"items_purged":["Doubt"],"score":452,"play_id":"dcbabe4b-cf5b-4cb7-b60a-69d7393bec9e","local_time":"20190307105620","is_ascension_mode":true,"campfire_choices":[{"floor":8.0,"key":"REST"},{"data":"Catalyst","floor":12.0,"key":"SMITH"},{"data":"Bouncing Flask","floor":15.0,"key":"SMITH"}],"neow_cost":"NONE","seed_source_timestamp":29877991349257,"circlet_count":0,"master_deck":["AscendersBane","Defend_G","Defend_G","Defend_G","Defend_G","Defend_G","Strike_G","Strike_G","Strike_G","Strike_G","Strike_G","Survivor","Neutralize","PiercingWail","Bouncing Flask+1","Caltrops","Dash","Catalyst+1","Corpse Explosion","Burst","Leg Sweep","Footwork"],"special_seed":0,"relics":["Ring of the Snake","NeowsBlessing","Dream Catcher","Lantern","Pantograph","Bag of Marbles","Smiling Mask","Sozu","Red Mask"],"potions_floor_usage":[],"damage_taken":[{"damage":0.0,"enemies":"Small Slimes","floor":1.0,"turns":1.0},{"damage":0.0,"enemies":"2 Louse","floor":4.0,"turns":1.0},{"damage":0.0,"enemies":"3 Sentries","floor":6.0,"turns":1.0},{"damage":0.0,"enemies":"Jaw Worm","floor":10.0,"turns":3.0},{"damage":6.0,"enemies":"Exordium Wildlife","floor":11.0,"turns":6.0},{"damage":1.0,"enemies":"Looter","floor":13.0,"turns":4.0},{"damage":6.0,"enemies":"Lagavulin","floor":14.0,"turns":6.0},{"damage":8.0,"enemies":"The Guardian","floor":16.0,"turns":6.0},{"damage":0.0,"enemies":"3 Byrds","floor":18.0,"turns":2.0},{"damage":23.0,"enemies":"2 Thieves","floor":19.0,"turns":3.0},{"damage":0.0,"enemies":"Masked Bandits","floor":20.0,"turns":1.0},{"damage":11.0,"enemies":"Chosen and Byrds","floor":21.0,"turns":4.0},{"damage":34,"enemies":"Gremlin Leader","floor":23,"turns":6}],"seed_played":"-1310967506003000745","potions_obtained":[{"floor":1.0,"key":"FearPotion"},{"floor":4.0,"key":"Energy Potion"},{"floor":14.0,"key":"SpeedPotion"}],"is_trial":false,"path_per_floor":["M","?","?","M","$","E","$","R","T","M","M","R","M","E","R","B",null,"M","M","?","M","?","E"],"character_chosen":"THE_SILENT","items_purchased":["Lantern","Caltrops"],"campfire_rested":1,"item_purchase_floors":[5,5],"current_hp_per_floor":[59,59,14,14,14,14,14,33,33,33,27,27,26,20,20,37,59,59,36,36,25,25,0],"gold":271,"neow_bonus":"THREE_ENEMY_KILL","is_prod":false,"is_daily":false,"chose_seed":false,"campfire_upgraded":2,"win_rate":0,"timestamp":1551974180,"path_taken":["M","?","?","M","$","E","?","R","T","?","M","R","M","E","R","BOSS","M","M","?","M","?","E"],"build_version":"2019-02-06","purchased_purges":1,"victory":false,"max_hp_per_floor":[66,66,66,66,66,66,66,66,66,66,66,66,66,66,66,66,66,66,66,66,66,66,66],"card_choices":[{"not_picked":["Endless Agony","Blade Dance"],"picked":"PiercingWail","floor":1.0},{"not_picked":["All Out Attack","Slice"],"picked":"Bouncing Flask","floor":4.0},{"not_picked":["Dagger Throw","Blade Dance","Cloak And Dagger"],"picked":"SKIP","floor":6.0},{"not_picked":["Dagger Throw","Blade Dance","Cloak And Dagger"],"picked":"SKIP","floor":6.0},{"not_picked":["Blade Dance","Flying Knee"],"picked":"Dash","floor":8.0},{"not_picked":["Dagger Spray","Backflip"],"picked":"Catalyst","floor":10.0},{"not_picked":["Cloak And Dagger","Escape Plan"],"picked":"Corpse Explosion","floor":11.0},{"not_picked":["Slice","Riddle With Holes","Flechettes"],"picked":"SKIP","floor":13.0},{"not_picked":["Accuracy","Acrobatics","Cloak And Dagger"],"picked":"SKIP","floor":14.0},{"not_picked":["Die Die Die","Malaise"],"picked":"Burst","floor":16.0},{"not_picked":["Cloak And Dagger","Poisoned Stab","All Out Attack"],"picked":"SKIP","floor":18.0},{"not_picked":["Distraction","Expertise","Choke"],"picked":"SKIP","floor":19.0},{"not_picked":["Blade Dance","Predator"],"picked":"Leg Sweep","floor":20.0},{"not_picked":["Blade Dance","Choke","Reflex"],"picked":"SKIP","floor":21.0}],"player_experience":1062720,"relics_obtained":[{"floor":6.0,"key":"Pantograph"},{"floor":9.0,"key":"Bag of Marbles"},{"floor":14.0,"key":"Smiling Mask"},{"floor":20.0,"key":"Red Mask"}],"event_choices":[{"damage_healed":0.0,"max_hp_gain":0.0,"max_hp_loss":0.0,"gold_gain":150.0,"event_name":"Liars Game","player_choice":"AGREE","floor":2.0,"gold_loss":0.0,"damage_taken":0.0,"cards_obtained":["Doubt"]},{"damage_healed":0.0,"max_hp_gain":0.0,"max_hp_loss":0.0,"gold_gain":0.0,"event_name":"Scrap Ooze","player_choice":"Success","floor":3.0,"gold_loss":0.0,"damage_taken":45.0,"relics_obtained":["Dream Catcher"]},{"damage_healed":0.0,"max_hp_gain":0.0,"max_hp_loss":0.0,"gold_gain":0.0,"event_name":"Masked Bandits","player_choice":"Fought Bandits","floor":20.0,"gold_loss":0.0,"damage_taken":0.0},{"damage_healed":0.0,"max_hp_gain":0.0,"max_hp_loss":0.0,"gold_gain":0.0,"event_name":"The Library","player_choice":"Read","floor":22.0,"gold_loss":0.0,"damage_taken":0.0,"cards_obtained":["Footwork"]}],"is_beta":true,"boss_relics":[{"not_picked":["Orrery","Calling Bell"],"picked":"Sozu"}],"items_purged_floors":[5],"is_endless":false,"potions_floor_spawned":[1,4,14,19],"killed_by":"Gremlin Leader","ascension_level":20}