{"gold_per_floor":[359,374,158,158,4,37,37,64,76,88,130,206,244,274,286,393,405,429,441,471,483,508,554,546,558,570,582,606,618,645,657,669,782,794,819,831,224,241,259,259,276,276,301,314,325,325,325,13,13,13,13,13,13,44,44],"floor_reached":56,"playtime":4216,"items_purged":["Strike_B","Strike_B","Blizzard","Clumsy"],"score":1998,"play_id":"6a07a9a0-50f8-497b-8477-08aeca997806","local_time":"20181223185311","is_ascension_mode":true,"campfire_choices":[{"data":"Defragment","floor":7.0,"key":"SMITH"},{"floor":10.0,"key":"REST"},{"floor":15.0,"key":"REST"},{"data":"Fission","floor":25.0,"key":"SMITH"},{"data":"Defragment","floor":27.0,"key":"SMITH"},{"data":"Hologram","floor":29.0,"key":"SMITH"},{"data":"Consume","floor":32.0,"key":"SMITH"},{"data":"Apotheosis","floor":40.0,"key":"SMITH"},{"data":"Seek","floor":42.0,"key":"SMITH"},{"floor":47.0,"key":"RECALL"},{"floor":49.0,"key":"REST"},{"floor":52.0,"key":"REST"}],"neow_cost":"PERCENT_DAMAGE","seed_source_timestamp":0,"circlet_count":0,"master_deck":["Zap","Dualcast","Defragment+1","Core Surge","Coolheaded+1","Capacitor","Go for the Eyes","Leap","Biased Cognition","Tempest","Capacitor","Stack","Stack","Hyperbeam","Fission+1","Hologram+1","Hologram+1","Defragment+1","Coolheaded+1","Reprogram","Consume+1","Amplify","Coolheaded+1","Capacitor","Defragment","Rebound","Thinking Ahead","Apotheosis+1","Panacea","Flash of Steel","Chill+1","Seek+1","Ball Lightning+1","Redo"],"special_seed":0,"relics":["Cracked Core","Meat on the Bone","MawBank","Cables","Vajra","Unceasing Top","Lantern","Pandora\u0027s Box","Blood Vial","The Courier","Cursed Key","Anchor","Membership Card","Art of War","Bronze Scales","Bottled Lightning","War Paint","OrangePellets","Centennial Puzzle"],"potions_floor_usage":[55,55,55],"damage_taken":[{"damage":2.0,"enemies":"Jaw Worm","floor":1.0,"turns":3.0},{"damage":0.0,"enemies":"Cultist","floor":2.0,"turns":4.0},{"damage":38.0,"enemies":"Lagavulin","floor":6.0,"turns":7.0},{"damage":26.0,"enemies":"3 Sentries","floor":11.0,"turns":5.0},{"damage":28.0,"enemies":"Lagavulin Event","floor":12.0,"turns":5.0},{"damage":18.0,"enemies":"Lagavulin","floor":13.0,"turns":7.0},{"damage":0.0,"enemies":"Small Slimes","floor":14.0,"turns":2.0},{"damage":0.0,"enemies":"Hexaghost","floor":16.0,"turns":10.0},{"damage":7.0,"enemies":"Chosen","floor":18.0,"turns":3.0},{"damage":3.0,"enemies":"Spheric Guardian","floor":20.0,"turns":3.0},{"damage":9.0,"enemies":"Snecko","floor":22.0,"turns":3.0},{"damage":19.0,"enemies":"Gremlin Leader","floor":23.0,"turns":5.0},{"damage":9.0,"enemies":"Shelled Parasite and Fungi","floor":28.0,"turns":5.0},{"damage":3.0,"enemies":"Sentry and Sphere","floor":30.0,"turns":3.0},{"damage":15.0,"enemies":"Champ","floor":33.0,"turns":9.0},{"damage":8.0,"enemies":"3 Darklings","floor":35.0,"turns":2.0},{"damage":9.0,"enemies":"3 Shapes","floor":38.0,"turns":3.0},{"damage":11.0,"enemies":"Jaw Worm Horde","floor":39.0,"turns":3.0},{"damage":3.0,"enemies":"Maw","floor":41.0,"turns":5.0},{"damage":7.0,"enemies":"4 Shapes","floor":44.0,"turns":5.0},{"damage":0.0,"enemies":"Writhing Mass","floor":45.0,"turns":3.0},{"damage":6.0,"enemies":"Awakened One","floor":50.0,"turns":9.0},{"damage":13.0,"enemies":"Shield and Spear","floor":54.0,"turns":6.0},{"damage":47,"enemies":"The Heart","floor":55,"turns":11}],"seed_played":"2878794838329792474","potions_obtained":[{"floor":2.0,"key":"LiquidBronze"},{"floor":6.0,"key":"LiquidBronze"},{"floor":13.0,"key":"Block Potion"},{"floor":14.0,"key":"SteroidPotion"},{"floor":20.0,"key":"Dexterity Potion"},{"floor":22.0,"key":"Explosive Potion"},{"floor":23.0,"key":"Fruit Juice"},{"floor":24.0,"key":"AttackPotion"},{"floor":41.0,"key":"Dexterity Potion"},{"floor":44.0,"key":"Swift Potion"},{"floor":45.0,"key":"Dexterity Potion"}],"is_trial":false,"path_per_floor":["M","M","$","?","$","E","R","T","T","R","E","?","E","M","R","B",null,"M","?","M","?","M","E","?","R","T","R","M","R","M","?","R","B",null,"M","?","$","M","M","R","M","R","T","M","M","?","R","$","R","B",null,"R","$","E","B",null],"character_chosen":"DEFECT","items_purchased":["Core Surge","Coolheaded","Membership Card","Capacitor","Defragment","Rebound","Thinking Ahead","Apotheosis","Panacea","Art of War","Bronze Scales","Flash of Steel","Bottled Lightning","War Paint","OrangePellets"],"campfire_rested":4,"item_purchase_floors":[3,5,37,37,37,37,37,37,37,37,37,37,48,48,48],"current_hp_per_floor":[48,48,48,75,75,37,37,37,37,59,45,29,23,35,57,57,71,64,64,61,47,50,48,48,48,48,48,53,53,52,52,52,51,77,71,71,71,64,55,55,54,54,54,49,51,51,51,51,76,72,82,85,85,72,39],"gold":44,"neow_bonus":"TWO_FIFTY_GOLD","is_prod":false,"is_daily":false,"chose_seed":false,"campfire_upgraded":7,"win_rate":0,"timestamp":1545609191,"path_taken":["M","M","$","?","?","E","R","?","T","R","E","?","E","M","R","BOSS","M","?","M","?","M","E","?","R","T","R","?","R","M","?","R","BOSS","M","?","$","?","M","R","M","R","T","M","M","?","R","$","R","BOSS","R","$","E","BOSS"],"build_version":"2018-12-20","purchased_purges":4,"victory":true,"max_hp_per_floor":[75,75,75,75,75,75,75,75,75,75,75,75,75,75,75,75,75,75,75,75,80,80,85,85,85,85,85,85,85,85,85,85,85,85,85,85,85,85,85,85,85,85,85,85,85,85,85,85,85,85,85,85,85,85,85],"card_choices":[{"not_picked":["Hologram","Compile Driver"],"picked":"Defragment","floor":1.0},{"not_picked":["Steam Power","Turbo"],"picked":"Sunder","floor":2.0},{"not_picked":["Cold Snap","Hologram"],"picked":"Capacitor","floor":6.0},{"not_picked":["Heatsinks","Recycle"],"picked":"Go for the Eyes","floor":11.0},{"not_picked":["Ball Lightning","Scrape"],"picked":"Leap","floor":12.0},{"not_picked":["Recycle","Double Energy","Stack"],"picked":"SKIP","floor":13.0},{"not_picked":["Rebound","Melter"],"picked":"Ball Lightning","floor":14.0},{"not_picked":["Multi-Cast","Meteor Strike"],"picked":"Biased Cognition","floor":16.0},{"not_picked":["Gash","Static Discharge"],"picked":"Stack","floor":18.0},{"not_picked":["Force Field","FTL+1"],"picked":"Hologram+1","floor":20.0},{"not_picked":["Reinforced Body","Darkness+1"],"picked":"Hologram","floor":22.0},{"not_picked":["Conserve Battery","Redo"],"picked":"Defragment","floor":23.0},{"not_picked":["Rebound","Barrage"],"picked":"Coolheaded","floor":28.0},{"not_picked":["Rainbow","Steam Power"],"picked":"Reprogram","floor":30.0},{"not_picked":["Reboot","Fission"],"picked":"Amplify","floor":33.0},{"not_picked":["Compile Driver+1","Steam"],"picked":"Coolheaded+1","floor":35.0},{"not_picked":["Auto Shields","Heatsinks"],"picked":"Chill+1","floor":38.0},{"not_picked":["Go for the Eyes","Genetic Algorithm+1","Beam Cell+1"],"picked":"SKIP","floor":39.0},{"not_picked":["Ball Lightning","Rebound"],"picked":"Seek","floor":41.0},{"not_picked":["FTL","Leap"],"picked":"Ball Lightning+1","floor":44.0},{"not_picked":["Rip and Tear+1","Sunder+1","Chaos"],"picked":"SKIP","floor":45.0},{"not_picked":["Stack","Darkness"],"picked":"Redo","floor":54.0}],"player_experience":326185,"relics_obtained":[{"floor":6.0,"key":"Meat on the Bone"},{"floor":8.0,"key":"MawBank"},{"floor":9.0,"key":"Cables"},{"floor":11.0,"key":"Vajra"},{"floor":12.0,"key":"Unceasing Top"},{"floor":13.0,"key":"Lantern"},{"floor":23.0,"key":"Blood Vial"},{"floor":26.0,"key":"The Courier"},{"floor":54.0,"key":"Centennial Puzzle"}],"event_choices":[{"cards_removed":["Sunder"],"damage_healed":27.0,"max_hp_gain":0.0,"max_hp_loss":0.0,"gold_gain":0.0,"event_name":"Bonfire Elementals","player_choice":"Offered Uncommon","floor":4.0,"gold_loss":0.0,"damage_taken":0.0},{"damage_healed":0.0,"max_hp_gain":0.0,"max_hp_loss":0.0,"gold_gain":0.0,"event_name":"Dead Adventurer","player_choice":"Searched \u00271\u0027 times","floor":12.0,"gold_loss":0.0,"damage_taken":0.0},{"damage_healed":0.0,"max_hp_gain":0.0,"max_hp_loss":0.0,"gold_gain":0.0,"cards_transformed":["Chaos","Sweeping Beam"],"event_name":"Drug Dealer","player_choice":"Became Test Subject","floor":19.0,"gold_loss":0.0,"damage_taken":0.0,"cards_obtained":["Hyperbeam","Fission"]},{"damage_healed":0.0,"max_hp_gain":5.0,"max_hp_loss":0.0,"gold_gain":0.0,"event_name":"Forgotten Altar","player_choice":"Shed Blood","floor":21.0,"gold_loss":0.0,"damage_taken":19.0},{"damage_healed":0.0,"max_hp_gain":0.0,"max_hp_loss":0.0,"gold_gain":0.0,"event_name":"The Woman in Blue","player_choice":"Bought 1 Potion","floor":24.0,"gold_loss":0.0,"damage_taken":0.0},{"damage_healed":0.0,"max_hp_gain":0.0,"max_hp_loss":0.0,"gold_gain":0.0,"event_name":"The Library","player_choice":"Read","floor":31.0,"gold_loss":0.0,"damage_taken":0.0,"cards_obtained":["Consume"]},{"damage_healed":0.0,"max_hp_gain":0.0,"max_hp_loss":0.0,"gold_gain":0.0,"event_name":"WeMeetAgain","player_choice":"Gave Potion","floor":36.0,"gold_loss":0.0,"damage_taken":0.0,"relics_obtained":["Anchor"]},{"cards_removed":["Ball Lightning"],"damage_healed":0.0,"max_hp_gain":0.0,"max_hp_loss":0.0,"gold_gain":0.0,"event_name":"Falling","player_choice":"Removed Attack","floor":46.0,"gold_loss":0.0,"damage_taken":0.0}],"is_beta":false,"boss_relics":[{"not_picked":["Calling Bell","White Beast Statue"],"picked":"Pandora\u0027s Box"},{"not_picked":["Velvet Choker","Eternal Feather"],"picked":"Cursed Key"}],"items_purged_floors":[3,5,37,48],"is_endless":false,"potions_floor_spawned":[2,6,13,14,20,22,23,41,44,45],"ascension_level":9}