{"gold_per_floor":[117,134,134,209,229,267,213,45,45,66,80,80,111,130,130,130],"floor_reached":16,"playtime":646,"items_purged":[],"score":224,"play_id":"be6a693e-70da-4077-8909-2d84c3d033e7","local_time":"20190326013454","is_ascension_mode":true,"campfire_choices":[{"data":"Bash","floor":12,"key":"SMITH"},{"floor":15,"key":"DIG"}],"neow_cost":"NONE","seed_source_timestamp":1112829968743293,"circlet_count":0,"master_deck":["AscendersBane","Strike_R","Strike_R","Strike_R","Strike_R","Strike_R","Defend_R","Defend_R","Defend_R","Defend_R","Bash+1","True Grit","Corruption","Infernal Blade","Impervious","Shrug It Off","Clothesline","Disarm"],"special_seed":0,"relics":["Philosopher\u0027s Stone","Golden Idol","Paper Frog","Happy Flower","Frozen Egg 2","Shovel","Vajra"],"potions_floor_usage":[10,13,16],"damage_taken":[{"damage":2.0,"enemies":"Cultist","floor":1.0,"turns":3.0},{"damage":6.0,"enemies":"Jaw Worm","floor":2.0,"turns":3.0},{"damage":0.0,"enemies":"Small Slimes","floor":5.0,"turns":2.0},{"damage":5.0,"enemies":"Gremlin Nob","floor":6.0,"turns":3.0},{"damage":0,"enemies":"Exordium Wildlife","floor":10,"turns":5},{"damage":4,"enemies":"Exordium Thugs","floor":11,"turns":3},{"damage":22,"enemies":"3 Sentries","floor":13,"turns":7},{"damage":0,"enemies":"3 Louse","floor":14,"turns":4},{"damage":37,"enemies":"Slime Boss","floor":16,"turns":9}],"seed_played":"3118761420492510226","potions_obtained":[{"floor":1.0,"key":"SteroidPotion"},{"floor":2.0,"key":"SneckoOil"},{"floor":6.0,"key":"Regen Potion"},{"floor":14,"key":"PowerPotion"}],"is_trial":false,"path_per_floor":["M","M","?","?","M","E","$","$","T","M","M","R","E","M","R","B"],"character_chosen":"IRONCLAD","items_purchased":["Strength Potion","Happy Flower"],"campfire_rested":0,"item_purchase_floors":[7,8],"current_hp_per_floor":[66,60,60,49,49,44,44,44,44,58,54,54,32,32,32,0],"gold":130,"neow_bonus":"BOSS_RELIC","is_prod":false,"is_daily":false,"chose_seed":false,"campfire_upgraded":1,"win_rate":0,"timestamp":1553578494,"path_taken":["M","?","?","?","M","E","?","$","T","M","?","R","E","M","R","BOSS"],"build_version":"2019-03-15","purchased_purges":0,"victory":false,"max_hp_per_floor":[75,75,68,68,68,68,68,68,68,68,68,68,68,68,68,68],"card_choices":[{"not_picked":["Burning Pact","Sword Boomerang"],"picked":"True Grit","floor":1.0},{"not_picked":["Rampage","Clash"],"picked":"Corruption","floor":2.0},{"not_picked":["True Grit","Cleave"],"picked":"Infernal Blade","floor":5.0},{"not_picked":["True Grit","Flex"],"picked":"Impervious","floor":6.0},{"not_picked":["Sever Soul","Iron Wave"],"picked":"Shrug It Off","floor":10},{"not_picked":["Entrench","Heavy Blade"],"picked":"Clothesline","floor":11},{"not_picked":["Cleave","Dropkick"],"picked":"Disarm","floor":13},{"not_picked":["Thunderclap","Sword Boomerang","Rupture+1"],"picked":"SKIP","floor":14}],"player_experience":1284783,"relics_obtained":[{"floor":6.0,"key":"Paper Frog"},{"floor":9.0,"key":"Frozen Egg 2"},{"floor":13,"key":"Shovel"},{"floor":15,"key":"Vajra"}],"event_choices":[{"damage_healed":0.0,"max_hp_gain":0.0,"max_hp_loss":7.0,"gold_gain":0.0,"event_name":"Golden Idol","player_choice":"Lose Max HP","floor":3.0,"gold_loss":0.0,"damage_taken":0.0,"relics_obtained":["Golden Idol"]},{"damage_healed":0.0,"max_hp_gain":0.0,"max_hp_loss":0.0,"gold_gain":75.0,"event_name":"World of Goop","player_choice":"Gather Gold","floor":4.0,"gold_loss":0.0,"damage_taken":11.0}],"is_beta":true,"boss_relics":[],"items_purged_floors":[],"is_endless":false,"potions_floor_spawned":[1,2,6,14],"killed_by":"Slime Boss","ascension_level":20}