{"gold_per_floor":[119,138,213,268,278,278,293,325,348,410,254,311,311,325,325,420,420,438,438,353,443,3,36,36,65,118,118,143,169,189,8,8,106,106,122,222,248,261,261,261,292,292,360,409,423,423,442,462,462,462,462,462,182,210,210],"floor_reached":55,"playtime":2144,"items_purged":["Strike_B","Strike_B","Strike_B","Strike_B"],"score":907,"play_id":"e7e272c9-7c20-4218-96f3-72bf692c2e35","local_time":"20190314033546","is_ascension_mode":true,"campfire_choices":[{"data":"Zap","floor":6,"key":"SMITH"},{"floor":13,"key":"REST"},{"data":"White Noise","floor":15,"key":"SMITH"},{"data":"White Noise","floor":24,"key":"SMITH"},{"floor":27,"key":"REST"},{"floor":32,"key":"REST"},{"floor":40,"key":"RECALL"},{"floor":42,"key":"REST"},{"floor":46,"key":"REST"},{"floor":49,"key":"REST"},{"data":"Electrodynamics","floor":52,"key":"SMITH"}],"neow_cost":"NONE","seed_source_timestamp":40478202802253,"circlet_count":0,"master_deck":["Defend_B","Defend_B","Defend_B","Defend_B","Zap+1","Dualcast","Streamline","Doom and Gloom+1","Gash","Electrodynamics+1","Rebound+1","Sunder","Leap","White Noise+1","Gash","Gash","Bandage Up","White Noise+1","Conserve Battery","Leap","Forethought","Conserve Battery","Seek","Gash+1","Secret Technique","Defragment+1","Gash","Go for the Eyes+1","Storm+1"],"relics":["Cracked Core","Vajra","Oddly Smooth Stone","Matryoshka","Mummified Hand","Strawberry","Tiny Chest","Whetstone","Lizard Tail","Nilry\u0027s Codex","Bag of Preparation","Bottled Tornado","Juzu Bracelet","DataDisk","Pen Nib","Smiling Mask","Blood Vial","Red Mask","Inserter","Ice Cream","Mercury Hourglass","Gremlin Horn","Dream Catcher","Bronze Scales","Blue Candle"],"potions_floor_usage":[8,10,14,16,25,30,33,33,38,41,47,50,50,54],"damage_taken":[{"damage":3,"enemies":"2 Louse","floor":1,"turns":2},{"damage":9,"enemies":"Jaw Worm","floor":2,"turns":3},{"damage":0,"enemies":"Cultist","floor":5,"turns":3},{"damage":10,"enemies":"Looter","floor":7,"turns":3},{"damage":9,"enemies":"3 Sentries","floor":8,"turns":8},{"damage":20,"enemies":"Gremlin Nob","floor":10,"turns":4},{"damage":6,"enemies":"Gremlin Nob","floor":12,"turns":3},{"damage":0,"enemies":"2 Fungi Beasts","floor":14,"turns":1},{"damage":16,"enemies":"Hexaghost","floor":16,"turns":8},{"damage":5,"enemies":"Spheric Guardian","floor":18,"turns":3},{"damage":0,"enemies":"Gremlin Leader","floor":23,"turns":4},{"damage":24,"enemies":"Slavers","floor":25,"turns":3},{"damage":17,"enemies":"Book of Stabbing","floor":28,"turns":4},{"damage":0,"enemies":"Masked Bandits","floor":29,"turns":1},{"damage":8,"enemies":"2 Thieves","floor":30,"turns":2},{"damage":23,"enemies":"Collector","floor":33,"turns":7},{"damage":0,"enemies":"3 Shapes","floor":35,"turns":3},{"damage":0,"enemies":"Mind Bloom Boss Battle","floor":36,"turns":4},{"damage":2,"enemies":"Orb Walker","floor":38,"turns":3},{"damage":70,"enemies":"Giant Head","floor":41,"turns":8},{"damage":22,"enemies":"Spire Growth","floor":45,"turns":3},{"damage":0,"enemies":"3 Darklings","floor":47,"turns":3},{"damage":17,"enemies":"Sphere and 2 Shapes","floor":48,"turns":4},{"damage":97,"enemies":"Donu and Deca","floor":50,"turns":7},{"damage":22,"enemies":"Shield and Spear","floor":54,"turns":3},{"damage":100,"enemies":"The Heart","floor":55,"turns":3}],"seed_played":"969094088971492082","potions_obtained":[{"floor":2,"key":"Dexterity Potion"},{"floor":7,"key":"SkillPotion"},{"floor":8,"key":"Block Potion"},{"floor":12,"key":"PowerPotion"},{"floor":14,"key":"SteroidPotion"},{"floor":23,"key":"Fire Potion"},{"floor":28,"key":"SteroidPotion"},{"floor":29,"key":"SkillPotion"},{"floor":30,"key":"Block Potion"},{"floor":36,"key":"EssenceOfSteel"},{"floor":38,"key":"PowerPotion"},{"floor":45,"key":"AttackPotion"},{"floor":48,"key":"Poison Potion"}],"is_trial":false,"path_per_floor":["M","M","?","T","M","R","M","E","T","E","$","?","R","M","R","B",null,"M","?","?","?","$","E","R","E","T","R","E","?","M","$","R","B",null,"M","?","T","M","?","R","E","R","T","T","M","R","M","M","R","B",null,"R","$","E","B"],"character_chosen":"DEFECT","items_purchased":["Sunder","Leap","Bottled Tornado","Bandage Up","Forethought","Conserve Battery","Bronze Scales","FocusPotion"],"campfire_rested":6,"item_purchase_floors":[11,11,22,22,31,31,53,53],"current_hp_per_floor":[72,63,52,52,52,52,42,33,40,20,20,14,38,38,38,22,82,77,61,61,45,45,49,49,25,25,49,32,38,36,36,60,47,82,82,82,82,80,80,80,20,44,44,44,32,56,58,47,71,27,82,82,82,60,0],"gold":210,"neow_bonus":"RANDOM_COMMON_RELIC","is_prod":false,"is_daily":false,"chose_seed":false,"campfire_upgraded":4,"win_rate":0,"timestamp":1552559746,"path_taken":["M","M","?","?","?","R","M","E","T","E","$","?","R","M","R","BOSS","M","?","?","?","$","E","R","E","T","R","E","?","M","$","R","BOSS","M","?","?","M","?","R","E","R","T","?","M","R","M","M","R","BOSS","R","$","E","BOSS"],"build_version":"2019-01-23","purchased_purges":4,"victory":false,"max_hp_per_floor":[75,75,75,75,75,75,75,75,82,82,82,82,82,82,82,82,82,82,82,82,82,82,82,82,82,82,82,82,82,82,82,82,82,82,82,82,82,82,82,82,82,82,82,82,82,82,82,82,82,82,82,82,82,82,82],"card_choices":[{"not_picked":["Go for the Eyes","Beam Cell"],"picked":"Streamline","floor":1},{"not_picked":["Skim","Streamline"],"picked":"Doom and Gloom","floor":2},{"not_picked":["Double Energy","Auto Shields"],"picked":"Gash","floor":5},{"not_picked":["Cold Snap","Meteor Strike","Fusion"],"picked":"SKIP","floor":7},{"not_picked":["Coolheaded","Amplify"],"picked":"Electrodynamics","floor":8},{"not_picked":["Darkness","Heatsinks"],"picked":"Rebound","floor":10},{"not_picked":["Steam","Aggregate"],"picked":"White Noise","floor":12},{"not_picked":["Consume","Conserve Battery"],"picked":"Gash","floor":14},{"not_picked":["Turbo","Glacier+1"],"picked":"Gash","floor":18},{"not_picked":["Static Discharge","Ball Lightning"],"picked":"White Noise","floor":23},{"not_picked":["Undo","Turbo","Creative AI"],"picked":"SKIP","floor":25},{"not_picked":["Darkness+1","Go for the Eyes","Rebound"],"picked":"SKIP","floor":28},{"not_picked":["Compile Driver","Sweeping Beam"],"picked":"Conserve Battery","floor":29},{"not_picked":["Streamline","Stack"],"picked":"Leap","floor":30},{"not_picked":["Reboot","Amplify"],"picked":"Seek","floor":33},{"not_picked":["Darkness","Rebound","Stack"],"picked":"SKIP","floor":35},{"not_picked":["Rip and Tear","Steam"],"picked":"Gash+1","floor":38},{"not_picked":["Transmutation","Discovery"],"picked":"Secret Technique","floor":39},{"not_picked":["Hologram+1","Ball Lightning"],"picked":"Defragment+1","floor":41},{"not_picked":["Fusion","Turbo","Sunder"],"picked":"SKIP","floor":45},{"not_picked":["Cold Snap","Streamline+1"],"picked":"Gash","floor":46},{"not_picked":["Beam Cell","Melter","Hologram"],"picked":"SKIP","floor":47},{"not_picked":["Force Field","Turbo+1"],"picked":"Go for the Eyes+1","floor":48},{"not_picked":["Coolheaded","Chaos"],"picked":"Storm+1","floor":54}],"player_experience":340367,"relics_obtained":[{"floor":4,"key":"Oddly Smooth Stone"},{"floor":8,"key":"Matryoshka"},{"floor":9,"key":"Mummified Hand"},{"floor":9,"key":"Strawberry"},{"floor":10,"key":"Tiny Chest"},{"floor":12,"key":"Whetstone"},{"floor":19,"key":"Nilry\u0027s Codex"},{"floor":23,"key":"Juzu Bracelet"},{"floor":25,"key":"DataDisk"},{"floor":26,"key":"Pen Nib"},{"floor":26,"key":"Smiling Mask"},{"floor":28,"key":"Blood Vial"},{"floor":29,"key":"Red Mask"},{"floor":36,"key":"Ice Cream"},{"floor":41,"key":"Mercury Hourglass"},{"floor":43,"key":"Gremlin Horn"},{"floor":44,"key":"Dream Catcher"},{"floor":54,"key":"Blue Candle"}],"event_choices":[{"damage_healed":0,"gold_gain":75,"player_choice":"Gather Gold","damage_taken":11,"max_hp_gain":0,"max_hp_loss":0,"event_name":"World of Goop","floor":3,"gold_loss":0},{"damage_healed":0,"gold_gain":0,"player_choice":"Searched \u00272\u0027 times","damage_taken":0,"max_hp_gain":0,"max_hp_loss":0,"event_name":"Dead Adventurer","floor":12,"gold_loss":0},{"damage_healed":0,"gold_gain":0,"player_choice":"Obtained Book","damage_taken":16,"max_hp_gain":0,"max_hp_loss":0,"event_name":"Cursed Tome","floor":19,"gold_loss":0},{"damage_healed":0,"gold_gain":0,"player_choice":"Obtained Relic","damage_taken":0,"relics_obtained":["Bag of Preparation"],"max_hp_gain":0,"max_hp_loss":0,"event_name":"Addict","floor":20,"gold_loss":85},{"damage_healed":0,"gold_gain":90,"player_choice":"GOLD ","damage_taken":16,"max_hp_gain":0,"max_hp_loss":0,"event_name":"Knowing Skull","floor":21,"potions_obtained":[],"gold_loss":0,"cards_obtained":[]},{"damage_healed":0,"gold_gain":0,"player_choice":"Fought Bandits","damage_taken":0,"max_hp_gain":0,"max_hp_loss":0,"event_name":"Masked Bandits","floor":29,"gold_loss":0},{"damage_healed":0,"gold_gain":0,"player_choice":"Fight","damage_taken":0,"max_hp_gain":0,"max_hp_loss":0,"event_name":"MindBloom","floor":36,"gold_loss":0},{"damage_healed":0,"gold_gain":0,"player_choice":"Memory 1","damage_taken":0,"max_hp_gain":0,"max_hp_loss":0,"event_name":"SensoryStone","floor":39,"gold_loss":0}],"is_beta":false,"boss_relics":[{"not_picked":["Busted Crown","Nuclear Battery"],"picked":"Lizard Tail"},{"not_picked":["Astrolabe","Philosopher\u0027s Stone"],"picked":"Inserter"}],"items_purged_floors":[11,22,31,53],"is_endless":false,"potions_floor_spawned":[2,7,8,12,14,23,28,29,30,36,38,45,48],"killed_by":"The Heart","ascension_level":2}