{"gold_per_floor":[116,1,14,14,29,29,43,43,43,43,56,66,31,50,50,127,127,147,147,162,10,10,37,37,66,141,156,156],"floor_reached":28,"playtime":1306,"items_purged":[],"score":438,"play_id":"2a07b464-77f2-45d0-86e6-a4589f5d266d","local_time":"20190310141209","is_ascension_mode":true,"campfire_choices":[{"data":"Chaos","floor":6,"key":"SMITH"},{"data":"Capacitor","floor":8,"key":"SMITH"},{"data":"Zap","floor":10,"key":"SMITH"},{"data":"Sweeping Beam","floor":15,"key":"SMITH"},{"data":"Electrodynamics","floor":24,"key":"SMITH"}],"neow_cost":"TEN_PERCENT_HP_LOSS","seed_source_timestamp":110956912626528,"circlet_count":0,"master_deck":["AscendersBane","Strike_B","Strike_B","Defend_B","Defend_B","Defend_B","Zap+1","Dualcast","BootSequence","Capacitor+1","Cold Snap","Chaos+1","Compile Driver","Self Repair","Ball Lightning","Sweeping Beam+1","Electrodynamics+1","Conserve Battery","Leap","Loop+1","Coolheaded","Compile Driver"],"relics":["Cracked Core","Darkstone Periapt","Nuclear Battery","Vajra","Calipers","Cables","Bottled Flame"],"potions_floor_usage":[16,23,23,23,25,27],"damage_taken":[{"damage":1,"enemies":"Cultist","floor":1,"turns":4},{"damage":0,"enemies":"Small Slimes","floor":3,"turns":3},{"damage":5,"enemies":"2 Louse","floor":5,"turns":3},{"damage":39,"enemies":"Exordium Thugs","floor":7,"turns":7},{"damage":21,"enemies":"Gremlin Gang","floor":11,"turns":6},{"damage":0,"enemies":"3 Louse","floor":12,"turns":3},{"damage":0,"enemies":"Large Slime","floor":14,"turns":4},{"damage":27,"enemies":"Slime Boss","floor":16,"turns":8},{"damage":0,"enemies":"3 Byrds","floor":18,"turns":2},{"damage":6,"enemies":"Shell Parasite","floor":20,"turns":7},{"damage":25,"enemies":"Gremlin Leader","floor":23,"turns":5},{"damage":28,"enemies":"Slavers","floor":25,"turns":3},{"damage":4,"enemies":"Sentry and Sphere","floor":27,"turns":5},{"damage":19,"enemies":"Gremlin Leader","floor":28,"turns":2}],"seed_played":"2359662345323478315","potions_obtained":[{"floor":11,"key":"Explosive Potion"},{"floor":12,"key":"Dexterity Potion"},{"floor":16,"key":"EntropicBrew"},{"floor":25,"key":"Block Potion"}],"is_trial":false,"path_per_floor":["M","$","M","?","M","R","M","R","T","R","M","M","?","M","R","B",null,"M","?","M","$","?","E","R","E","T","M","E"],"character_chosen":"DEFECT","items_purchased":["Capacitor","Cold Snap","Vajra"],"campfire_rested":0,"item_purchase_floors":[2,2,21],"current_hp_per_floor":[63,63,63,68,63,63,24,24,24,24,10,17,34,41,41,21,57,57,53,54,54,54,36,36,15,15,18,0],"gold":156,"neow_bonus":"REMOVE_TWO","is_prod":false,"is_daily":false,"chose_seed":false,"campfire_upgraded":5,"win_rate":0,"timestamp":1552241529,"path_taken":["M","$","?","?","M","R","M","R","T","R","M","M","?","M","R","BOSS","M","?","?","$","?","E","R","E","T","M","E"],"build_version":"2019-02-06","purchased_purges":0,"victory":false,"max_hp_per_floor":[64,64,64,69,69,69,69,69,69,69,69,69,69,69,69,69,69,69,69,69,69,69,69,69,69,69,69,69],"card_choices":[{"not_picked":["Rebound","Storm"],"picked":"BootSequence","floor":1},{"not_picked":["Redo","Coolheaded"],"picked":"Chaos","floor":3},{"not_picked":["Leap","Sweeping Beam"],"picked":"Compile Driver","floor":5},{"not_picked":["Double Energy","Ball Lightning"],"picked":"Self Repair","floor":7},{"not_picked":["Turbo","Heatsinks"],"picked":"Ball Lightning","floor":11},{"not_picked":["Static Discharge","Gash"],"picked":"Sweeping Beam","floor":12},{"not_picked":["Hello World","Turbo","Force Field"],"picked":"SKIP","floor":14},{"not_picked":["Machine Learning","Multi-Cast"],"picked":"Electrodynamics","floor":16},{"not_picked":["Beam Cell","Turbo"],"picked":"Conserve Battery","floor":18},{"not_picked":["Streamline","Turbo"],"picked":"Leap","floor":20},{"not_picked":["Steam","Hello World+1"],"picked":"Loop+1","floor":23},{"not_picked":["Rip and Tear","Ball Lightning"],"picked":"Coolheaded","floor":25},{"not_picked":["Stack+1","Gash"],"picked":"Compile Driver","floor":27}],"player_experience":467133,"relics_obtained":[{"floor":9,"key":"Darkstone Periapt"},{"floor":23,"key":"Calipers"},{"floor":25,"key":"Cables"},{"floor":26,"key":"Bottled Flame"}],"event_choices":[{"damage_healed":0,"gold_gain":0,"player_choice":"Donut","damage_taken":0,"max_hp_gain":5,"max_hp_loss":0,"event_name":"Big Fish","floor":4,"gold_loss":0},{"damage_healed":17,"gold_gain":0,"player_choice":"Healed","damage_taken":0,"max_hp_gain":0,"max_hp_loss":0,"event_name":"The Cleric","floor":13,"gold_loss":35},{"damage_healed":0,"gold_gain":0,"player_choice":"Bought 0 Potions","damage_taken":0,"max_hp_gain":0,"max_hp_loss":0,"event_name":"The Woman in Blue","floor":19,"gold_loss":0},{"cards_removed":["Defend_B"],"damage_healed":0,"gold_gain":0,"player_choice":"Offered Basic","damage_taken":0,"max_hp_gain":0,"max_hp_loss":0,"event_name":"Bonfire Elementals","floor":22,"gold_loss":0}],"is_beta":true,"boss_relics":[{"not_picked":["Runic Dome","Philosopher\u0027s Stone"],"picked":"Nuclear Battery"}],"items_purged_floors":[],"is_endless":false,"potions_floor_spawned":[11,12,16,18,25],"killed_by":"Gremlin Leader","ascension_level":15}