{"gold_per_floor":[113,113,38,38,57,57,75,75,75,119,119,219,235,259,259,385,385,404,424,445,93,93,93,137,150,150,164,95,95,195,214,214,337,337,361,361,361,361,78,114,114,139,139,472,472,472,502,2,2,2],"floor_reached":51,"playtime":5384,"items_purged":["Pain","Strike_B","Strike_B","Self Repair"],"score":1104,"play_id":"40a6f978-15d0-45e6-b3ee-466d77b8473c","local_time":"20181231171420","is_ascension_mode":true,"campfire_choices":[{"data":"Zap","floor":6.0,"key":"SMITH"},{"data":"Dualcast","floor":8.0,"key":"SMITH"},{"data":"Defragment","floor":11.0,"key":"SMITH"},{"data":"Conserve Battery","floor":15.0,"key":"SMITH"},{"data":"Hologram","floor":23.0,"key":"SMITH"},{"data":"Storm","floor":29.0,"key":"SMITH"},{"floor":32.0,"key":"REST"},{"data":"Hologram","floor":41,"key":"SMITH"},{"data":"Reinforced Body","floor":46,"key":"SMITH"},{"floor":49,"key":"REST"}],"neow_cost":"CURSE","seed_source_timestamp":0,"circlet_count":0,"master_deck":["AscendersBane","Defend_B","Defend_B","Defend_B","Defend_B","Zap+1","Dualcast+1","Conserve Battery+1","BootSequence+1","Defragment+1","Creative AI","Undo","Leap","Hologram+1","Echo Form+1","Static Discharge","Storm+1","Force Field+1","Amplify+1","Reinforced Body+1","Apotheosis","Magnetism","BootSequence","Panache","Undo","Hologram+1","Conserve Battery","Storm","Undo"],"special_seed":0,"relics":["Cracked Core","Turnip","Meat on the Bone","Thread and Needle","Sozu","Membership Card","Juzu Bracelet","Smiling Mask","Bag of Preparation","Snecko Eye","War Paint","Symbiotic Virus","Ice Cream","Bottled Tornado","Chemical X","Torii","Mercury Hourglass"],"potions_floor_usage":[],"damage_taken":[{"damage":3.0,"enemies":"Small Slimes","floor":1.0,"turns":4.0},{"damage":12.0,"enemies":"Jaw Worm","floor":5.0,"turns":3.0},{"damage":0.0,"enemies":"Cultist","floor":7.0,"turns":3.0},{"damage":33.0,"enemies":"3 Sentries","floor":10.0,"turns":8.0},{"damage":3.0,"enemies":"Lots of Slimes","floor":13.0,"turns":4.0},{"damage":0.0,"enemies":"2 Fungi Beasts","floor":14.0,"turns":3.0},{"damage":37.0,"enemies":"The Guardian","floor":16.0,"turns":9.0},{"damage":13.0,"enemies":"Shell Parasite","floor":18.0,"turns":6.0},{"damage":22.0,"enemies":"2 Thieves","floor":19.0,"turns":5.0},{"damage":14.0,"enemies":"Snake Plant","floor":20.0,"turns":6.0},{"damage":16.0,"enemies":"Gremlin Leader","floor":24.0,"turns":6.0},{"damage":14.0,"enemies":"Snecko","floor":25.0,"turns":5.0},{"damage":12.0,"enemies":"Sentry and Sphere","floor":27.0,"turns":5.0},{"damage":14.0,"enemies":"Chosen and Byrds","floor":31.0,"turns":5.0},{"damage":21.0,"enemies":"Automaton","floor":33.0,"turns":10.0},{"damage":18,"enemies":"3 Darklings","floor":35,"turns":5},{"damage":0,"enemies":"Reptomancer","floor":40,"turns":3},{"damage":0,"enemies":"3 Shapes","floor":42,"turns":2},{"damage":31,"enemies":"Giant Head","floor":47,"turns":6},{"damage":31,"enemies":"Awakened One","floor":50,"turns":8}],"seed_played":"-7661658187217829133","potions_obtained":[{"floor":5.0,"key":"SneckoOil"},{"floor":10.0,"key":"Strength Potion"},{"floor":13.0,"key":"Dexterity Potion"},{"floor":14.0,"key":"PowerPotion"},{"floor":16.0,"key":"Poison Potion"}],"is_trial":false,"path_per_floor":["M","?","$","?","M","R","M","R","T","E","R","?","M","M","R","B",null,"M","M","M","$","?","R","E","M","T","M","$","R","?","M","R","B",null,"M","?","?","?","$","E","R","M","T","?","?","R","E","$","R","B",null],"character_chosen":"DEFECT","items_purchased":["Membership Card","Echo Form","Juzu Bracelet","Self Repair","War Paint","Panache","Undo","Hologram","Storm","Chemical X","Undo","Torii","Mercury Hourglass"],"campfire_rested":2,"item_purchase_floors":[21,21,21,28,39,39,39,39,48,48,48,48,48],"current_hp_per_floor":[65,65,65,70,58,58,58,58,58,37,37,37,46,46,46,21,61,48,38,36,36,36,36,32,30,30,30,30,30,30,28,50,48,68,64,54,54,54,54,68,68,74,74,74,74,74,50,50,72,41],"gold":2,"neow_bonus":"ONE_RARE_RELIC","is_prod":false,"is_daily":false,"chose_seed":false,"campfire_upgraded":8,"win_rate":0,"timestamp":1546294460,"path_taken":["M","?","$","?","M","R","M","R","T","E","R","?","M","M","R","BOSS","M","?","M","?","?","R","E","M","T","M","$","R","?","M","R","BOSS","M","?","?","?","$","E","R","M","T","?","?","R","E","$","R","BOSS"],"build_version":"2018-12-20","purchased_purges":4,"victory":true,"max_hp_per_floor":[75,69,69,74,74,74,74,74,74,74,74,74,74,74,74,74,74,74,74,74,74,74,74,74,74,74,74,74,74,74,74,74,74,74,74,74,74,74,74,74,74,74,74,74,74,74,74,74,74,74],"card_choices":[{"not_picked":["Steam Power","Rebound"],"picked":"Ball Lightning","floor":1.0},{"not_picked":["Redo","Beam Cell"],"picked":"Conserve Battery","floor":5.0},{"not_picked":["Rip and Tear","Ball Lightning"],"picked":"BootSequence","floor":7.0},{"not_picked":["Coolheaded","Undo"],"picked":"Defragment","floor":10.0},{"not_picked":["Lockon","BootSequence","Hello World"],"picked":"SKIP","floor":13.0},{"not_picked":["Rebound","Compile Driver","Gash"],"picked":"SKIP","floor":14.0},{"not_picked":["Electrodynamics","Echo Form"],"picked":"Creative AI","floor":16.0},{"not_picked":["Fusion","Sweeping Beam"],"picked":"Undo","floor":18.0},{"not_picked":["Barrage+1","Steam"],"picked":"Leap","floor":19.0},{"not_picked":["Double Energy+1","Streamline"],"picked":"Hologram","floor":20.0},{"not_picked":["Loop","Lockon+1","Ball Lightning"],"picked":"SKIP","floor":24.0},{"not_picked":["Core Surge","Turbo"],"picked":"Storm","floor":25.0},{"not_picked":["Cold Snap","Turbo+1"],"picked":"Force Field+1","floor":27.0},{"not_picked":["Compile Driver","Rebound","Sunder"],"picked":"SKIP","floor":31.0},{"not_picked":["Electrodynamics","Rainbow"],"picked":"Amplify","floor":33.0},{"not_picked":["Compile Driver","Coolheaded"],"picked":"Reinforced Body","floor":35},{"not_picked":["Mayhem","HandOfGreed"],"picked":"Apotheosis","floor":36},{"not_picked":["The Bomb","Forethought"],"picked":"Magnetism","floor":36},{"not_picked":["Turbo","Consume"],"picked":"Conserve Battery","floor":40},{"not_picked":["Auto Shields","Leap+1","Beam Cell+1"],"picked":"SKIP","floor":42},{"not_picked":["Steam Power+1","Go for the Eyes","Compile Driver"],"picked":"SKIP","floor":47}],"player_experience":367992,"relics_obtained":[{"floor":9.0,"key":"Meat on the Bone"},{"floor":10.0,"key":"Thread and Needle"},{"floor":24.0,"key":"Smiling Mask"},{"floor":26.0,"key":"Bag of Preparation"},{"floor":40,"key":"Symbiotic Virus"},{"floor":43,"key":"Ice Cream"},{"floor":47,"key":"Bottled Tornado"}],"event_choices":[{"damage_healed":0.0,"max_hp_gain":0.0,"max_hp_loss":6.0,"gold_gain":0.0,"event_name":"Golden Idol","player_choice":"Lose Max HP","floor":2.0,"gold_loss":0.0,"damage_taken":0.0,"relics_obtained":["Golden Idol"]},{"damage_healed":0.0,"max_hp_gain":5.0,"max_hp_loss":0.0,"gold_gain":0.0,"event_name":"Big Fish","player_choice":"Donut","floor":4.0,"gold_loss":0.0,"damage_taken":0.0},{"damage_healed":0.0,"max_hp_gain":0.0,"max_hp_loss":0.0,"gold_gain":100.0,"event_name":"Golden Shrine","player_choice":"Pray","floor":12.0,"gold_loss":0.0,"damage_taken":0.0},{"damage_healed":0.0,"max_hp_gain":0.0,"max_hp_loss":0.0,"gold_gain":0.0,"cards_transformed":["Strike_B"],"event_name":"Transmorgrifier","player_choice":"Transformed","floor":22.0,"gold_loss":0.0,"damage_taken":0.0,"cards_obtained":["Static Discharge"]},{"damage_healed":0.0,"max_hp_gain":0.0,"max_hp_loss":0.0,"gold_gain":100.0,"event_name":"Golden Shrine","player_choice":"Pray","floor":30.0,"gold_loss":0.0,"damage_taken":0.0},{"damage_healed":0,"gold_gain":0,"player_choice":"Memory 3","damage_taken":10,"max_hp_gain":0,"max_hp_loss":0,"event_name":"SensoryStone","floor":36,"gold_loss":0},{"damage_healed":0,"gold_gain":0,"player_choice":"Upgraded","damage_taken":0,"max_hp_gain":0,"max_hp_loss":0,"event_name":"Upgrade Shrine","floor":37,"gold_loss":0,"cards_upgraded":["Echo Form"]},{"damage_healed":0,"gold_gain":0,"cards_transformed":["Strike_B"],"player_choice":"Transformed","damage_taken":0,"max_hp_gain":0,"max_hp_loss":0,"event_name":"Transmorgrifier","floor":38,"gold_loss":0,"cards_obtained":["BootSequence"]},{"damage_healed":0,"gold_gain":333,"player_choice":"Gave Idol","damage_taken":0,"max_hp_gain":0,"max_hp_loss":0,"event_name":"The Moai Head","floor":44,"relics_lost":["Golden Idol"],"gold_loss":0},{"cards_removed":["Ball Lightning"],"damage_healed":0,"gold_gain":0,"player_choice":"Removed Attack","damage_taken":0,"max_hp_gain":0,"max_hp_loss":0,"event_name":"Falling","floor":45,"gold_loss":0}],"is_beta":false,"boss_relics":[{"not_picked":["Eternal Feather","Busted Crown"],"picked":"Sozu"},{"not_picked":["Runic Dome","Coffee Dripper"],"picked":"Snecko Eye"}],"items_purged_floors":[3,28,39,48],"is_endless":false,"potions_floor_spawned":[5,10,13,14,16,19,24,25,31,33],"ascension_level":11}