{"path_per_floor":["M","?","?","M","?","R","E","R","T","T","M","E","$","M","R","B",null,"M","M","?"],"character_chosen":"THE_SILENT","items_purchased":["Question Card"],"gold_per_floor":[117,117,117,132,132,132,172,172,198,223,236,277,24,42,42,170,170,183,208,158,158],"floor_reached":21,"campfire_rested":2,"playtime":995,"current_hp_per_floor":[70,70,75,72,65,65,38,60,60,60,60,5,5,5,42,20,99,60,53,53,0],"items_purged":[],"gold":158,"score":212,"play_id":"5b536414-c7fa-4840-bc48-982148e01b1e","local_time":"20180401073145","is_prod":false,"is_daily":false,"is_ascension_mode":false,"campfire_upgraded":1,"timestamp":1522593105,"path_taken":["M","?","?","M","?","R","E","R","T","?","?","E","$","M","R","BOSS","M","M","?","M"],"build_version":"2018-03-29v2","purchased_purges":0,"victory":false,"master_deck":["Defend_G","Defend_G","Defend_G+1","Defend_G+1","Defend_G","Strike_G","Strike_G","Strike_G","Strike_G","Strike_G","Survivor","Neutralize+1","Cloak And Dagger","Injury","Quick Slash","Acrobatics","Masterful Stab","Slice","Cloak And Dagger","Tactician","Doubt","Doubt","Pain","Cloak And Dagger+1","Infinite Blades"],"max_hp_per_floor":[70,70,75,75,75,75,75,75,75,75,75,75,75,75,75,75,99,99,99,99,99],"relics":["White Beast Statue","Golden Idol","Blue Candle","Orichalcum","Regal Pillow","Prayer Wheel","War Paint","Question Card","Calling Bell","Mango","Pear","Thread and Needle"],"card_choices":[{"not_picked":["Finisher","Catalyst"],"picked":"Cloak And Dagger","floor":1},{"not_picked":["Catalyst","Predator"],"picked":"Quick Slash","floor":4},{"not_picked":["Wraith Form","Sucker Punch"],"picked":"Acrobatics","floor":7},{"not_picked":["Skewer","Eviscerate"],"picked":"Masterful Stab","floor":11},{"not_picked":["Caltrops","Malaise"],"picked":"Slice","floor":12},{"not_picked":["Outmaneuver","Expertise","Dagger Spray"],"picked":"Cloak And Dagger","floor":14},{"not_picked":["Night Terror","Doppelganger","Tools of the Trade"],"picked":"Tactician","floor":16},{"not_picked":["Accuracy","Dash","Quick Slash"],"picked":"Cloak And Dagger","floor":18},{"not_picked":["Bane","Outmaneuver","Dodge and Roll"],"picked":"Infinite Blades","floor":19}],"player_experience":92310,"potions_floor_usage":[14,16,16,16,19,19],"damage_taken":[{"damage":0,"enemies":"2 Louse","floor":1,"turns":4},{"damage":3,"enemies":"Jaw Worm","floor":4,"turns":6},{"damage":27,"enemies":"3 Sentries","floor":7,"turns":10},{"damage":0,"enemies":"Cultist","floor":11,"turns":4},{"damage":55,"enemies":"Lagavulin","floor":12,"turns":14},{"damage":0,"enemies":"2 Fungi Beasts","floor":14,"turns":4},{"damage":22,"enemies":"Hexaghost","floor":16,"turns":8},{"damage":39,"enemies":"Spheric Guardian","floor":18,"turns":8},{"damage":7,"enemies":"3 Byrds","floor":19,"turns":8},{"damage":56,"enemies":"Snake Plant","floor":21,"turns":10}],"event_choices":[{"event_name":"Golden Idol","player_choice":"Take Wound","floor":2,"damage_taken":0},{"event_name":"Big Fish","player_choice":"Donut","floor":3,"damage_taken":0},{"event_name":"Scrap Ooze","player_choice":"success","floor":5,"damage_taken":7},{"event_name":"The Joust","player_choice":"Bet on Owner","floor":20,"damage_taken":0}],"boss_relics":[{"not_picked":["Runic Dome","Snecko Eye"],"picked":"Calling Bell"}],"potions_floor_spawned":[1,4,7,11,12,14,16,18,19],"seed_played":"844433015950303569","killed_by":"Snake Plant","ascension_level":0,"is_trial":false}