{"gold_per_floor":[119,119,44,64,78,78,78,95,119,119,139,154,154,189,189,294,294,306,306,45,63,63,63],"floor_reached":23,"playtime":884,"items_purged":["Strike_B"],"score":296,"play_id":"08ee2121-c1a0-4554-9488-c66c894e32e2","local_time":"20181231153138","is_ascension_mode":true,"campfire_choices":[{"data":"Defragment","floor":6.0,"key":"SMITH"},{"data":"Loop","floor":15.0,"key":"SMITH"}],"neow_cost":"NONE","seed_source_timestamp":0,"circlet_count":0,"master_deck":["AscendersBane","Strike_B","Defend_B","Defend_B","Defend_B","Defend_B","Zap","Dualcast","Defragment+1","Loop+1","Capacitor","Ball Lightning","Ball Lightning","Compile Driver","Reinforced Body","Amplify","Coolheaded","Loop+1"],"special_seed":0,"relics":["Cracked Core","NeowsBlessing","Symbiotic Virus","Lantern","Pear","Inserter","Centennial Puzzle","Frozen Egg 2"],"potions_floor_usage":[23],"damage_taken":[{"damage":0.0,"enemies":"Small Slimes","floor":1.0,"turns":1.0},{"damage":0.0,"enemies":"Cultist","floor":4.0,"turns":1.0},{"damage":0.0,"enemies":"2 Louse","floor":5.0,"turns":1.0},{"damage":27.0,"enemies":"Exordium Thugs","floor":8.0,"turns":5.0},{"damage":1.0,"enemies":"Exordium Wildlife","floor":11.0,"turns":3.0},{"damage":6.0,"enemies":"Looter","floor":12.0,"turns":2.0},{"damage":20.0,"enemies":"Lagavulin","floor":14.0,"turns":3.0},{"damage":19.0,"enemies":"The Guardian","floor":16.0,"turns":6.0},{"damage":33.0,"enemies":"3 Byrds","floor":18.0,"turns":4.0},{"damage":1.0,"enemies":"Spheric Guardian","floor":21.0,"turns":3.0},{"damage":37,"enemies":"Slavers","floor":23,"turns":2}],"seed_played":"7129006671289328800","potions_obtained":[{"floor":1.0,"key":"Swift Potion"},{"floor":5.0,"key":"Swift Potion"},{"floor":12.0,"key":"Regen Potion"},{"floor":14.0,"key":"Poison Potion"},{"floor":18.0,"key":"FearPotion"}],"is_trial":false,"path_per_floor":["M","?","$","M","M","R","T","M","T","?","M","M","?","E","R","B",null,"M","?","$","M","?","E"],"character_chosen":"DEFECT","items_purchased":["Frozen Egg 2"],"campfire_rested":0,"item_purchase_floors":[20],"current_hp_per_floor":[68,68,68,68,68,68,68,41,41,41,40,34,34,33,33,14,67,34,34,34,33,33,0],"gold":63,"neow_bonus":"THREE_ENEMY_KILL","is_prod":false,"is_daily":false,"chose_seed":false,"campfire_upgraded":2,"win_rate":0,"timestamp":1546288298,"path_taken":["M","?","$","M","?","R","?","M","T","?","M","?","?","E","R","BOSS","M","?","$","M","?","E"],"build_version":"2018-12-20","purchased_purges":1,"victory":false,"max_hp_per_floor":[75,75,75,75,75,75,75,75,75,75,75,75,75,85,85,85,85,85,85,85,85,85,85],"card_choices":[{"not_picked":["Hologram","Gash"],"picked":"Defragment","floor":1.0},{"not_picked":["Ball Lightning","Rebound"],"picked":"Loop","floor":4.0},{"not_picked":["Go for the Eyes","Ball Lightning"],"picked":"Capacitor","floor":5.0},{"not_picked":["Barrage","Double Energy"],"picked":"Ball Lightning","floor":8.0},{"not_picked":["Compile Driver","Reprogram","Hyperbeam"],"picked":"SKIP","floor":11.0},{"not_picked":["Conserve Battery","Gash"],"picked":"Ball Lightning","floor":12.0},{"not_picked":["Rebound","Streamline"],"picked":"Reinforced Body","floor":14.0},{"not_picked":["Electrodynamics","Machine Learning"],"picked":"Amplify","floor":16.0},{"not_picked":["Chaos","Go for the Eyes","Stack"],"picked":"SKIP","floor":18.0},{"not_picked":["Rebound","Genetic Algorithm"],"picked":"Coolheaded","floor":21.0}],"player_experience":367108,"relics_obtained":[{"floor":7.0,"key":"Symbiotic Virus"},{"floor":9.0,"key":"Lantern"},{"floor":14.0,"key":"Pear"}],"event_choices":[{"damage_healed":0.0,"max_hp_gain":0.0,"max_hp_loss":0.0,"gold_gain":0.0,"event_name":"The Woman in Blue","player_choice":"Bought 0 Potions","floor":2.0,"gold_loss":0.0,"damage_taken":0.0},{"cards_removed":["Strike_B"],"damage_healed":0.0,"max_hp_gain":0.0,"max_hp_loss":0.0,"gold_gain":0.0,"event_name":"Bonfire Elementals","player_choice":"Offered Basic","floor":10.0,"gold_loss":0.0,"damage_taken":0.0},{"damage_healed":0.0,"max_hp_gain":0.0,"max_hp_loss":0.0,"gold_gain":0.0,"cards_transformed":["Strike_B"],"event_name":"Transmorgrifier","player_choice":"Transformed","floor":13.0,"gold_loss":0.0,"damage_taken":0.0,"cards_obtained":["Compile Driver"]},{"damage_healed":0.0,"max_hp_gain":0.0,"max_hp_loss":0.0,"gold_gain":0.0,"event_name":"The Mausoleum","player_choice":"Opened","floor":19.0,"gold_loss":0.0,"damage_taken":0.0,"relics_obtained":["Centennial Puzzle"]},{"damage_healed":0.0,"max_hp_gain":0.0,"max_hp_loss":0.0,"gold_gain":0.0,"event_name":"Duplicator","player_choice":"Copied","floor":22.0,"gold_loss":0.0,"damage_taken":0.0,"cards_obtained":["Loop"]}],"is_beta":false,"boss_relics":[{"not_picked":["Orrery","Lizard Tail"],"picked":"Inserter"}],"items_purged_floors":[3],"is_endless":false,"potions_floor_spawned":[1,5,11,12,14,18,21],"killed_by":"Slavers","ascension_level":11}