{"gold_per_floor":[111,122,122,122,122,122,155,155,155,165,191,44,59,59,59,158,158,169,84,184,184,197,197,230,230,254,254,266,266,14,33,33,131,131,150,150,161,173,191,191,191,191,191,191,201,234,17,30,30,30,30,30,30,55,55],"floor_reached":55,"playtime":2099,"items_purged":[],"score":758,"play_id":"7953e95d-4174-4d57-8e80-da4e3190af23","local_time":"20190307033534","is_ascension_mode":true,"campfire_choices":[{"data":"Dualcast","floor":6,"key":"SMITH"},{"data":"Streamline","floor":8,"key":"SMITH"},{"floor":15,"key":"REST"},{"data":"White Noise","floor":23,"key":"SMITH"},{"data":"Turbo","floor":25,"key":"SMITH"},{"data":"Redo","floor":27,"key":"SMITH"},{"floor":32,"key":"REST"},{"data":"Madness","floor":40,"key":"SMITH"},{"data":"Madness","floor":42,"key":"SMITH"},{"floor":44,"key":"RECALL"},{"data":"Seek","floor":49,"key":"SMITH"},{"data":"Defragment","floor":52,"key":"SMITH"}],"neow_cost":"NONE","seed_source_timestamp":126924010538931,"circlet_count":0,"master_deck":["Zap+1","Dualcast+1","Cold Snap+1","Streamline+1","Beam Cell","Electrodynamics","Loop","All For One","Turbo+1","Gash","Reboot+1","Redo+1","Doom and Gloom","Barrage+1","Rebound","White Noise+1","BootSequence","Bandage Up+1","Scrape","Seek+1","Go for the Eyes+1","Conserve Battery","Madness+1","Madness+1","Capacitor","Gash","Glacier","Self Repair+1","Bandage Up","Capacitor+1","Defragment+1","Beam Cell","White Noise+1"],"relics":["FrozenCore","Boot","Orichalcum","Cables","Vajra","PreservedInsect","Pandora\u0027s Box","Juzu Bracelet","Mango","Bottled Flame","Prayer Wheel","War Paint","Kunai","Blue Candle","Oddly Smooth Stone","Pen Nib"],"potions_floor_usage":[7,11,16,20,33,45,45,48,50],"damage_taken":[{"damage":5,"enemies":"2 Louse","floor":1,"turns":2},{"damage":5,"enemies":"Small Slimes","floor":2,"turns":3},{"damage":15,"enemies":"Lagavulin","floor":7,"turns":5},{"damage":0,"enemies":"Cultist","floor":10,"turns":2},{"damage":12,"enemies":"Gremlin Nob","floor":11,"turns":4},{"damage":5,"enemies":"Red Slaver","floor":13,"turns":4},{"damage":23,"enemies":"Hexaghost","floor":16,"turns":9},{"damage":14,"enemies":"2 Thieves","floor":18,"turns":2},{"damage":19,"enemies":"Colosseum Slavers","floor":20,"turns":4},{"damage":0,"enemies":"Colosseum Nobs","floor":20,"turns":2},{"damage":6,"enemies":"Shell Parasite","floor":22,"turns":2},{"damage":6,"enemies":"Book of Stabbing","floor":24,"turns":2},{"damage":17,"enemies":"Sentry and Sphere","floor":28,"turns":4},{"damage":16,"enemies":"Snecko","floor":31,"turns":4},{"damage":16,"enemies":"Automaton","floor":33,"turns":5},{"damage":1,"enemies":"3 Shapes","floor":35,"turns":5},{"damage":5,"enemies":"Orb Walker","floor":37,"turns":3},{"damage":11,"enemies":"4 Shapes","floor":38,"turns":3},{"damage":2,"enemies":"Sphere and 2 Shapes","floor":39,"turns":4},{"damage":16,"enemies":"Spire Growth","floor":45,"turns":4},{"damage":0,"enemies":"Giant Head","floor":46,"turns":5},{"damage":17,"enemies":"3 Darklings","floor":48,"turns":5},{"damage":43,"enemies":"Time Eater","floor":50,"turns":11},{"damage":29,"enemies":"Shield and Spear","floor":54,"turns":3},{"damage":81,"enemies":"The Heart","floor":55,"turns":3}],"seed_played":"3015042576209088223","potions_obtained":[{"floor":2,"key":"Poison Potion"},{"floor":10,"key":"Dexterity Potion"},{"floor":13,"key":"PowerPotion"},{"floor":18,"key":"Block Potion"},{"floor":31,"key":"Block Potion"},{"floor":35,"key":"GamblersBrew"},{"floor":37,"key":"Weak Potion"},{"floor":38,"key":"Poison Potion"},{"floor":48,"key":"FearPotion"}],"is_trial":false,"path_per_floor":["M","M","?","?","?","R","E","R","T","M","E","$","M","$","R","B",null,"M","?","?","?","M","R","E","R","T","R","M","?","$","M","R","B",null,"M","?","M","M","M","R","?","R","T","R","M","E","$","M","R","B",null,"R","$","E","B"],"character_chosen":"DEFECT","items_purchased":["PreservedInsect","Bandage Up","War Paint","Oddly Smooth Stone","Defragment"],"campfire_rested":2,"item_purchase_floors":[12,30,30,47,47],"current_hp_per_floor":[70,65,70,58,58,58,43,43,43,43,31,31,26,26,50,27,80,66,66,61,61,55,55,49,49,49,49,32,32,32,22,50,40,94,93,81,82,77,81,81,81,81,81,81,79,94,94,94,94,71,94,94,94,81,0],"gold":55,"neow_bonus":"UPGRADE_CARD","is_prod":false,"is_daily":false,"chose_seed":false,"campfire_upgraded":9,"win_rate":0,"timestamp":1551958534,"path_taken":["M","M","?","?","?","R","E","R","T","M","E","$","?","?","R","BOSS","M","?","?","?","M","R","E","R","T","R","M","?","?","M","R","BOSS","M","?","M","M","M","R","?","R","T","R","M","E","$","M","R","BOSS","R","$","E","BOSS"],"build_version":"2019-01-23","purchased_purges":0,"victory":false,"max_hp_per_floor":[75,75,80,80,80,80,80,80,80,80,80,80,80,80,80,80,80,80,80,94,94,94,94,94,94,94,94,94,94,94,94,94,94,94,94,94,94,94,94,94,94,94,94,94,94,94,94,94,94,94,94,94,94,94,94],"card_choices":[{"not_picked":["Tempest","Coolheaded"],"picked":"Cold Snap","floor":1},{"not_picked":["Rebound","Undo","Compile Driver"],"picked":"SKIP","floor":2},{"not_picked":["Compile Driver","Rip and Tear"],"picked":"Streamline","floor":7},{"not_picked":["Go for the Eyes","Tempest","Consume"],"picked":"SKIP","floor":10},{"not_picked":["Turbo","Fusion"],"picked":"Coolheaded","floor":11},{"not_picked":["Rebound","Streamline"],"picked":"Beam Cell","floor":13},{"not_picked":["Echo Form","Biased Cognition"],"picked":"Electrodynamics","floor":16},{"not_picked":["Ball Lightning","Steam Power+1"],"picked":"Barrage+1","floor":18},{"not_picked":["Steam","Cold Snap","FTL"],"picked":"SKIP","floor":22},{"not_picked":["Double Energy","Sweeping Beam"],"picked":"BootSequence","floor":24},{"not_picked":["Melter","Streamline","Hello World"],"picked":"SKIP","floor":28},{"not_picked":["Rebound","Compile Driver","Fission"],"picked":"SKIP","floor":28},{"not_picked":["Chaos","Cold Snap"],"picked":"Scrape","floor":31},{"not_picked":["Ball Lightning","Darkness","Reinforced Body"],"picked":"SKIP","floor":31},{"not_picked":["Machine Learning","Echo Form"],"picked":"Seek","floor":33},{"not_picked":["BootSequence","Storm"],"picked":"Go for the Eyes+1","floor":35},{"not_picked":["Compile Driver+1","Cold Snap+1"],"picked":"Conserve Battery","floor":35},{"not_picked":["Hyperbeam","Cold Snap+1"],"picked":"Capacitor","floor":37},{"not_picked":["Aggregate+1","Streamline+1","Rebound+1"],"picked":"SKIP","floor":37},{"not_picked":["Compile Driver+1","Blizzard"],"picked":"Gash","floor":38},{"not_picked":["Heatsinks","Turbo"],"picked":"Glacier","floor":38},{"not_picked":["Leap","Steam"],"picked":"Self Repair+1","floor":39},{"not_picked":["Barrage","Melter+1","Turbo"],"picked":"SKIP","floor":39},{"not_picked":["Trip","Panacea"],"picked":"Bandage Up","floor":41},{"not_picked":["Heatsinks","Hologram","Conserve Battery"],"picked":"SKIP","floor":45},{"not_picked":["Melter+1","Rebound","Force Field"],"picked":"SKIP","floor":45},{"not_picked":["Multi-Cast","Storm+1"],"picked":"Capacitor+1","floor":46},{"not_picked":["Double Energy","Skim"],"picked":"Beam Cell","floor":48},{"not_picked":["Tempest+1","Consume"],"picked":"White Noise+1","floor":48},{"not_picked":["Go for the Eyes","Chaos","Consume+1"],"picked":"SKIP","floor":54}],"player_experience":317380,"relics_obtained":[{"floor":7,"key":"Orichalcum"},{"floor":9,"key":"Cables"},{"floor":11,"key":"Vajra"},{"floor":20,"key":"Mango"},{"floor":20,"key":"Bottled Flame"},{"floor":24,"key":"Prayer Wheel"},{"floor":43,"key":"Kunai"},{"floor":46,"key":"Blue Candle"},{"floor":54,"key":"Pen Nib"}],"event_choices":[{"damage_healed":0,"gold_gain":0,"player_choice":"Donut","damage_taken":0,"max_hp_gain":5,"max_hp_loss":0,"event_name":"Big Fish","floor":3,"gold_loss":0},{"damage_healed":0,"gold_gain":0,"player_choice":"Success","damage_taken":12,"relics_obtained":["Boot"],"max_hp_gain":0,"max_hp_loss":0,"event_name":"Scrap Ooze","floor":4,"gold_loss":0},{"damage_healed":0,"gold_gain":0,"player_choice":"Upgraded","damage_taken":0,"max_hp_gain":0,"max_hp_loss":0,"event_name":"Upgrade Shrine","floor":5,"gold_loss":0,"cards_upgraded":["Cold Snap"]},{"damage_healed":0,"gold_gain":0,"player_choice":"Obtained Relic","damage_taken":0,"relics_obtained":["Juzu Bracelet"],"max_hp_gain":0,"max_hp_loss":0,"event_name":"Addict","floor":19,"gold_loss":85},{"damage_healed":0,"gold_gain":0,"player_choice":"Fight","damage_taken":0,"max_hp_gain":0,"max_hp_loss":0,"event_name":"Colosseum","floor":20,"gold_loss":0},{"damage_healed":0,"gold_gain":0,"player_choice":"Fought Nobs","damage_taken":0,"max_hp_gain":0,"max_hp_loss":0,"event_name":"Colosseum","floor":20,"gold_loss":0},{"damage_healed":0,"gold_gain":0,"cards_transformed":["Compile Driver","Coolheaded"],"player_choice":"Became Test Subject","damage_taken":0,"max_hp_gain":0,"max_hp_loss":0,"event_name":"Drug Dealer","floor":21,"gold_loss":0,"cards_obtained":["Rebound","White Noise"]},{"damage_healed":0,"gold_gain":0,"player_choice":"Ignored","damage_taken":0,"max_hp_gain":0,"max_hp_loss":0,"event_name":"Vampires","floor":29,"gold_loss":0},{"damage_healed":0,"gold_gain":0,"player_choice":"Embrace Madness","damage_taken":12,"max_hp_gain":0,"max_hp_loss":0,"event_name":"Winding Halls","floor":36,"gold_loss":0,"cards_obtained":["Madness","Madness"]},{"damage_healed":0,"gold_gain":0,"player_choice":"Memory 1","damage_taken":0,"max_hp_gain":0,"max_hp_loss":0,"event_name":"SensoryStone","floor":41,"gold_loss":0}],"is_beta":false,"boss_relics":[{"not_picked":["Calling Bell","Cursed Key"],"picked":"Pandora\u0027s Box"},{"not_picked":["Eternal Feather","Nuclear Battery"],"picked":"FrozenCore"}],"items_purged_floors":[],"is_endless":false,"potions_floor_spawned":[2,10,13,18,20,31,35,37,38,48],"killed_by":"The Heart","ascension_level":1}