{"gold_per_floor":[110,110,120,45,45,80,80,94,94,94,125,7,27,27,27,131,131,142,142,160,160,160],"floor_reached":22,"playtime":1506,"items_purged":["Defend_B"],"score":238,"play_id":"71d4be45-b431-4045-b988-38169b7a6cf4","local_time":"20181121003618","is_ascension_mode":true,"campfire_choices":[{"floor":7.0,"key":"REST"},{"data":"Fusion","floor":10.0,"key":"SMITH"},{"floor":15.0,"key":"REST"}],"neow_cost":"NONE","seed_source_timestamp":0,"circlet_count":0,"master_deck":["Strike_B","Strike_B","Strike_B+1","Strike_B","Defend_B","Defend_B","Dualcast","Fusion+1","Hyperbeam","Conserve Battery","Buffer","BootSequence","Sweeping Beam+1"],"special_seed":0,"relics":["Sozu","Mercury Hourglass","Incense Burner","Kunai","Odd Mushroom","Fusion Hammer"],"potions_floor_usage":[],"damage_taken":[{"damage":0.0,"enemies":"Small Slimes","floor":1.0,"turns":3.0},{"damage":4.0,"enemies":"2 Louse","floor":3.0,"turns":2.0},{"damage":42.0,"enemies":"3 Sentries","floor":6.0,"turns":7.0},{"damage":0.0,"enemies":"Cultist","floor":8.0,"turns":3.0},{"damage":30.0,"enemies":"Lagavulin","floor":11.0,"turns":6.0},{"damage":0.0,"enemies":"The Mushroom Lair","floor":13.0,"turns":2.0},{"damage":33,"enemies":"The Guardian","floor":16,"turns":13},{"damage":11,"enemies":"Shell Parasite","floor":18,"turns":5},{"damage":35,"enemies":"3 Byrds","floor":20,"turns":4},{"damage":11,"enemies":"Sentry and Sphere","floor":22,"turns":2}],"seed_played":"6186593999393881290","potions_obtained":[],"is_trial":false,"path_per_floor":["M","?","M","$","?","E","R","M","T","R","E","$","?","?","R","B",null,"M","?","M","?","M"],"character_chosen":"DEFECT","items_purchased":["Hyperbeam","Conserve Battery"],"campfire_rested":2,"item_purchase_floors":[12,12],"current_hp_per_floor":[75,68,64,64,64,22,44,44,44,44,14,14,14,14,36,3,57,46,46,11,11,0],"gold":160,"neow_bonus":"BOSS_RELIC","is_prod":false,"is_daily":false,"chose_seed":false,"campfire_upgraded":1,"win_rate":0,"timestamp":1542778578,"path_taken":["M","?","M","$","?","E","R","?","T","R","E","$","?","?","R","BOSS","M","?","?","?","M"],"build_version":"2018-11-15","purchased_purges":1,"victory":false,"max_hp_per_floor":[75,75,75,75,75,75,75,75,75,75,75,75,75,75,75,75,75,75,75,75,75,75],"card_choices":[{"not_picked":["Turbo","Compile Driver","Redo"],"picked":"SKIP","floor":1.0},{"not_picked":["Cold Snap","Rip and Tear","Beam Cell"],"picked":"SKIP","floor":3.0},{"not_picked":["Auto Shields","Conserve Battery"],"picked":"Fusion","floor":6.0},{"not_picked":["Force Field","Leap","Beam Cell"],"picked":"SKIP","floor":8.0},{"not_picked":["Stack","Gash","Leap"],"picked":"SKIP","floor":11.0},{"not_picked":["Creative AI","Hyperbeam"],"picked":"Buffer","floor":16},{"not_picked":["Consume","Compile Driver"],"picked":"BootSequence","floor":18},{"not_picked":["Doom and Gloom","Rebound"],"picked":"Sweeping Beam+1","floor":20}],"player_experience":206554,"relics_obtained":[{"floor":6.0,"key":"Mercury Hourglass"},{"floor":9.0,"key":"Incense Burner"},{"floor":11.0,"key":"Kunai"},{"floor":13.0,"key":"Odd Mushroom"}],"event_choices":[{"cards_removed":["Defend_B"],"damage_healed":0.0,"max_hp_gain":0.0,"max_hp_loss":0.0,"gold_gain":0.0,"event_name":"Golden Wing","player_choice":"Card Removal","floor":2.0,"gold_loss":0.0,"damage_taken":7.0},{"damage_healed":0.0,"max_hp_gain":0.0,"max_hp_loss":0.0,"gold_gain":0.0,"event_name":"Upgrade Shrine","player_choice":"Upgraded","floor":5.0,"gold_loss":0.0,"damage_taken":0.0,"cards_upgraded":["Strike_B"]},{"damage_healed":0.0,"max_hp_gain":0.0,"max_hp_loss":0.0,"gold_gain":0.0,"event_name":"Mushrooms","player_choice":"Fought Mushrooms","floor":13.0,"gold_loss":0.0,"damage_taken":0.0},{"damage_healed":0.0,"max_hp_gain":0.0,"max_hp_loss":0.0,"gold_gain":0.0,"event_name":"Scrap Ooze","player_choice":"Fled","floor":14.0,"gold_loss":0.0,"damage_taken":0.0},{"damage_healed":0,"gold_gain":0,"player_choice":"Ignored","damage_taken":0,"max_hp_gain":0,"max_hp_loss":0,"event_name":"N\u0027loth","floor":19,"gold_loss":0},{"cards_removed":["Zap"],"damage_healed":0,"gold_gain":0,"player_choice":"Elegance","damage_taken":0,"max_hp_gain":0,"max_hp_loss":0,"event_name":"Back to Basics","floor":21,"gold_loss":0}],"is_beta":false,"boss_relics":[{"not_picked":["Philosopher\u0027s Stone","Eternal Feather"],"picked":"Fusion Hammer"}],"items_purged_floors":[4],"is_endless":false,"potions_floor_spawned":[3,6,8,11,16,18,20],"killed_by":"Sentry and Sphere","ascension_level":5}