{"gold_per_floor":[112,130,145,159,209,235,251,268,268,268,286,286,298,318,318,318],"floor_reached":16,"playtime":801,"items_purged":[],"score":216,"play_id":"8bc4c8fa-029e-4ad3-a61b-a3c1f1520f3c","local_time":"20190326192503","is_ascension_mode":true,"campfire_choices":[{"data":"Inflame","floor":10.0,"key":"SMITH"},{"data":"Shockwave","floor":12.0,"key":"SMITH"},{"data":"Bash","floor":15.0,"key":"SMITH"}],"neow_cost":"NONE","seed_source_timestamp":1176776418265891,"circlet_count":0,"master_deck":["AscendersBane","Strike_R","Strike_R","Strike_R","Strike_R","Strike_R","Defend_R","Defend_R","Defend_R","Defend_R","Bash+1","Shrug It Off","Shrug It Off","Feel No Pain","Twin Strike+1","Inflame+1","Feed+1","Doubt","Shockwave+1","Exhume","Perfected Strike+1"],"special_seed":0,"relics":["Cursed Key","Molten Egg 2","Bottled Tornado"],"potions_floor_usage":[],"damage_taken":[{"damage":0.0,"enemies":"Cultist","floor":1.0,"turns":3.0},{"damage":2.0,"enemies":"Jaw Worm","floor":2.0,"turns":3.0},{"damage":1.0,"enemies":"Small Slimes","floor":3.0,"turns":4.0},{"damage":11.0,"enemies":"Exordium Wildlife","floor":4.0,"turns":4.0},{"damage":11.0,"enemies":"3 Sentries","floor":6.0,"turns":17.0},{"damage":0.0,"enemies":"Blue Slaver","floor":7.0,"turns":4.0},{"damage":0.0,"enemies":"Large Slime","floor":8.0,"turns":3.0},{"damage":3.0,"enemies":"3 Louse","floor":11.0,"turns":5.0},{"damage":0.0,"enemies":"Gremlin Gang","floor":13.0,"turns":3.0},{"damage":14.0,"enemies":"Large Slime","floor":14.0,"turns":5.0},{"damage":38,"enemies":"Slime Boss","floor":16,"turns":3}],"seed_played":"-7017055303459135498","potions_obtained":[{"floor":1.0,"key":"Explosive Potion"},{"floor":4.0,"key":"AttackPotion"},{"floor":7.0,"key":"SteroidPotion"}],"is_trial":false,"path_per_floor":["M","M","M","M","?","E","M","M","T","R","M","R","M","M","R","B"],"character_chosen":"IRONCLAD","items_purchased":[],"campfire_rested":0,"item_purchase_floors":[],"current_hp_per_floor":[68,66,65,54,47,36,36,36,36,36,37,37,41,35,35,0],"gold":318,"neow_bonus":"BOSS_RELIC","is_prod":false,"is_daily":false,"chose_seed":false,"campfire_upgraded":3,"win_rate":0,"timestamp":1553642703,"path_taken":["M","M","M","M","?","E","M","?","T","R","?","R","M","M","R","BOSS"],"build_version":"2019-03-15","purchased_purges":0,"victory":false,"max_hp_per_floor":[75,75,75,75,75,75,75,75,75,75,79,79,83,91,91,91],"card_choices":[{"not_picked":["Sever Soul","Seeing Red","Warcry"],"picked":"SKIP","floor":1.0},{"not_picked":["Havoc","Rage"],"picked":"Shrug It Off","floor":2.0},{"not_picked":["Anger","Evolve"],"picked":"Shrug It Off","floor":3.0},{"not_picked":["Twin Strike","Sentinel"],"picked":"Feel No Pain","floor":4.0},{"not_picked":["Bloodletting","Seeing Red"],"picked":"Twin Strike","floor":6.0},{"not_picked":["Havoc","Pommel Strike+1"],"picked":"Inflame","floor":7.0},{"not_picked":["Headbutt+1","Shrug It Off"],"picked":"Feed+1","floor":8.0},{"not_picked":["Pommel Strike+1","Flex"],"picked":"Shockwave","floor":11.0},{"not_picked":["Sever Soul+1","Shrug It Off"],"picked":"Exhume","floor":13.0},{"not_picked":["Thunderclap+1","Havoc"],"picked":"Perfected Strike+1","floor":14.0}],"player_experience":1293236,"relics_obtained":[{"floor":6.0,"key":"Molten Egg 2"},{"floor":9.0,"key":"Bottled Tornado"}],"event_choices":[{"damage_healed":0.0,"max_hp_gain":0.0,"max_hp_loss":0.0,"gold_gain":50.0,"event_name":"FaceTrader","player_choice":"Touch","floor":5.0,"gold_loss":0.0,"damage_taken":7.0}],"is_beta":true,"boss_relics":[],"items_purged_floors":[],"is_endless":false,"potions_floor_spawned":[1,4,7],"killed_by":"Slime Boss","ascension_level":20}