{"gold_per_floor":[114,69,82,32,58,92,70,70,70,81,109,119,119,139,139,234,234,249,249,174,194,43,43,71,83,128,128],"floor_reached":27,"playtime":1031,"items_purged":[],"score":386,"play_id":"88ef91ce-e077-4448-9a60-805b790ba375","local_time":"20181223051240","is_ascension_mode":true,"campfire_choices":[{"data":"Zap","floor":8,"key":"SMITH"},{"floor":15,"key":"REST"},{"floor":23,"key":"REST"}],"neow_cost":"NONE","seed_source_timestamp":910813044003520,"circlet_count":0,"master_deck":["Strike_B","Strike_B","Defend_B","Defend_B","Defend_B","Defend_B","Zap+1","Dualcast","Go for the Eyes","Gash","Rebound","Coolheaded","Gash","Buffer","Hologram","Machine Learning","Hologram","Gash+1","Rebound"],"relics":["Cracked Core","NeowsBlessing","Pen Nib","Gremlin Horn","Vajra","Strawberry","Sozu","Orichalcum","Bottled Flame","Smiling Mask"],"potions_floor_usage":[16,24],"damage_taken":[{"damage":0,"enemies":"Cultist","floor":1,"turns":1},{"damage":0,"enemies":"Jaw Worm","floor":3,"turns":1},{"damage":0,"enemies":"Lagavulin","floor":6,"turns":1},{"damage":0,"enemies":"2 Louse","floor":10,"turns":2},{"damage":27,"enemies":"3 Sentries","floor":11,"turns":6},{"damage":4,"enemies":"Looter","floor":12,"turns":2},{"damage":14,"enemies":"3 Louse","floor":14,"turns":2},{"damage":37,"enemies":"Hexaghost","floor":16,"turns":9},{"damage":7,"enemies":"Chosen","floor":18,"turns":4},{"damage":17,"enemies":"Shell Parasite","floor":21,"turns":4},{"damage":23,"enemies":"Gremlin Leader","floor":24,"turns":6},{"damage":30,"enemies":"Snake Plant","floor":25,"turns":3},{"damage":17,"enemies":"Chosen and Byrds","floor":27,"turns":4}],"seed_played":"-8434623431638411936","potions_obtained":[{"floor":11,"key":"Poison Potion"},{"floor":16,"key":"Block Potion"}],"is_trial":false,"path_per_floor":["M","$","M","?","T","E","$","R","T","M","E","M","?","M","R","B",null,"M","?","?","M","$","R","E","M","T","M"],"character_chosen":"DEFECT","items_purchased":["Go for the Eyes","Rebound","Orichalcum"],"campfire_rested":2,"item_purchase_floors":[2,7,22],"current_hp_per_floor":[68,68,68,68,68,68,68,68,68,68,48,44,44,30,54,17,66,59,59,59,42,42,66,43,13,13,0],"gold":128,"neow_bonus":"THREE_ENEMY_KILL","is_prod":false,"is_daily":false,"chose_seed":false,"campfire_upgraded":1,"win_rate":0,"timestamp":1545559960,"path_taken":["M","$","?","?","?","E","$","R","T","M","E","M","?","M","R","BOSS","M","?","?","M","$","R","E","M","T","M"],"build_version":"2018-12-20","purchased_purges":0,"victory":false,"max_hp_per_floor":[75,75,75,75,75,75,75,75,75,75,82,82,82,82,82,82,82,82,82,82,82,82,82,82,82,82,82],"card_choices":[{"not_picked":["Streamline","Chaos","Lockon"],"picked":"SKIP","floor":1},{"not_picked":["Tempest","Undo"],"picked":"Capacitor","floor":3},{"not_picked":["Cold Snap","Scrape"],"picked":"Gash","floor":6},{"not_picked":["Compile Driver","Static Discharge"],"picked":"Coolheaded","floor":10},{"not_picked":["Steam","Capacitor"],"picked":"Gash","floor":11},{"not_picked":["Leap","Cold Snap"],"picked":"Buffer","floor":12},{"not_picked":["Coolheaded","Redo"],"picked":"Hologram","floor":14},{"not_picked":["Reboot","Thunder Strike"],"picked":"Machine Learning","floor":16},{"not_picked":["Stack","Turbo"],"picked":"Hologram","floor":18},{"not_picked":["Coolheaded","Hologram+1"],"picked":"Gash+1","floor":21},{"not_picked":["Multi-Cast","Capacitor+1","Self Repair"],"picked":"SKIP","floor":24},{"not_picked":["Fusion","Barrage"],"picked":"Rebound","floor":25}],"player_experience":323787,"relics_obtained":[{"floor":5,"key":"Pen Nib"},{"floor":6,"key":"Gremlin Horn"},{"floor":9,"key":"Vajra"},{"floor":11,"key":"Strawberry"},{"floor":24,"key":"Bottled Flame"},{"floor":26,"key":"Smiling Mask"}],"event_choices":[{"cards_removed":["Strike_B"],"damage_healed":0,"gold_gain":0,"player_choice":"Card Removal","damage_taken":0,"max_hp_gain":0,"max_hp_loss":0,"event_name":"The Cleric","floor":4,"gold_loss":50},{"cards_removed":["Capacitor"],"damage_healed":0,"gold_gain":0,"player_choice":"Forget","damage_taken":0,"max_hp_gain":0,"max_hp_loss":0,"event_name":"Living Wall","floor":13,"gold_loss":0},{"damage_healed":0,"gold_gain":0,"player_choice":"Ignored","damage_taken":0,"max_hp_gain":0,"max_hp_loss":0,"event_name":"Ghosts","floor":19,"gold_loss":0},{"cards_removed":["Strike_B"],"damage_healed":0,"gold_gain":0,"player_choice":"Gave Gold","damage_taken":0,"max_hp_gain":0,"max_hp_loss":0,"event_name":"Beggar","floor":20,"gold_loss":75}],"is_beta":false,"boss_relics":[{"not_picked":["Tiny House","Philosopher\u0027s Stone"],"picked":"Sozu"}],"items_purged_floors":[],"is_endless":false,"potions_floor_spawned":[11,16,21,24,25],"killed_by":"Chosen and Byrds","ascension_level":9}