{"gold_per_floor":[115,164,49,49,49,49,79,94,94,127,77,77,2,13,13,84,84,104,379,396,68,68,103,103,103,156,182,182,213,25,41,41,116,116,132,132,21,31,51,78,92,120,120,189,189,201,67,94,94,94,94,94,94,38,66,66],"floor_reached":57,"playtime":6657,"items_purged":["Strike_B","Regret"],"score":3033,"play_id":"b4ee8bf7-d719-41a6-9206-c5f33d1fcdea","local_time":"20190218224509","is_ascension_mode":true,"campfire_choices":[{"data":"Zap","floor":6.0,"key":"SMITH"},{"data":"Doom and Gloom","floor":15.0,"key":"SMITH"},{"data":"Echo Form","floor":24.0,"key":"SMITH"},{"floor":28.0,"key":"REST"},{"floor":32.0,"key":"RECALL"},{"data":"Buffer","floor":45.0,"key":"SMITH"},{"data":"Capacitor","floor":49.0,"key":"SMITH"},{"data":"Biased Cognition","floor":53.0,"key":"SMITH"}],"neow_cost":"NONE","seed_source_timestamp":0,"circlet_count":0,"master_deck":["AscendersBane","Zap+1","Dualcast+1","Capacitor+1","Defragment+1","Rip and Tear","Doom and Gloom+1","Cold Snap","Conserve Battery+1","Compile Driver","Echo Form+1","Gash","Redo+1","Turbo+1","Core Surge","BootSequence+1","Coolheaded+1","Stack+1","Biased Cognition+1","Buffer+1","Blizzard","Stack+1","Rainbow+1","FTL","Glacier+1","Conserve Battery+1","Steam+1","Conserve Battery+1","Go for the Eyes","Compile Driver","Coolheaded+1","Reprogram+1"],"special_seed":0,"relics":["Cracked Core","NeowsBlessing","Happy Flower","Art of War","Vajra","Toxic Egg 2","Pantograph","Runic Pyramid","MealTicket","War Paint","Omamori","Strawberry","Unceasing Top","Pandora\u0027s Box","SsserpentHead","Lantern","Bottled Lightning","Ancient Tea Set","Question Card","Oddly Smooth Stone"],"potions_floor_usage":[56],"damage_taken":[{"damage":0.0,"enemies":"Cultist","floor":1.0,"turns":1.0},{"damage":0.0,"enemies":"Lagavulin","floor":7.0,"turns":1.0},{"damage":0.0,"enemies":"Jaw Worm","floor":8.0,"turns":1.0},{"damage":6.0,"enemies":"Gremlin Nob","floor":10.0,"turns":3.0},{"damage":2.0,"enemies":"Small Slimes","floor":14.0,"turns":3.0},{"damage":12.0,"enemies":"The Guardian","floor":16.0,"turns":9.0},{"damage":3.0,"enemies":"Spheric Guardian","floor":18.0,"turns":4.0},{"damage":17.0,"enemies":"2 Thieves","floor":20.0,"turns":4.0},{"damage":32.0,"enemies":"Gremlin Leader","floor":23.0,"turns":5.0},{"damage":37.0,"enemies":"Slavers","floor":27.0,"turns":4.0},{"damage":23.0,"enemies":"Gremlin Leader","floor":29.0,"turns":6.0},{"damage":0.0,"enemies":"Cultist and Chosen","floor":31.0,"turns":5.0},{"damage":20.0,"enemies":"Automaton","floor":33.0,"turns":8.0},{"damage":0.0,"enemies":"3 Shapes","floor":35.0,"turns":4.0},{"damage":0.0,"enemies":"Orb Walker","floor":38.0,"turns":4.0},{"damage":9.0,"enemies":"4 Shapes","floor":39.0,"turns":5.0},{"damage":3.0,"enemies":"Reptomancer","floor":40.0,"turns":6.0},{"damage":0.0,"enemies":"Writhing Mass","floor":41.0,"turns":7.0},{"damage":16.0,"enemies":"Giant Head","floor":42.0,"turns":7.0},{"damage":0.0,"enemies":"Sphere and 2 Shapes","floor":44.0,"turns":6.0},{"damage":0.0,"enemies":"4 Shapes","floor":46.0,"turns":7.0},{"damage":0.0,"enemies":"Nemesis","floor":48.0,"turns":7.0},{"damage":0.0,"enemies":"Time Eater","floor":50.0,"turns":14.0},{"damage":9.0,"enemies":"Donu and Deca","floor":51.0,"turns":8.0},{"damage":0.0,"enemies":"Shield and Spear","floor":55.0,"turns":10.0},{"damage":41,"enemies":"The Heart","floor":56,"turns":12}],"seed_played":"582864173447070302","potions_obtained":[{"floor":7.0,"key":"Energy Potion"},{"floor":8.0,"key":"Energy Potion"},{"floor":14.0,"key":"SpeedPotion"},{"floor":20.0,"key":"Regen Potion"},{"floor":31.0,"key":"SkillPotion"},{"floor":33.0,"key":"Dexterity Potion"},{"floor":35.0,"key":"Regen Potion"},{"floor":44.0,"key":"Regen Potion"},{"floor":46.0,"key":"SkillPotion"}],"is_trial":false,"path_per_floor":["M","T","$","?","?","R","E","M","T","E","$","$","$","M","R","B",null,"M","?","M","$","?","E","R","$","T","E","R","E","$","M","R","B",null,"M","?","$","M","M","E","M","E","T","M","R","M","$","E","R","B","B",null,"R","$","E","B",null],"character_chosen":"DEFECT","items_purchased":["Defragment","Rip and Tear","Conserve Battery+1","MealTicket","BootSequence+1","Coolheaded+1","SpeedPotion","Lantern","Reprogram+1","Swift Potion","Block Potion"],"campfire_rested":1,"item_purchase_floors":[3,3,11,21,30,30,30,37,47,47,54],"current_hp_per_floor":[64,64,64,64,53,53,53,53,53,47,47,47,47,45,45,58,68,65,65,48,48,48,30,30,45,45,15,38,15,30,30,30,35,67,67,67,67,67,67,64,64,48,48,48,48,63,78,78,78,78,69,76,76,78,78,37],"gold":66,"neow_bonus":"THREE_ENEMY_KILL","is_prod":false,"is_daily":false,"chose_seed":false,"campfire_upgraded":6,"win_rate":0,"timestamp":1550547909,"path_taken":["M","?","$","?","?","R","E","M","T","E","$","?","$","?","R","BOSS","M","?","?","$","?","E","R","$","T","E","R","E","$","M","R","BOSS","M","?","?","M","M","E","M","E","T","?","R","M","$","E","R","BOSS","BOSS","R","$","E","BOSS"],"build_version":"2019-01-23","purchased_purges":2,"victory":true,"max_hp_per_floor":[71,71,71,71,71,71,71,71,71,71,71,71,71,71,71,71,71,71,71,71,71,71,71,71,71,71,78,78,78,78,78,78,78,78,78,78,78,78,78,78,78,78,78,78,78,78,78,78,78,78,78,78,78,78,78,78],"card_choices":[{"not_picked":["Coolheaded","Lockon"],"picked":"Capacitor","floor":1.0},{"not_picked":["Stack","Leap"],"picked":"Doom and Gloom","floor":7.0},{"not_picked":["Leap","Hello World"],"picked":"Cold Snap","floor":8.0},{"not_picked":["Sunder","Machine Learning","Turbo+1"],"picked":"SKIP","floor":10.0},{"not_picked":["Sweeping Beam","Leap+1"],"picked":"Compile Driver","floor":14.0},{"not_picked":["Core Surge","Thunder Strike"],"picked":"Echo Form","floor":16.0},{"not_picked":["Compile Driver","Ball Lightning","Streamline"],"picked":"SKIP","floor":18.0},{"not_picked":["Barrage+1","Auto Shields+1"],"picked":"Gash","floor":20.0},{"not_picked":["Gash","Cold Snap"],"picked":"Redo+1","floor":23.0},{"not_picked":["Coolheaded+1","Static Discharge"],"picked":"Turbo+1","floor":27.0},{"not_picked":["Streamline","Skim+1"],"picked":"Core Surge","floor":29.0},{"not_picked":["Leap+1","Cold Snap"],"picked":"Stack+1","floor":31.0},{"not_picked":["Amplify+1","Buffer"],"picked":"Biased Cognition","floor":33.0},{"not_picked":["White Noise+1","Melter"],"picked":"Steam+1","floor":35.0},{"not_picked":["Leap+1","Gash+1"],"picked":"Conserve Battery+1","floor":38.0},{"not_picked":["Stack+1","Redo+1","Rainbow+1"],"picked":"SKIP","floor":39.0},{"not_picked":["Stack+1","Redo+1","Rainbow+1"],"picked":"SKIP","floor":39.0},{"not_picked":["Stack+1","Redo+1","Rainbow+1"],"picked":"SKIP","floor":39.0},{"not_picked":["Rainbow+1","Storm"],"picked":"Go for the Eyes","floor":40.0},{"not_picked":["Gash+1","Sweeping Beam+1","Tempest+1"],"picked":"SKIP","floor":41.0},{"not_picked":["Leap+1","Cold Snap"],"picked":"Compile Driver","floor":42.0},{"not_picked":["Melter","Compile Driver","Blizzard+1"],"picked":"SKIP","floor":44.0},{"not_picked":["Genetic Algorithm+1","Steam+1"],"picked":"Coolheaded+1","floor":46.0},{"not_picked":["Turbo+1","Heatsinks","All For One"],"picked":"SKIP","floor":48.0},{"not_picked":["Leap+1","Rebound","Barrage","FTL"],"picked":"SKIP","floor":55.0}],"player_experience":572534,"relics_obtained":[{"floor":2.0,"key":"Happy Flower"},{"floor":7.0,"key":"Vajra"},{"floor":9.0,"key":"Toxic Egg 2"},{"floor":10.0,"key":"Pantograph"},{"floor":23.0,"key":"War Paint"},{"floor":26.0,"key":"Omamori"},{"floor":27.0,"key":"Strawberry"},{"floor":29.0,"key":"Unceasing Top"},{"floor":40.0,"key":"Bottled Lightning"},{"floor":42.0,"key":"Ancient Tea Set"},{"floor":48.0,"key":"Question Card"},{"floor":55.0,"key":"Oddly Smooth Stone"}],"event_choices":[{"damage_healed":0.0,"max_hp_gain":0.0,"max_hp_loss":0.0,"gold_gain":0.0,"event_name":"Living Wall","player_choice":"Grow","floor":4.0,"gold_loss":0.0,"damage_taken":0.0,"cards_upgraded":["Defragment"]},{"damage_healed":0.0,"max_hp_gain":0.0,"max_hp_loss":0.0,"gold_gain":0.0,"event_name":"Scrap Ooze","player_choice":"Success","floor":5.0,"gold_loss":0.0,"damage_taken":11.0,"relics_obtained":["Art of War"]},{"damage_healed":0.0,"max_hp_gain":0.0,"max_hp_loss":0.0,"gold_gain":275.0,"event_name":"Golden Shrine","player_choice":"Desecrate","floor":19.0,"gold_loss":0.0,"damage_taken":0.0,"cards_obtained":["Regret"]},{"damage_healed":0.0,"max_hp_gain":0.0,"max_hp_loss":0.0,"gold_gain":0.0,"event_name":"Beggar","player_choice":"Ignored","floor":22.0,"gold_loss":0.0,"damage_taken":0.0},{"damage_healed":0.0,"max_hp_gain":0.0,"max_hp_loss":0.0,"gold_gain":0.0,"event_name":"FaceTrader","player_choice":"Trade","floor":36.0,"gold_loss":0.0,"damage_taken":0.0,"relics_obtained":["SsserpentHead"]}],"is_beta":false,"boss_relics":[{"not_picked":["Nuclear Battery","Calling Bell"],"picked":"Runic Pyramid"},{"not_picked":["Astrolabe","Fusion Hammer"],"picked":"Pandora\u0027s Box"}],"items_purged_floors":[13,21],"is_endless":false,"potions_floor_spawned":[7,8,14,20,31,33,35,44,46,48],"ascension_level":20}