{"gold_per_floor":[117,117,82,101,116,116,147,157,157,192,192,221,221,239,239,318,318,336,386,386,125,102,102,136,149,149,176,89,89,119,137,137,137],"floor_reached":33,"playtime":1852,"items_purged":[],"score":671,"play_id":"a6c82493-81f5-4724-907a-c3dfef6223c5","local_time":"20190324011040","is_ascension_mode":true,"campfire_choices":[{"data":"Bash","floor":6.0,"key":"SMITH"},{"floor":11.0,"key":"REST"},{"data":"Disarm","floor":13.0,"key":"SMITH"},{"data":"Shockwave","floor":15.0,"key":"SMITH"},{"data":"Armaments","floor":23,"key":"SMITH"},{"data":"Barricade","floor":29,"key":"SMITH"},{"data":"Evolve","floor":32,"key":"SMITH"}],"neow_cost":"TEN_PERCENT_HP_LOSS","seed_source_timestamp":937341619366435,"circlet_count":0,"master_deck":["AscendersBane","Defend_R","Defend_R","Defend_R+1","Defend_R","Bash+1","Evolve+1","Anger","Havoc","Shockwave+1","Disarm+1","Impervious","Feed","Shrug It Off","Bite","Bite","Bite","Bite","Bite","Dark Shackles","Shrug It Off","Armaments+1","Havoc+1","Feel No Pain+1","Barricade+1","Body Slam+1"],"special_seed":0,"relics":["Burning Blood","Calipers","Lantern","Orichalcum","Pantograph","Potion Belt","Mark of Pain","Paper Frog","Sundial","Pear","Art of War"],"potions_floor_usage":[22,24,27,27,30,30],"damage_taken":[{"damage":2.0,"enemies":"Cultist","floor":1.0,"turns":4.0},{"damage":9.0,"enemies":"2 Louse","floor":4.0,"turns":2.0},{"damage":14.0,"enemies":"Jaw Worm","floor":5.0,"turns":4.0},{"damage":24.0,"enemies":"Gremlin Nob","floor":7.0,"turns":4.0},{"damage":22.0,"enemies":"Exordium Wildlife","floor":8.0,"turns":4.0},{"damage":16.0,"enemies":"3 Sentries","floor":10.0,"turns":5.0},{"damage":21.0,"enemies":"Lagavulin","floor":12.0,"turns":6.0},{"damage":3.0,"enemies":"Blue Slaver","floor":14.0,"turns":3.0},{"damage":27.0,"enemies":"The Guardian","floor":16.0,"turns":14.0},{"damage":7.0,"enemies":"Spheric Guardian","floor":18.0,"turns":5.0},{"damage":2,"enemies":"2 Thieves","floor":22,"turns":4},{"damage":23,"enemies":"Gremlin Leader","floor":24,"turns":7},{"damage":1,"enemies":"Snecko","floor":25,"turns":9},{"damage":51,"enemies":"Slavers","floor":27,"turns":8},{"damage":45,"enemies":"Gremlin Leader","floor":30,"turns":12},{"damage":11,"enemies":"3 Cultists","floor":31,"turns":7},{"damage":110,"enemies":"Collector","floor":33,"turns":8}],"seed_played":"4984395428695720834","potions_obtained":[{"floor":1.0,"key":"Weak Potion"},{"floor":8.0,"key":"SkillPotion"},{"floor":14.0,"key":"Fruit Juice"},{"floor":16.0,"key":"FearPotion"},{"floor":22,"key":"PowerPotion"},{"floor":25,"key":"SkillPotion"},{"floor":27,"key":"SteroidPotion"},{"floor":31,"key":"GamblersBrew"}],"is_trial":false,"path_per_floor":["M","?","?","M","M","R","E","M","T","E","R","E","R","M","R","B",null,"M","?","?","$","M","R","E","M","T","E","$","R","E","M","R","B"],"character_chosen":"IRONCLAD","items_purchased":["PowerPotion","Dark Shackles","Explosive Potion","Shrug It Off","Barricade"],"campfire_rested":1,"item_purchase_floors":[21,21,21,21,28],"current_hp_per_floor":[68,48,65,62,54,54,36,20,20,10,30,15,15,18,18,22,57,59,59,49,49,52,52,46,56,56,43,43,43,48,63,63,0],"gold":137,"neow_bonus":"ONE_RARE_RELIC","is_prod":false,"is_daily":false,"chose_seed":false,"campfire_upgraded":6,"win_rate":0,"timestamp":1553404240,"path_taken":["M","?","?","M","M","R","E","M","T","E","R","E","R","M","R","BOSS","M","?","?","$","M","R","E","M","T","E","?","R","E","M","R","BOSS"],"build_version":"2019-03-15","purchased_purges":0,"victory":false,"max_hp_per_floor":[68,68,68,68,68,68,68,68,68,68,68,68,68,68,68,68,68,71,71,49,49,52,52,52,56,56,70,70,70,79,82,82,82],"card_choices":[{"not_picked":["Heavy Blade","Flex"],"picked":"Evolve","floor":1.0},{"not_picked":["Power Through","Sever Soul"],"picked":"Anger","floor":4.0},{"not_picked":["Sentinel","Sever Soul"],"picked":"Havoc","floor":5.0},{"not_picked":["Havoc","Sever Soul"],"picked":"Shockwave","floor":7.0},{"not_picked":["Anger","Pummel","Dual Wield"],"picked":"SKIP","floor":8.0},{"not_picked":["Wild Strike","Rage","Searing Blow"],"picked":"SKIP","floor":10.0},{"not_picked":["Wild Strike","Cleave"],"picked":"Disarm","floor":12.0},{"not_picked":["Sword Boomerang","Body Slam"],"picked":"Impervious","floor":14.0},{"not_picked":["Double Tap","Immolate"],"picked":"Feed","floor":16.0},{"not_picked":["Twin Strike","Cleave"],"picked":"Shrug It Off","floor":18.0},{"not_picked":["Rage","Havoc"],"picked":"Armaments","floor":22},{"not_picked":["Perfected Strike+1","Burning Pact","Armaments"],"picked":"SKIP","floor":24},{"not_picked":["Flex","Clash"],"picked":"Havoc+1","floor":25},{"not_picked":["Body Slam","Shockwave"],"picked":"Feel No Pain+1","floor":27},{"not_picked":["Carnage","Anger"],"picked":"Body Slam+1","floor":30},{"not_picked":["Sword Boomerang","Iron Wave","Reckless Charge"],"picked":"SKIP","floor":31}],"player_experience":1208052,"relics_obtained":[{"floor":7.0,"key":"Lantern"},{"floor":9.0,"key":"Orichalcum"},{"floor":10.0,"key":"Pantograph"},{"floor":12.0,"key":"Potion Belt"},{"floor":24,"key":"Paper Frog"},{"floor":26,"key":"Sundial"},{"floor":27,"key":"Pear"},{"floor":30,"key":"Art of War"}],"event_choices":[{"damage_healed":0.0,"max_hp_gain":0.0,"max_hp_loss":0.0,"gold_gain":0.0,"event_name":"Shining Light","player_choice":"Entered Light","floor":2.0,"gold_loss":0.0,"damage_taken":20.0,"cards_upgraded":["Strike_R","Defend_R"]},{"damage_healed":17.0,"max_hp_gain":0.0,"max_hp_loss":0.0,"gold_gain":0.0,"event_name":"The Cleric","player_choice":"Healed","floor":3.0,"gold_loss":35.0,"damage_taken":0.0},{"damage_healed":0.0,"max_hp_gain":0.0,"max_hp_loss":0.0,"gold_gain":50.0,"event_name":"Nest","player_choice":"Stole From Cult","floor":19.0,"gold_loss":0.0,"damage_taken":0.0},{"damage_healed":0.0,"max_hp_gain":0.0,"max_hp_loss":22.0,"gold_gain":0.0,"event_name":"Vampires","player_choice":"Became a vampire","floor":20.0,"gold_loss":0.0,"damage_taken":0.0,"cards_obtained":["Bite","Bite","Bite","Bite","Bite"]}],"is_beta":true,"boss_relics":[{"not_picked":["Empty Cage","Philosopher\u0027s Stone"],"picked":"Mark of Pain"}],"items_purged_floors":[],"is_endless":false,"potions_floor_spawned":[1,8,14,16,22,25,27,31],"killed_by":"Collector","ascension_level":20}