{"gold_per_floor":[117,133,145,158,176,176,176,176,176,176,195,120,153,153,153,249,249,263,281,295,295,295],"floor_reached":22,"playtime":1269,"items_purged":["Strike_G"],"score":376,"play_id":"b2f7da3c-9630-409b-a498-690f796377ae","local_time":"20190319100833","is_ascension_mode":true,"campfire_choices":[{"data":"Bouncing Flask","floor":6,"key":"SMITH"},{"data":"Caltrops","floor":8,"key":"SMITH"},{"data":"Neutralize","floor":15,"key":"SMITH"}],"neow_cost":"NONE","seed_source_timestamp":538293453581706,"circlet_count":0,"master_deck":["AscendersBane","Defend_G","Defend_G","Defend_G","Defend_G","Defend_G","Strike_G","Strike_G","Strike_G","Survivor+1","Neutralize+1","Acrobatics+1","Bouncing Flask+1","Underhanded Strike","Caltrops+1","Dagger Throw","Dagger Throw","Tools of the Trade","Prepared+1","Dagger Spray+1","Footwork"],"relics":["Snecko Eye","Bloody Idol","Matryoshka","War Paint","Turnip","Cursed Key"],"potions_floor_usage":[4,11,16,20],"damage_taken":[{"damage":1,"enemies":"Cultist","floor":1,"turns":4},{"damage":0,"enemies":"2 Louse","floor":2,"turns":3},{"damage":0,"enemies":"Jaw Worm","floor":3,"turns":3},{"damage":5,"enemies":"2 Fungi Beasts","floor":4,"turns":5},{"damage":19,"enemies":"Lots of Slimes","floor":5,"turns":6},{"damage":8,"enemies":"Blue Slaver","floor":11,"turns":4},{"damage":14,"enemies":"Lagavulin","floor":13,"turns":4},{"damage":7,"enemies":"Hexaghost","floor":16,"turns":7},{"damage":1,"enemies":"3 Byrds","floor":18,"turns":3},{"damage":28,"enemies":"2 Thieves","floor":19,"turns":4},{"damage":18,"enemies":"Shelled Parasite and Fungi","floor":20,"turns":5},{"damage":0,"enemies":"Snecko","floor":22,"turns":2}],"seed_played":"8557946255003707994","potions_obtained":[{"floor":3,"key":"SpeedPotion"},{"floor":4,"key":"Fruit Juice"},{"floor":5,"key":"Ancient Potion"},{"floor":11,"key":"Block Potion"},{"floor":13,"key":"GhostInAJar"},{"floor":19,"key":"Strength Potion"}],"is_trial":false,"path_per_floor":["M","M","M","M","M","R","?","R","T","?","M","$","E","?","R","B",null,"M","M","M","?","M"],"character_chosen":"THE_SILENT","items_purchased":[],"campfire_rested":0,"item_purchase_floors":[],"current_hp_per_floor":[58,58,58,53,34,34,34,34,34,34,31,31,17,17,17,10,51,50,22,4,4,4],"gold":295,"neow_bonus":"BOSS_RELIC","is_prod":false,"is_daily":false,"chose_seed":false,"campfire_upgraded":3,"win_rate":0,"timestamp":1553004513,"path_taken":["M","M","M","?","M","R","?","R","T","?","?","$","E","?","R","BOSS","M","?","M","?","M"],"build_version":"2019-03-15","purchased_purges":1,"victory":false,"max_hp_per_floor":[66,66,66,66,66,66,60,60,60,60,65,65,65,65,65,65,65,65,65,65,65,65],"card_choices":[{"not_picked":["Bane","Concentrate"],"picked":"Acrobatics","floor":1},{"not_picked":["Well Laid Plans","Cloak And Dagger"],"picked":"Bouncing Flask","floor":2},{"not_picked":["Expertise","Quick Slash","Flying Knee"],"picked":"SKIP","floor":3},{"not_picked":["Infinite Blades","Prepared"],"picked":"Underhanded Strike","floor":4},{"not_picked":["Acrobatics","Accuracy"],"picked":"Caltrops","floor":5},{"not_picked":["Blade Dance","Dagger Spray"],"picked":"Dagger Throw","floor":11},{"not_picked":["Blade Dance","Dodge and Roll"],"picked":"Dagger Throw","floor":13},{"not_picked":["A Thousand Cuts","Phantasmal Killer"],"picked":"Tools of the Trade","floor":16},{"not_picked":["Slice","Deflect"],"picked":"Prepared+1","floor":18},{"not_picked":["Choke","Backflip"],"picked":"Dagger Spray+1","floor":19},{"not_picked":["Dagger Throw","Concentrate+1"],"picked":"Footwork","floor":20}],"player_experience":1140849,"relics_obtained":[{"floor":9,"key":"Matryoshka"},{"floor":10,"key":"War Paint"},{"floor":13,"key":"Turnip"}],"event_choices":[{"damage_healed":0,"gold_gain":0,"player_choice":"Lose Max HP","damage_taken":0,"relics_obtained":["Golden Idol"],"max_hp_gain":0,"max_hp_loss":6,"event_name":"Golden Idol","floor":7,"gold_loss":0},{"damage_healed":0,"gold_gain":0,"player_choice":"Relic","damage_taken":0,"max_hp_gain":0,"max_hp_loss":0,"event_name":"Wheel of Change","floor":10,"gold_loss":0},{"cards_removed":["Strike_G"],"damage_healed":0,"gold_gain":0,"player_choice":"Offered Basic","damage_taken":0,"max_hp_gain":0,"max_hp_loss":0,"event_name":"Bonfire Elementals","floor":14,"gold_loss":0},{"damage_healed":0,"gold_gain":0,"player_choice":"Gave Idol","damage_taken":0,"relics_obtained":["Bloody Idol"],"max_hp_gain":0,"max_hp_loss":0,"event_name":"Forgotten Altar","floor":21,"relics_lost":["Golden Idol"],"gold_loss":0}],"is_beta":true,"boss_relics":[{"not_picked":["Sozu","WristBlade"],"picked":"Cursed Key"}],"items_purged_floors":[12],"is_endless":false,"potions_floor_spawned":[3,4,5,11,13,19],"killed_by":"Snecko","ascension_level":20}