{"gold_per_floor":[118,118,135,152,152,152,152,172,196,208,255,267,349,395,407,538,550,575,587,613,625,552,564,589,619,661,673],"floor_reached":27,"playtime":1539,"items_purged":[],"score":290,"play_id":"d53749ec-cb24-4278-86a3-b45ecdd2a131","local_time":"20181208195704","is_ascension_mode":true,"campfire_choices":[{"data":"Neutralize","floor":6,"key":"SMITH"},{"floor":10,"key":"REST"},{"floor":15,"key":"REST"}],"neow_cost":"PERCENT_DAMAGE","seed_source_timestamp":585483481767202,"circlet_count":0,"master_deck":["Defend_G","Defend_G","Defend_G","Defend_G","Defend_G","Survivor","Neutralize+1","Heel Hook","Choke","Flying Knee","Doppelganger","Heel Hook","Sucker Punch","A Thousand Cuts","Well Laid Plans+1","Heel Hook","Quick Slash","Bite","Bite","Bite","Bite","Bite","Flying Knee","Dagger Spray+1"],"relics":["Ring of the Snake","Incense Burner","Happy Flower","Golden Idol","Question Card","MawBank","Smiling Mask","Art of War","Coffee Dripper","Ice Cream","Tiny Chest"],"potions_floor_usage":[11,11,16,27],"damage_taken":[{"damage":1,"enemies":"Small Slimes","floor":1,"turns":5},{"damage":0,"enemies":"2 Louse","floor":3,"turns":3},{"damage":2,"enemies":"Jaw Worm","floor":4,"turns":4},{"damage":9,"enemies":"3 Louse","floor":8,"turns":3},{"damage":8,"enemies":"Gremlin Nob","floor":11,"turns":4},{"damage":26,"enemies":"Lagavulin","floor":14,"turns":7},{"damage":6,"enemies":"Slime Boss","floor":16,"turns":8},{"damage":1,"enemies":"Chosen","floor":18,"turns":4},{"damage":28,"enemies":"Spheric Guardian","floor":20,"turns":5},{"damage":22,"enemies":"Shelled Parasite and Fungi","floor":24,"turns":6},{"damage":30,"enemies":"Snake Plant","floor":25,"turns":5},{"damage":36,"enemies":"Centurion and Healer","floor":27,"turns":3}],"seed_played":"-7393951671965783369","potions_obtained":[{"floor":3,"key":"FearPotion"},{"floor":8,"key":"Fire Potion"},{"floor":14,"key":"AttackPotion"},{"floor":25,"key":"Explosive Potion"}],"is_trial":false,"path_per_floor":["M","?","M","M","?","R","?","M","T","R","E","$","?","E","R","B",null,"M","?","M","?","?","?","M","M","T","M"],"character_chosen":"THE_SILENT","items_purchased":[],"campfire_rested":2,"item_purchase_floors":[],"current_hp_per_floor":[48,30,30,28,28,28,28,19,19,38,30,30,30,4,23,17,65,64,64,36,36,36,36,32,18,18,0],"gold":673,"neow_bonus":"ONE_RARE_RELIC","is_prod":false,"is_daily":false,"chose_seed":false,"campfire_upgraded":1,"win_rate":0,"timestamp":1544317024,"path_taken":["M","?","M","M","?","R","?","M","T","R","E","?","?","E","R","BOSS","M","?","M","?","?","?","M","M","T","?"],"build_version":"2018-12-06","purchased_purges":0,"victory":false,"max_hp_per_floor":[70,70,70,70,65,65,65,65,65,65,65,65,65,65,65,65,65,65,65,65,45,45,45,45,45,45,45],"card_choices":[{"not_picked":["Quick Slash","Blade Dance"],"picked":"Heel Hook","floor":1},{"not_picked":["Sucker Punch","Underhanded Strike"],"picked":"Choke","floor":3},{"not_picked":["Expertise","Calculated Gamble"],"picked":"Flying Knee","floor":4},{"not_picked":["Outmaneuver","Blade Dance","Underhanded Strike"],"picked":"Doppelganger","floor":8},{"not_picked":["Acrobatics","Deflect","Slice"],"picked":"Heel Hook","floor":11},{"not_picked":["Outmaneuver","Accuracy","Glass Knife"],"picked":"Sucker Punch","floor":14},{"not_picked":["Malaise","Venomology","Storm of Steel"],"picked":"A Thousand Cuts","floor":16},{"not_picked":["Deflect","Calculated Gamble+1","Poisoned Stab"],"picked":"Well Laid Plans+1","floor":18},{"not_picked":["Calculated Gamble","Tactician","Slice"],"picked":"Quick Slash","floor":20},{"not_picked":["PiercingWail","Deadly Poison+1","Blade Dance"],"picked":"Flying Knee","floor":24},{"not_picked":["Concentrate","A Thousand Cuts","Blade Dance+1"],"picked":"Dagger Spray+1","floor":25}],"player_experience":147384,"relics_obtained":[{"floor":9,"key":"MawBank"},{"floor":11,"key":"Smiling Mask"},{"floor":14,"key":"Art of War"},{"floor":26,"key":"Tiny Chest"}],"event_choices":[{"damage_healed":0,"gold_gain":0,"player_choice":"Success","damage_taken":18,"relics_obtained":["Happy Flower"],"max_hp_gain":0,"max_hp_loss":0,"event_name":"Scrap Ooze","floor":2,"gold_loss":0},{"damage_healed":0,"gold_gain":0,"player_choice":"Lose Max HP","damage_taken":0,"relics_obtained":["Golden Idol"],"max_hp_gain":0,"max_hp_loss":5,"event_name":"Golden Idol","floor":5,"gold_loss":0},{"damage_healed":0,"gold_gain":0,"player_choice":"Box","damage_taken":0,"relics_obtained":["Question Card"],"max_hp_gain":0,"max_hp_loss":0,"event_name":"Big Fish","floor":7,"gold_loss":0,"cards_obtained":["Regret"]},{"damage_healed":0,"gold_gain":70,"player_choice":"Gained Gold","damage_taken":0,"max_hp_gain":0,"max_hp_loss":0,"event_name":"Golden Wing","floor":13,"gold_loss":0},{"damage_healed":0,"gold_gain":0,"player_choice":"Read","damage_taken":0,"max_hp_gain":0,"max_hp_loss":0,"event_name":"The Library","floor":19,"gold_loss":0,"cards_obtained":["Heel Hook"]},{"damage_healed":0,"gold_gain":0,"player_choice":"Became a vampire","damage_taken":0,"max_hp_gain":0,"max_hp_loss":20,"event_name":"Vampires","floor":21,"gold_loss":0,"cards_obtained":["Bite","Bite","Bite","Bite","Bite"]},{"damage_healed":0,"gold_gain":0,"player_choice":"Obtained Relic","damage_taken":0,"relics_obtained":["Ice Cream"],"max_hp_gain":0,"max_hp_loss":0,"event_name":"Addict","floor":22,"gold_loss":85},{"cards_removed":["Regret"],"damage_healed":0,"gold_gain":0,"player_choice":"Purged","damage_taken":0,"max_hp_gain":0,"max_hp_loss":0,"event_name":"Purifier","floor":23,"gold_loss":0}],"is_beta":true,"boss_relics":[{"not_picked":["Orrery","Velvet Choker"],"picked":"Coffee Dripper"}],"items_purged_floors":[],"is_endless":false,"potions_floor_spawned":[3,8,14,25],"killed_by":"Centurion and Healer","ascension_level":4}