{"gold_per_floor":[118,49,66,76,86,86,86,86,112,112,129,139,139,149,149,247,247,262,282,51,62,62,62,62,62,114,114,43,43,43,73,73,73],"floor_reached":33,"playtime":1044,"items_purged":["Strike_B"],"score":289,"play_id":"5237b851-419b-4866-b2ae-ae4ca7d5372b","local_time":"20190306024357","is_ascension_mode":true,"campfire_choices":[{"data":"Sunder","floor":6,"key":"SMITH"},{"data":"Beam Cell","floor":8,"key":"SMITH"},{"data":"Redo","floor":10,"key":"SMITH"},{"data":"Zap","floor":15,"key":"SMITH"},{"floor":23,"key":"REST"},{"floor":25,"key":"REST"},{"data":"Genetic Algorithm","floor":27,"key":"SMITH"},{"data":"Self Repair","floor":30,"key":"SMITH"},{"floor":32,"key":"REST"}],"neow_cost":"NONE","seed_source_timestamp":38474350424457,"circlet_count":0,"master_deck":["Strike_B","Defend_B","Defend_B","Defend_B","Defend_B","Zap+1","Dualcast","Redo+1","Gash","Beam Cell+1","Turbo","Sunder+1","Conserve Battery","Buffer","Genetic Algorithm+1","Redo+1","Self Repair+1","Double Energy","Auto Shields","Scrape"],"relics":["Cracked Core","Centennial Puzzle","Blood Vial","Bag of Marbles","Ice Cream"],"potions_floor_usage":[11,19,24,31],"damage_taken":[{"damage":0,"enemies":"Cultist","floor":1,"turns":4},{"damage":0,"enemies":"2 Louse","floor":3,"turns":4},{"damage":2,"enemies":"Small Slimes","floor":4,"turns":2},{"damage":4,"enemies":"Exordium Wildlife","floor":5,"turns":3},{"damage":0,"enemies":"Exordium Thugs","floor":11,"turns":1},{"damage":2,"enemies":"3 Louse","floor":12,"turns":3},{"damage":12,"enemies":"Blue Slaver","floor":14,"turns":2},{"damage":45,"enemies":"The Guardian","floor":16,"turns":8},{"damage":10,"enemies":"Spheric Guardian","floor":18,"turns":4},{"damage":14,"enemies":"Shell Parasite","floor":19,"turns":4},{"damage":40,"enemies":"Snake Plant","floor":21,"turns":6},{"damage":30,"enemies":"Gremlin Leader","floor":24,"turns":7},{"damage":56,"enemies":"Book of Stabbing","floor":31,"turns":7},{"damage":43,"enemies":"Champ","floor":33,"turns":10}],"seed_played":"-9036187465680796236","potions_obtained":[{"floor":5,"key":"Fire Potion"},{"floor":11,"key":"Ancient Potion"},{"floor":16,"key":"SteroidPotion"},{"floor":19,"key":"SmokeBomb"}],"is_trial":false,"path_per_floor":["M","$","M","M","M","R","?","R","T","R","M","M","?","M","R","B",null,"M","M","$","M","?","R","E","R","T","R","$","?","R","E","R","B"],"character_chosen":"DEFECT","items_purchased":["Gash","Beam Cell","Bag of Marbles","Scrape"],"campfire_rested":3,"item_purchase_floors":[2,2,20,28],"current_hp_per_floor":[75,75,75,73,69,69,75,75,75,75,75,73,66,56,56,13,72,62,50,50,12,12,33,12,33,33,33,33,57,57,13,34,0],"gold":73,"neow_bonus":"RANDOM_COMMON_RELIC","is_prod":false,"is_daily":false,"chose_seed":false,"campfire_upgraded":6,"win_rate":0,"timestamp":1551869037,"path_taken":["M","?","?","M","M","R","?","R","T","R","M","M","?","M","R","BOSS","M","M","$","M","?","R","E","R","T","R","?","?","R","E","R","BOSS"],"build_version":"2019-01-23","purchased_purges":1,"victory":false,"max_hp_per_floor":[75,75,75,75,75,75,75,75,75,75,75,75,72,72,72,72,72,72,72,72,72,72,72,72,72,72,72,72,72,72,72,72,72],"card_choices":[{"not_picked":["Go for the Eyes","Steam Power"],"picked":"Redo","floor":1},{"not_picked":["Heatsinks","Stack"],"picked":"Turbo","floor":3},{"not_picked":["Steam","Chill"],"picked":"Sunder","floor":4},{"not_picked":["Barrage","Redo"],"picked":"Conserve Battery","floor":5},{"not_picked":["Steam Power","Aggregate","Go for the Eyes"],"picked":"SKIP","floor":11},{"not_picked":["Chaos","Amplify","Storm"],"picked":"SKIP","floor":12},{"not_picked":["Redo","Reinforced Body","Go for the Eyes"],"picked":"SKIP","floor":14},{"not_picked":["Rainbow","Reboot"],"picked":"Buffer","floor":16},{"not_picked":["Leap+1","Conserve Battery"],"picked":"Genetic Algorithm","floor":18},{"not_picked":["Reinforced Body+1","White Noise"],"picked":"Redo+1","floor":19},{"not_picked":["Hello World","Fusion"],"picked":"Self Repair","floor":21},{"not_picked":["Loop","Sunder","Reprogram+1"],"picked":"SKIP","floor":31}],"player_experience":302940,"relics_obtained":[{"floor":9,"key":"Blood Vial"},{"floor":31,"key":"Ice Cream"}],"event_choices":[{"damage_healed":18,"gold_gain":0,"player_choice":"Healed and dodged fight","damage_taken":0,"max_hp_gain":0,"max_hp_loss":0,"event_name":"Mushrooms","floor":7,"gold_loss":0,"cards_obtained":["Parasite"]},{"cards_removed":["Parasite"],"damage_healed":0,"gold_gain":0,"player_choice":"Card Removal","damage_taken":7,"max_hp_gain":0,"max_hp_loss":0,"event_name":"Golden Wing","floor":13,"gold_loss":0},{"damage_healed":0,"gold_gain":0,"cards_transformed":["Strike_B","Strike_B"],"player_choice":"Became Test Subject","damage_taken":0,"max_hp_gain":0,"max_hp_loss":0,"event_name":"Drug Dealer","floor":22,"gold_loss":0,"cards_obtained":["Double Energy","Auto Shields"]},{"damage_healed":24,"gold_gain":0,"player_choice":"Heal","damage_taken":0,"max_hp_gain":0,"max_hp_loss":0,"event_name":"The Library","floor":29,"gold_loss":0}],"is_beta":false,"boss_relics":[{"not_picked":["Philosopher\u0027s Stone","Cursed Key","Snecko Eye"]}],"items_purged_floors":[20],"is_endless":false,"potions_floor_spawned":[5,11,16,19,24],"killed_by":"Champ","ascension_level":1}