{"path_per_floor":["M","M","M","M","M","E","R","M","T","R","M","M","M","M","R","B",null,"M","M","M","$","?","R"],"character_chosen":"DEFECT","items_purchased":["Loop","Cables"],"gold_per_floor":[117,128,139,153,163,193,193,212,235,235,255,269,286,303,303,408,408,421,431,449,56,56,56,56],"floor_reached":24,"campfire_rested":2,"playtime":968,"item_purchase_floors":[21,21],"current_hp_per_floor":[75,65,61,47,47,24,61,57,57,57,52,46,43,33,70,30,75,73,67,45,45,45,45,0],"items_purged":["Defend_B"],"gold":56,"score":206,"play_id":"c6637da8-d693-4225-a3bc-e2e3ba0cb96d","local_time":"20180610054513","is_prod":false,"is_daily":false,"chose_seed":false,"is_ascension_mode":false,"campfire_upgraded":2,"win_rate":0.0,"timestamp":1528634713,"campfire_choices":[{"floor":7,"key":"REST"},{"data":"Electrodynamics","floor":10,"key":"SMITH"},{"floor":15,"key":"REST"},{"data":"Self Repair","floor":23,"key":"SMITH"}],"path_taken":["M","M","M","M","M","E","R","M","T","R","M","M","M","M","R","BOSS","M","M","M","$","?","R","?"],"build_version":"2018-06-07v3","seed_source_timestamp":1574876348863304,"purchased_purges":1,"victory":false,"master_deck":["Strike_B","Strike_B","Strike_B+1","Strike_B+1","Defend_B","Defend_B","Defend_B","Zap","Dualcast","Reboot","Static Discharge","Fusion","Self Repair+1","Electrodynamics+1","Redo","Redo","Static Discharge","Tempest","Multi-Cast","Skim","Loop"],"max_hp_per_floor":[75,75,75,75,75,75,75,75,75,75,75,75,75,75,75,75,75,75,75,75,75,75,75,75],"relics":["Cracked Core","Regal Pillow","Whetstone","Black Star","Cables"],"card_choices":[{"not_picked":["Gash","Rebound"],"picked":"Static Discharge","floor":1},{"not_picked":["Compile Driver","Streamline","Beam Cell"],"picked":"SKIP","floor":2},{"not_picked":["Beam Cell","Rip and Tear"],"picked":"Fusion","floor":3},{"not_picked":["Streamline","Coolheaded"],"picked":"Self Repair","floor":4},{"not_picked":["Gash","Reinforced Body"],"picked":"Electrodynamics","floor":5},{"not_picked":["Beam Cell","Leap"],"picked":"Redo","floor":6},{"not_picked":["Blizzard","Steam","Leap"],"picked":"SKIP","floor":8},{"not_picked":["Undo","Streamline","Leap"],"picked":"SKIP","floor":11},{"not_picked":["Compile Driver","Reprogram"],"picked":"Redo","floor":12},{"not_picked":["Lockon","Compile Driver"],"picked":"Static Discharge","floor":13},{"not_picked":["Compile Driver","Leap"],"picked":"Tempest","floor":14},{"not_picked":["Rainbow","Meteor Strike"],"picked":"Multi-Cast","floor":16},{"not_picked":["Recycle","Glacier","Double Energy"],"picked":"SKIP","floor":18},{"not_picked":["Beam Cell","Force Field"],"picked":"Skim","floor":19},{"not_picked":["Beam Cell+1","Fusion","Ball Lightning"],"picked":"SKIP","floor":20}],"player_experience":173635,"potions_floor_usage":[4,6,16,19,19],"damage_taken":[{"damage":0,"enemies":"2 Louse","floor":1,"turns":1},{"damage":10,"enemies":"Jaw Worm","floor":2,"turns":4},{"damage":4,"enemies":"Cultist","floor":3,"turns":4},{"damage":14,"enemies":"2 Fungi Beasts","floor":4,"turns":4},{"damage":7,"enemies":"Looter","floor":5,"turns":4},{"damage":30,"enemies":"Gremlin Nob","floor":6,"turns":4},{"damage":4,"enemies":"Gremlin Gang","floor":8,"turns":2},{"damage":12,"enemies":"Large Slime","floor":11,"turns":5},{"damage":13,"enemies":"Red Slaver","floor":12,"turns":3},{"damage":10,"enemies":"Looter","floor":13,"turns":3},{"damage":17,"enemies":"Gremlin Gang","floor":14,"turns":2},{"damage":47,"enemies":"Hexaghost","floor":16,"turns":5},{"damage":2,"enemies":"3 Byrds","floor":18,"turns":1},{"damage":13,"enemies":"Chosen","floor":19,"turns":5},{"damage":22,"enemies":"Snecko","floor":20,"turns":5},{"damage":47,"enemies":"3 Cultists","floor":24,"turns":4}],"relics_obtained":[{"floor":6,"key":"Regal Pillow"},{"floor":9,"key":"Whetstone"}],"event_choices":[{"event_name":"Addict","player_choice":"Ignored","floor":22,"damage_taken":0}],"boss_relics":[{"not_picked":["White Beast Statue","Philosopher\u0027s Stone"],"picked":"Black Star"}],"items_purged_floors":[21],"potions_floor_spawned":[1,3,5,8,13,16,19],"seed_played":"4709298612906399617","killed_by":"3 Cultists","ascension_level":0,"potions_obtained":[{"floor":1,"key":"AttackPotion"},{"floor":3,"key":"Dexterity Potion"},{"floor":5,"key":"Strength Potion"},{"floor":8,"key":"Strength Potion"},{"floor":13,"key":"Ancient Potion"},{"floor":16,"key":"Energy Potion"},{"floor":19,"key":"LiquidBronze"}],"is_trial":false}