{"gold_per_floor":[212,212,212,5,19,19,44,194,217,217,217,231,231,156,156,250,250,274,274,274,293,293,324,324,338,365,477,507,519,549,580,592,678,690,712,724,746,421,421,421,446,446,473,8,56,0,10,24,24,24,24],"floor_reached":52,"playtime":3023,"items_purged":["Regret","Doubt","Defend_B"],"score":1942,"play_id":"729b3536-ccdc-41ea-b402-0fa4565467ed","local_time":"20181020002511","is_ascension_mode":true,"campfire_choices":[{"data":"Zap","floor":6.0,"key":"SMITH"},{"data":"Dualcast","floor":10.0,"key":"SMITH"},{"data":"Ball Lightning","floor":15.0,"key":"SMITH"},{"data":"Auto Shields","floor":24.0,"key":"SMITH"},{"data":"Skim","floor":29.0,"key":"SMITH"},{"data":"Coolheaded","floor":32.0,"key":"SMITH"},{"data":"Conserve Battery","floor":40,"key":"SMITH"},{"data":"Defend_B","floor":42,"key":"SMITH"},{"data":"Defend_B","floor":49,"key":"SMITH"}],"neow_cost":"NONE","seed_source_timestamp":709043315208415,"circlet_count":0,"master_deck":["Defend_B+1","Defend_B+1","Defend_B","Zap+1","Dualcast+1","AscendersBane","Genetic Algorithm","Defragment+1","Electrodynamics+1","Ball Lightning+1","Echo Form+1","Auto Shields+1","Bite+1","Bite+1","Bite","Bite","Bite","Conserve Battery+1","Self Repair+1","Conserve Battery+1","Loop+1","Skim+1","Coolheaded+1","Go for the Eyes+1","Buffer+1","Conserve Battery+1","Master of Strategy","Melter+1","Loop+1","Madness","Madness","Cold Snap+1","Echo Form+1"],"special_seed":0,"relics":["Cracked Core","Frozen Egg 2","DataDisk","Centennial Puzzle","Anchor","Bloody Idol","Orichalcum","Coffee Dripper","Letter Opener","MawBank","Gambling Chip","Mummified Hand","Runic Pyramid","Pen Nib","The Courier","Juzu Bracelet","Bronze Scales","Tiny Chest","Whetstone","Thread and Needle","Red Mask"],"potions_floor_usage":[50,51],"damage_taken":[{"damage":7.0,"enemies":"2 Louse","floor":1.0,"turns":3.0},{"damage":0.0,"enemies":"Cultist","floor":5.0,"turns":4.0},{"damage":20.0,"enemies":"Lagavulin","floor":7.0,"turns":6.0},{"damage":0.0,"enemies":"Jaw Worm","floor":12.0,"turns":2.0},{"damage":0.0,"enemies":"Slime Boss","floor":16.0,"turns":5.0},{"damage":7.0,"enemies":"2 Thieves","floor":18.0,"turns":2.0},{"damage":10.0,"enemies":"3 Byrds","floor":21.0,"turns":3.0},{"damage":39.0,"enemies":"Book of Stabbing","floor":23.0,"turns":5.0},{"damage":19.0,"enemies":"Centurion and Healer","floor":25.0,"turns":8.0},{"damage":12.0,"enemies":"Colosseum Slavers","floor":27.0,"turns":4.0},{"damage":24.0,"enemies":"Colosseum Nobs","floor":27.0,"turns":4.0},{"damage":0.0,"enemies":"3 Cultists","floor":28.0,"turns":3.0},{"damage":0.0,"enemies":"Cultist and Chosen","floor":30.0,"turns":3.0},{"damage":15.0,"enemies":"Snake Plant","floor":31.0,"turns":3.0},{"damage":37,"enemies":"Collector","floor":33,"turns":7},{"damage":0,"enemies":"Orb Walker","floor":35,"turns":4},{"damage":9,"enemies":"3 Darklings","floor":37,"turns":3},{"damage":0,"enemies":"Nemesis","floor":41,"turns":9},{"damage":11,"enemies":"2 Orb Walkers","floor":45,"turns":3},{"damage":4,"enemies":"Jaw Worm Horde","floor":47,"turns":2},{"damage":0,"enemies":"Writhing Mass","floor":48,"turns":6},{"damage":20,"enemies":"Donu and Deca","floor":50,"turns":8},{"damage":7,"enemies":"Time Eater","floor":51,"turns":23}],"seed_played":"1457241918174449358","potions_obtained":[{"floor":1.0,"key":"SteroidPotion"},{"floor":3.0,"key":"LiquidBronze"},{"floor":12.0,"key":"SteroidPotion"},{"floor":16.0,"key":"Dexterity Potion"},{"floor":25.0,"key":"Dexterity Potion"},{"floor":31.0,"key":"SpeedPotion"},{"floor":45,"key":"Dexterity Potion"}],"is_trial":false,"path_per_floor":["M","?","?","$","M","R","E","?","T","R","?","M","?","$","R","B",null,"M","?","?","M","?","E","R","M","T","?","M","R","M","M","R","B",null,"M","?","M","$","?","R","E","R","T","$","?","?","M","M","R","B","B"],"character_chosen":"DEFECT","items_purchased":["DataDisk","Genetic Algorithm","Pen Nib","Loop+1","Bronze Scales","Tiny Chest","Whetstone"],"campfire_rested":0,"item_purchase_floors":[4,4,38,38,44,44,44],"current_hp_per_floor":[57,57,57,57,57,57,37,37,37,37,37,37,37,37,37,37,57,50,50,44,39,39,16,16,44,44,37,44,44,44,44,44,30,42,44,34,41,44,36,36,44,44,44,44,44,44,44,44,44,44,44],"gold":24,"neow_bonus":"HUNDRED_GOLD","is_prod":false,"is_daily":false,"chose_seed":false,"campfire_upgraded":9,"win_rate":0,"timestamp":1540009511,"path_taken":["M","?","?","$","?","R","E","?","T","R","?","M","?","$","R","BOSS","M","?","?","M","?","E","R","M","T","?","M","R","M","?","R","BOSS","M","?","M","$","?","R","E","R","T","?","?","?","M","M","R","BOSS","BOSS"],"build_version":"2018-10-18","purchased_purges":3,"victory":true,"max_hp_per_floor":[71,71,71,71,71,71,71,71,71,71,64,64,64,64,64,64,64,64,64,44,44,44,44,44,44,44,44,44,44,44,44,44,44,44,44,44,44,44,44,44,44,44,44,44,44,44,44,44,44,44,44],"card_choices":[{"not_picked":["Hello World","Compile Driver"],"picked":"Loop","floor":1.0},{"not_picked":["Rebound","Cold Snap"],"picked":"Defragment+1","floor":5.0},{"not_picked":["Coolheaded","Hologram"],"picked":"Electrodynamics+1","floor":7.0},{"not_picked":["Sweeping Beam","Reprogram"],"picked":"Ball Lightning","floor":12.0},{"not_picked":["Multi-Cast","Electrodynamics+1"],"picked":"Echo Form+1","floor":16.0},{"not_picked":["Genetic Algorithm","Leap"],"picked":"Auto Shields","floor":18.0},{"not_picked":["Coolheaded","Ball Lightning"],"picked":"Conserve Battery+1","floor":21.0},{"not_picked":["BootSequence","Turbo"],"picked":"Self Repair+1","floor":23.0},{"not_picked":["Compile Driver","Machine Learning+1"],"picked":"Conserve Battery","floor":25.0},{"not_picked":["Self Repair+1","Conserve Battery"],"picked":"Loop+1","floor":27.0},{"not_picked":["Doom and Gloom","Streamline"],"picked":"Skim","floor":28.0},{"not_picked":["Melter","Beam Cell+1"],"picked":"Coolheaded","floor":30.0},{"not_picked":["Leap","Hologram"],"picked":"Go for the Eyes+1","floor":31.0},{"not_picked":["Thunder Strike","Multi-Cast"],"picked":"Buffer+1","floor":33},{"not_picked":["Leap","Steam"],"picked":"Conserve Battery+1","floor":35},{"not_picked":["HandOfGreed","Transmutation"],"picked":"Master of Strategy","floor":36},{"not_picked":["Redo","Melter+1","Aggregate"],"picked":"SKIP","floor":37},{"not_picked":["Redo","Aggregate"],"picked":"Melter+1","floor":37},{"not_picked":["Skim","Gash"],"picked":"Cold Snap+1","floor":41},{"not_picked":["Beam Cell","Chill+1"],"picked":"Echo Form+1","floor":47},{"not_picked":["Melter+1","Consume","Conserve Battery"],"picked":"SKIP","floor":48}],"player_experience":986884,"relics_obtained":[{"floor":7.0,"key":"Centennial Puzzle"},{"floor":9.0,"key":"Anchor"},{"floor":23.0,"key":"Letter Opener"},{"floor":26.0,"key":"MawBank"},{"floor":27.0,"key":"Gambling Chip"},{"floor":27.0,"key":"Mummified Hand"},{"floor":41,"key":"The Courier"},{"floor":43,"key":"Juzu Bracelet"},{"floor":45,"key":"Thread and Needle"}],"event_choices":[{"cards_removed":["Loop"],"damage_healed":0.0,"max_hp_gain":0.0,"max_hp_loss":0.0,"gold_gain":0.0,"event_name":"WeMeetAgain","player_choice":"Gave Card","floor":2.0,"gold_loss":0.0,"damage_taken":0.0,"relics_obtained":["Frozen Egg 2"]},{"damage_healed":0.0,"max_hp_gain":0.0,"max_hp_loss":0.0,"gold_gain":0.0,"event_name":"The Lab","player_choice":"Got Potions","floor":3.0,"gold_loss":0.0,"damage_taken":0.0},{"damage_healed":0.0,"max_hp_gain":0.0,"max_hp_loss":0.0,"gold_gain":150.0,"event_name":"Liars Game","player_choice":"AGREE","floor":8.0,"gold_loss":0.0,"damage_taken":0.0,"cards_obtained":["Doubt"]},{"damage_healed":0.0,"max_hp_gain":0.0,"max_hp_loss":7.0,"gold_gain":0.0,"event_name":"Golden Idol","player_choice":"Lose Max HP","floor":11.0,"gold_loss":0.0,"damage_taken":0.0,"relics_obtained":["Golden Idol"]},{"damage_healed":0.0,"max_hp_gain":0.0,"max_hp_loss":0.0,"gold_gain":0.0,"event_name":"Big Fish","player_choice":"Box","floor":13.0,"gold_loss":0.0,"damage_taken":0.0,"relics_obtained":["Orichalcum"],"cards_obtained":["Regret"]},{"damage_healed":0.0,"max_hp_gain":0.0,"max_hp_loss":0.0,"gold_gain":0.0,"event_name":"Forgotten Altar","player_choice":"Gave Idol","floor":19.0,"relics_lost":["Golden Idol"],"gold_loss":0.0,"damage_taken":0.0,"relics_obtained":["Bloody Idol"]},{"damage_healed":0.0,"max_hp_gain":0.0,"max_hp_loss":20.0,"gold_gain":0.0,"event_name":"Vampires","player_choice":"Became a vampire","floor":20.0,"gold_loss":0.0,"damage_taken":0.0,"cards_obtained":["Bite","Bite","Bite","Bite","Bite"]},{"damage_healed":0.0,"max_hp_gain":0.0,"max_hp_loss":0.0,"gold_gain":0.0,"event_name":"Cursed Tome","player_choice":"Ignored","floor":22.0,"gold_loss":0.0,"damage_taken":0.0},{"damage_healed":0.0,"max_hp_gain":0.0,"max_hp_loss":0.0,"gold_gain":0.0,"event_name":"Colosseum","player_choice":"Fight","floor":27.0,"gold_loss":0.0,"damage_taken":0.0},{"damage_healed":0.0,"max_hp_gain":0.0,"max_hp_loss":0.0,"gold_gain":0.0,"event_name":"Colosseum","player_choice":"Fought Nobs","floor":27.0,"gold_loss":0.0,"damage_taken":0.0},{"damage_healed":0,"gold_gain":0,"player_choice":"Memory 3","damage_taken":10,"max_hp_gain":0,"max_hp_loss":0,"event_name":"SensoryStone","floor":36,"gold_loss":0},{"damage_healed":0,"gold_gain":0,"player_choice":"Embrace Madness","damage_taken":8,"max_hp_gain":0,"max_hp_loss":0,"event_name":"Winding Halls","floor":39,"gold_loss":0,"cards_obtained":["Madness","Madness"]},{"damage_healed":0,"gold_gain":0,"player_choice":"Fight","damage_taken":0,"max_hp_gain":0,"max_hp_loss":0,"event_name":"Mysterious Sphere","floor":45,"gold_loss":0},{"damage_healed":0,"gold_gain":0,"player_choice":"Paid","damage_taken":0,"relics_obtained":["Red Mask"],"max_hp_gain":0,"max_hp_loss":0,"event_name":"Tomb of Lord Red Mask","floor":46,"gold_loss":56}],"is_beta":false,"boss_relics":[{"not_picked":["White Beast Statue","Nuclear Battery"],"picked":"Coffee Dripper"},{"not_picked":["Pandora\u0027s Box","Empty Cage"],"picked":"Runic Pyramid"}],"items_purged_floors":[14,38,44],"is_endless":false,"potions_floor_spawned":[1,12,16,25,27,31,45,47,48],"ascension_level":20}