{"path_per_floor":["M","M","?","$","M","E","?","E","T","E","M","M","M","$","R","B",null,"M","$","?","M","$","R","$","R","T","?","E","R","M","?","R","B",null,"M","?","$","M","?","R","M","$","T","M","R","M","E"],"character_chosen":"THE_SILENT","items_purchased":["Dagger Spray","Matryoshka","Acrobatics"],"gold_per_floor":[115,134,134,33,47,80,158,187,211,236,254,271,286,186,186,282,282,292,39,39,57,12,12,12,12,35,35,100,100,116,16,16,113,113,127,127,2,13,13,13,28,28,28,43,43,59,84],"floor_reached":48,"campfire_rested":4,"playtime":4635,"current_hp_per_floor":[70,66,52,52,52,41,41,41,41,36,36,19,19,19,42,41,77,77,77,61,50,50,50,50,50,50,50,36,59,37,37,60,27,77,64,64,64,26,45,45,33,33,33,2,40,37,27],"items_purged":["Strike_G","Strike_G","Decay"],"gold":84,"play_id":"c16348df-1643-479b-97ac-971000266a55","is_prod":false,"is_daily":false,"is_ascension_mode":true,"campfire_upgraded":3,"path_taken":["M","M","?","$","M","E","?","E","T","E","M","M","M","$","R","BOSS","M","$","?","?","?","R","$","R","T","?","E","R","?","?","R","BOSS","M","?","$","?","?","R","M","$","T","M","R","M","E","M"],"build_version":"2018-01-25-PROD3","purchased_purges":3,"victory":false,"master_deck":["Survivor","Neutralize","Outmaneuver+1","Sucker Punch+1","Dagger Spray","Dash+1","Sucker Punch","Sucker Punch","Die Die Die","Dagger Throw+1","Cloak And Dagger","Terror","Envenom+1","Flying Knee","Cloak And Dagger","Underhanded Strike","Prepared","Caltrops","PiercingWail","Underhanded Strike","Prepared+1","Well Laid Plans+1","Acrobatics","Outmaneuver","J.A.X.+1","Burst+1","Prepared+1","Flying Knee","Writhe","Sucker Punch+1","Heel Hook+1","Calculated Gamble+1","Malaise+1"],"max_hp_per_floor":[70,70,70,70,70,70,70,77,77,77,77,77,77,77,77,77,77,77,77,77,77,77,77,77,77,77,77,77,77,77,77,77,77,77,77,77,77,77,77,77,77,77,77,77,77,77,77],"relics":["Ring of the Snake","Paper Crane","Strawberry","Omamori","Ornamental Fan","Pandora\u0027s Box","Matryoshka","Nilry\u0027s Codex","Anchor","Whetstone","Tiny Chest","Calling Bell","Regal Pillow","Ninja Scroll","War Paint","Vajra","Prayer Wheel","Toolbox"],"card_choices":[{"not_picked":["Escape Plan","Acrobatics"],"picked":"Outmaneuver"},{"not_picked":["Prepared","Accuracy"],"picked":"Sucker Punch"},{"not_picked":["Backflip","Endless Agony"],"picked":"Dash"},{"not_picked":["Corpse Explosion","Eviscerate"],"picked":"Sucker Punch"},{"not_picked":["Dodge and Roll","Bane"],"picked":"Sucker Punch"},{"not_picked":["Unload","Dagger Throw"],"picked":"Die Die Die"},{"not_picked":["Quick Slash","Deadly Poison"],"picked":"Dagger Throw"},{"not_picked":["Skewer","Flechettes"],"picked":"Cloak And Dagger"},{"not_picked":["Choke","Deadly Poison"],"picked":"Terror"},{"not_picked":["Night Terror","Die Die Die"],"picked":"Envenom"},{"not_picked":["Choke","Quick Slash"],"picked":"Prepared"},{"not_picked":["Poisoned Stab","Quick Slash"],"picked":"Well Laid Plans"},{"not_picked":["Slice","Acrobatics"],"picked":"Outmaneuver"},{"not_picked":["Tools of the Trade","Storm of Steel"],"picked":"Burst"},{"not_picked":["Deadly Poison","Deflect"],"picked":"Prepared"},{"not_picked":["Dodge and Roll","Well Laid Plans"],"picked":"Flying Knee"},{"not_picked":["Underhanded Strike","Backstab"],"picked":"Sucker Punch"},{"not_picked":["Outmaneuver","Bane"],"picked":"Heel Hook"},{"not_picked":["Outmaneuver","Cloak And Dagger"],"picked":"Calculated Gamble"},{"not_picked":["Reflex","Deadly Poison"],"picked":"Malaise"}],"player_experience":117760,"potions_floor_usage":[6,16,16,21,33,33,41,44,44],"damage_taken":[{"damage":0,"enemies":"Small Slimes","floor":1,"turns":3},{"damage":4,"enemies":"Blue Slaver","floor":2,"turns":5},{"damage":0,"enemies":"2 Louse","floor":5,"turns":2},{"damage":11,"enemies":"Gremlin Nob","floor":6,"turns":5},{"damage":7,"enemies":"Lagavulin","floor":8,"turns":8},{"damage":5,"enemies":"Gremlin Nob","floor":10,"turns":6},{"damage":0,"enemies":"2 Fungi Beasts","floor":11,"turns":3},{"damage":17,"enemies":"Exordium Wildlife","floor":12,"turns":4},{"damage":0,"enemies":"Looter","floor":13,"turns":3},{"damage":1,"enemies":"Slime Boss","floor":16,"turns":10},{"damage":0,"enemies":"Chosen","floor":18,"turns":6},{"damage":11,"enemies":"Shell Parasite","floor":21,"turns":6},{"damage":14,"enemies":"Gremlin Leader","floor":28,"turns":7},{"damage":22,"enemies":"Sentry and Sphere","floor":30,"turns":6},{"damage":33,"enemies":"Champ","floor":33,"turns":9},{"damage":13,"enemies":"3 Shapes","floor":35,"turns":4},{"damage":38,"enemies":"3 Darklings","floor":38,"turns":6},{"damage":12,"enemies":"Maw","floor":41,"turns":7},{"damage":31,"enemies":"Sphere and 2 Shapes","floor":44,"turns":6},{"damage":3,"enemies":"3 Darklings","floor":46,"turns":4},{"damage":10,"enemies":"Nemesis","floor":47,"turns":7},{"damage":29,"enemies":"4 Shapes","floor":48,"turns":6}],"event_choices":[{"event_name":"Shining Light","player_choice":"Entered Light","floor":3,"damage_taken":0},{"event_name":"Golden Wing","player_choice":"Gained Gold","floor":7,"damage_taken":0},{"event_name":"Cursed Tome","player_choice":"Obtained Book","floor":20,"damage_taken":0},{"event_name":"Beggar","player_choice":"Ignored","floor":27,"damage_taken":0},{"event_name":"Drug Dealer","player_choice":"Got JAXXED","floor":31,"damage_taken":0},{"event_name":"Upgrade Shrine","player_choice":"Upgraded","floor":36,"damage_taken":0},{"event_name":"Winding Halls","player_choice":"Writhe","floor":39,"damage_taken":0}],"boss_relics":[{"not_picked":["The Specimen","Question Card"],"picked":"Pandora\u0027s Box"},{"not_picked":["Philosopher\u0027s Stone","Tiny House"],"picked":"Calling Bell"}],"potions_floor_spawned":[1,5,6,12,13,28,30,41,44],"seed_played":"-6325157890179344231","killed_by":"4 Shapes","ascension_level":1,"is_trial":false}