{"gold_per_floor":[118,118,118,6,26,61,77,110,136,136,146,146,180,180,180,251,251,263,263,263,279,298,329,346,677,677,677,696,725,725,758,758,833,833,843,843,889,906,906,937,963,995,995,550,564,589,622,219,219,219,219,219,219,9,44,44],"floor_reached":57,"playtime":6788,"items_purged":["Strike_B","Strike_B"],"score":3838,"play_id":"92b63b17-5d9c-4fc3-85d7-a920a6df9946","local_time":"20190227003301","is_ascension_mode":true,"campfire_choices":[{"floor":10.0,"key":"REST"},{"data":"Defragment","floor":12.0,"key":"SMITH"},{"data":"Electrodynamics","floor":15.0,"key":"SMITH"},{"floor":27.0,"key":"REST"},{"data":"Echo Form","floor":32.0,"key":"SMITH"},{"floor":49.0,"key":"RECALL"},{"data":"Biased Cognition","floor":53.0,"key":"SMITH"}],"neow_cost":"CURSE","seed_source_timestamp":0,"circlet_count":0,"master_deck":["AscendersBane","Defend_B","Defend_B","Defend_B+1","Defend_B","Zap","Dualcast+1","Cold Snap","Go for the Eyes","Compile Driver","Turbo","Defragment+1","Electrodynamics+1","Glacier+1","Echo Form+1","Hologram+1","Reprogram+1","BootSequence+1","Turbo+1","Darkness+1","Loop","Coolheaded+1","FTL","Seek+1","Biased Cognition+1","Self Repair+1","Redo+1","Stack+1","Seek+1","Deep Breath+1","Rebound","Leap+1","Seek+1","Capacitor","Redo+1","Hologram+1","Skim+1"],"special_seed":0,"relics":["Cracked Core","Pocketwatch","War Paint","Centennial Puzzle","Blood Vial","Oddly Smooth Stone","Toxic Egg 2","Dream Catcher","Runic Pyramid","Letter Opener","Old Coin","Pantograph","Dodecahedron","Happy Flower","Coffee Dripper","WingedGreaves","Calipers","Shuriken","Smiling Mask","Symbiotic Virus","Runic Capacitor","Kunai","Nunchaku","Potion Belt","ClockworkSouvenir","Cables"],"potions_floor_usage":[56,56],"damage_taken":[{"damage":2.0,"enemies":"Jaw Worm","floor":1.0,"turns":3.0},{"damage":7.0,"enemies":"Small Slimes","floor":5.0,"turns":2.0},{"damage":6.0,"enemies":"Lagavulin","floor":6.0,"turns":6.0},{"damage":0.0,"enemies":"Cultist","floor":7.0,"turns":2.0},{"damage":6.0,"enemies":"Gremlin Nob","floor":8.0,"turns":3.0},{"damage":0.0,"enemies":"Exordium Thugs","floor":11.0,"turns":3.0},{"damage":5.0,"enemies":"Lagavulin","floor":13.0,"turns":6.0},{"damage":0.0,"enemies":"Slime Boss","floor":16.0,"turns":13.0},{"damage":22.0,"enemies":"2 Thieves","floor":18.0,"turns":4.0},{"damage":21.0,"enemies":"Shell Parasite","floor":21.0,"turns":6.0},{"damage":0.0,"enemies":"Snecko","floor":22.0,"turns":3.0},{"damage":17.0,"enemies":"Book of Stabbing","floor":23.0,"turns":6.0},{"damage":0.0,"enemies":"Chosen and Byrds","floor":24.0,"turns":5.0},{"damage":0.0,"enemies":"Slavers","floor":25.0,"turns":2.0},{"damage":0.0,"enemies":"Snake Plant","floor":28.0,"turns":4.0},{"damage":0.0,"enemies":"Gremlin Leader","floor":29.0,"turns":5.0},{"damage":0.0,"enemies":"Slavers","floor":31.0,"turns":3.0},{"damage":0.0,"enemies":"Automaton","floor":33.0,"turns":8.0},{"damage":0.0,"enemies":"Orb Walker","floor":35.0,"turns":3.0},{"damage":13.0,"enemies":"2 Orb Walkers","floor":37.0,"turns":3.0},{"damage":0.0,"enemies":"3 Darklings","floor":38.0,"turns":3.0},{"damage":1.0,"enemies":"Giant Head","floor":40.0,"turns":8.0},{"damage":0.0,"enemies":"Nemesis","floor":41.0,"turns":5.0},{"damage":0.0,"enemies":"Reptomancer","floor":42.0,"turns":4.0},{"damage":18.0,"enemies":"Jaw Worm Horde","floor":45.0,"turns":2.0},{"damage":0.0,"enemies":"Nemesis","floor":46.0,"turns":5.0},{"damage":0.0,"enemies":"Reptomancer","floor":47.0,"turns":8.0},{"damage":0.0,"enemies":"Donu and Deca","floor":50.0,"turns":6.0},{"damage":0.0,"enemies":"Awakened One","floor":51.0,"turns":13.0},{"damage":0.0,"enemies":"Shield and Spear","floor":55.0,"turns":5.0},{"damage":0,"enemies":"The Heart","floor":56,"turns":9}],"seed_played":"7603064181268423943","potions_obtained":[{"floor":6.0,"key":"Regen Potion"},{"floor":11.0,"key":"AttackPotion"},{"floor":13.0,"key":"AttackPotion"},{"floor":21.0,"key":"Explosive Potion"},{"floor":24.0,"key":"Swift Potion"},{"floor":25.0,"key":"PowerPotion"},{"floor":35.0,"key":"Ancient Potion"},{"floor":37.0,"key":"SpeedPotion"},{"floor":55.0,"key":"FocusPotion"}],"is_trial":false,"path_per_floor":["M","?","?","$","M","E","M","E","T","R","M","R","E","?","R","B",null,"M","?","T","M","M","E","M","E","T","R","M","E","?","E","R","B",null,"M","?","?","M","?","E","E","E","T","$","M","E","E","$","R","B","B",null,"R","$","E","B",null],"character_chosen":"DEFECT","items_purchased":["Go for the Eyes","Sweeping Beam","Runic Capacitor","GamblersBrew","Deep Breath+1","Potion Belt","Capacitor","Redo+1","Hologram+1","ClockworkSouvenir"],"campfire_rested":2,"item_purchase_floors":[4,4,44,44,44,48,48,48,48,54],"current_hp_per_floor":[62,36,36,36,29,23,23,17,17,37,39,39,51,51,51,53,64,44,44,44,25,27,12,14,16,16,36,38,40,40,42,42,68,68,68,68,65,68,65,65,65,65,65,65,65,65,65,65,65,65,65,65,65,65,65,65],"gold":44,"neow_bonus":"ONE_RARE_RELIC","is_prod":false,"is_daily":false,"chose_seed":false,"campfire_upgraded":4,"win_rate":0,"timestamp":1551245581,"path_taken":["M","?","?","$","M","E","M","E","T","R","M","R","E","?","R","BOSS","M","?","?","?","M","E","M","E","T","R","M","E","?","E","R","BOSS","M","?","?","M","?","E","E","E","T","$","M","E","E","$","R","BOSS","BOSS","R","$","E","BOSS"],"build_version":"2019-01-23","purchased_purges":2,"victory":true,"max_hp_per_floor":[71,71,68,68,68,68,68,68,68,68,68,68,68,68,68,68,68,68,68,68,68,68,68,68,68,68,68,68,68,68,68,68,68,68,68,68,68,68,65,65,65,65,65,65,65,65,65,65,65,65,65,65,65,65,65,65],"card_choices":[{"not_picked":["Compile Driver","Tempest"],"picked":"Cold Snap","floor":1.0},{"not_picked":["Hello World","Sweeping Beam"],"picked":"Compile Driver","floor":5.0},{"not_picked":["Streamline","Compile Driver"],"picked":"Turbo","floor":6.0},{"not_picked":["Skim","Beam Cell"],"picked":"Defragment","floor":7.0},{"not_picked":["Go for the Eyes","Conserve Battery"],"picked":"Electrodynamics","floor":8.0},{"not_picked":["Streamline","Blizzard","Compile Driver"],"picked":"SKIP","floor":11.0},{"not_picked":["Streamline","Blizzard","Compile Driver"],"picked":"SKIP","floor":11.0},{"not_picked":["BootSequence","Reinforced Body"],"picked":"Glacier","floor":13.0},{"not_picked":["Fission+1","Machine Learning"],"picked":"Echo Form","floor":16.0},{"not_picked":["Cold Snap","Gash"],"picked":"Hologram+1","floor":18.0},{"not_picked":["Cold Snap+1","Compile Driver","Undo+1"],"picked":"SKIP","floor":21.0},{"not_picked":["Streamline","Sweeping Beam"],"picked":"Reprogram+1","floor":22.0},{"not_picked":["Skim+1","Hologram+1"],"picked":"BootSequence+1","floor":23.0},{"not_picked":["Cold Snap","Hologram+1"],"picked":"Turbo+1","floor":24.0},{"not_picked":["Scrape","Force Field+1"],"picked":"Darkness+1","floor":25.0},{"not_picked":["Fusion+1","Reprogram+1"],"picked":"Loop","floor":27.0},{"not_picked":["Storm","Aggregate+1","Sweeping Beam"],"picked":"SKIP","floor":28.0},{"not_picked":["Hologram+1","Leap+1"],"picked":"Coolheaded+1","floor":29.0},{"not_picked":["Turbo+1","Blizzard","Coolheaded+1"],"picked":"SKIP","floor":31.0},{"not_picked":["Reboot+1","Thunder Strike"],"picked":"Biased Cognition","floor":33.0},{"not_picked":["Fusion+1","Cold Snap"],"picked":"Self Repair+1","floor":35.0},{"not_picked":["Turbo+1","Force Field+1"],"picked":"Redo+1","floor":37.0},{"not_picked":["Gash+1","Beam Cell","Undo+1"],"picked":"SKIP","floor":38.0},{"not_picked":["Sunder","Steam+1"],"picked":"Stack+1","floor":40.0},{"not_picked":["Aggregate+1","Go for the Eyes+1"],"picked":"Seek+1","floor":41.0},{"not_picked":["Barrage","Hello World","Streamline"],"picked":"SKIP","floor":42.0},{"not_picked":["Streamline","Lockon"],"picked":"Rebound","floor":45.0},{"not_picked":["Machine Learning","Sweeping Beam"],"picked":"Leap+1","floor":46.0},{"not_picked":["Fusion+1","Streamline+1"],"picked":"Seek+1","floor":47.0},{"not_picked":["Gash","Rebound"],"picked":"Skim+1","floor":55.0}],"player_experience":608281,"relics_obtained":[{"floor":6.0,"key":"Centennial Puzzle"},{"floor":8.0,"key":"Blood Vial"},{"floor":9.0,"key":"Oddly Smooth Stone"},{"floor":13.0,"key":"Toxic Egg 2"},{"floor":23.0,"key":"Letter Opener"},{"floor":25.0,"key":"Old Coin"},{"floor":26.0,"key":"Pantograph"},{"floor":29.0,"key":"Dodecahedron"},{"floor":31.0,"key":"Happy Flower"},{"floor":37.0,"key":"WingedGreaves"},{"floor":40.0,"key":"Calipers"},{"floor":41.0,"key":"Shuriken"},{"floor":42.0,"key":"Smiling Mask"},{"floor":43.0,"key":"Symbiotic Virus"},{"floor":46.0,"key":"Kunai"},{"floor":47.0,"key":"Nunchaku"},{"floor":55.0,"key":"Cables"}],"event_choices":[{"damage_healed":0.0,"max_hp_gain":0.0,"max_hp_loss":0.0,"gold_gain":0.0,"event_name":"Scrap Ooze","player_choice":"Success","floor":2.0,"gold_loss":0.0,"damage_taken":26.0,"relics_obtained":["War Paint"]},{"cards_removed":["Parasite"],"damage_healed":0.0,"max_hp_gain":0.0,"max_hp_loss":0.0,"gold_gain":0.0,"event_name":"Living Wall","player_choice":"Forget","floor":3.0,"gold_loss":0.0,"damage_taken":0.0},{"damage_healed":0.0,"max_hp_gain":0.0,"max_hp_loss":0.0,"gold_gain":0.0,"event_name":"WeMeetAgain","player_choice":"Gave Potion","floor":14.0,"gold_loss":0.0,"damage_taken":0.0,"relics_obtained":["Dream Catcher"]},{"damage_healed":0.0,"max_hp_gain":0.0,"max_hp_loss":0.0,"gold_gain":0.0,"event_name":"Cursed Tome","player_choice":"Ignored","floor":19.0,"gold_loss":0.0,"damage_taken":0.0},{"damage_healed":0.0,"max_hp_gain":0.0,"max_hp_loss":0.0,"gold_gain":0.0,"cards_transformed":["Strike_B","Strike_B"],"event_name":"Drug Dealer","player_choice":"Became Test Subject","floor":30.0,"gold_loss":0.0,"damage_taken":0.0,"cards_obtained":["FTL","Seek"]},{"cards_removed":["Sweeping Beam"],"damage_healed":0.0,"max_hp_gain":0.0,"max_hp_loss":0.0,"gold_gain":0.0,"event_name":"Falling","player_choice":"Removed Attack","floor":36.0,"gold_loss":0.0,"damage_taken":0.0},{"damage_healed":0.0,"max_hp_gain":0.0,"max_hp_loss":0.0,"gold_gain":0.0,"event_name":"Mysterious Sphere","player_choice":"Fight","floor":37.0,"gold_loss":0.0,"damage_taken":0.0},{"damage_healed":0.0,"max_hp_gain":0.0,"max_hp_loss":3.0,"gold_gain":0.0,"event_name":"Winding Halls","player_choice":"Max HP","floor":39.0,"gold_loss":0.0,"damage_taken":0.0}],"is_beta":false,"boss_relics":[{"not_picked":["Eternal Feather","Calling Bell"],"picked":"Runic Pyramid"},{"not_picked":["Runic Dome","Astrolabe"],"picked":"Coffee Dripper"}],"items_purged_floors":[44,48],"is_endless":false,"potions_floor_spawned":[6,11,13,21,24,25,31,33,35,37,46,55],"ascension_level":20}