{"gold_per_floor":[117,127,277,277,277,277,312,312,312,26,26,59,59],"floor_reached":13,"playtime":308,"items_purged":[],"score":178,"play_id":"f427f2b6-e89f-4ad2-b6e7-187240c3fb9b","local_time":"20181229123440","is_ascension_mode":true,"campfire_choices":[{"data":"Compile Driver","floor":6,"key":"SMITH"},{"data":"Panacea","floor":8,"key":"SMITH"}],"neow_cost":"NONE","seed_source_timestamp":552076925171091,"circlet_count":0,"master_deck":["AscendersBane","Strike_B","Strike_B","Strike_B","Strike_B","Defend_B","Defend_B","Defend_B","Defend_B","Zap+1","Dualcast","Panacea+1","Glacier","Compile Driver+1","Genetic Algorithm","Conserve Battery"],"relics":["Cracked Core","WingedGreaves","Symbiotic Virus","Molten Egg 2","Golden Idol","Letter Opener"],"potions_floor_usage":[7],"damage_taken":[{"damage":7,"enemies":"Small Slimes","floor":1,"turns":3},{"damage":1,"enemies":"2 Louse","floor":2,"turns":3},{"damage":7,"enemies":"3 Sentries","floor":7,"turns":7},{"damage":30,"enemies":"Gremlin Nob","floor":12,"turns":4},{"damage":12,"enemies":"Jaw Worm","floor":13,"turns":1}],"seed_played":"-2207284103442017030","potions_obtained":[{"floor":2,"key":"Block Potion"},{"floor":12,"key":"Explosive Potion"}],"is_trial":false,"path_per_floor":["M","M","?","?","?","R","E","R","T","$","?","E","M"],"character_chosen":"DEFECT","items_purchased":["Molten Egg 2"],"campfire_rested":0,"item_purchase_floors":[10],"current_hp_per_floor":[57,56,56,49,49,49,42,42,42,42,42,12,0],"gold":59,"neow_bonus":"RANDOM_COLORLESS","is_prod":false,"is_daily":false,"chose_seed":false,"campfire_upgraded":2,"win_rate":0,"timestamp":1546104880,"path_taken":["M","M","?","?","?","R","E","R","T","$","?","E","M"],"build_version":"2018-12-25","purchased_purges":0,"victory":false,"max_hp_per_floor":[71,71,71,71,71,71,71,71,71,71,64,64,64],"card_choices":[{"not_picked":["Cold Snap","Turbo"],"picked":"Glacier","floor":1},{"not_picked":["Rebound","Streamline"],"picked":"Compile Driver","floor":2},{"not_picked":["Coolheaded","White Noise"],"picked":"Genetic Algorithm","floor":7},{"not_picked":["Beam Cell+1","Aggregate"],"picked":"Conserve Battery","floor":12}],"player_experience":919697,"relics_obtained":[{"floor":7,"key":"WingedGreaves"},{"floor":9,"key":"Symbiotic Virus"},{"floor":12,"key":"Letter Opener"}],"event_choices":[{"damage_healed":0,"gold_gain":150,"player_choice":"AGREE","damage_taken":0,"max_hp_gain":0,"max_hp_loss":0,"event_name":"Liars Game","floor":3,"gold_loss":0,"cards_obtained":["Doubt"]},{"cards_removed":["Doubt"],"damage_healed":0,"gold_gain":0,"player_choice":"Card Removal","damage_taken":7,"max_hp_gain":0,"max_hp_loss":0,"event_name":"Golden Wing","floor":4,"gold_loss":0},{"damage_healed":0,"gold_gain":0,"player_choice":"Grow","damage_taken":0,"max_hp_gain":0,"max_hp_loss":0,"event_name":"Living Wall","floor":5,"gold_loss":0,"cards_upgraded":["Zap"]},{"damage_healed":0,"gold_gain":0,"player_choice":"Lose Max HP","damage_taken":0,"relics_obtained":["Golden Idol"],"max_hp_gain":0,"max_hp_loss":7,"event_name":"Golden Idol","floor":11,"gold_loss":0}],"is_beta":true,"boss_relics":[],"items_purged_floors":[],"is_endless":false,"potions_floor_spawned":[2,12],"killed_by":"Jaw Worm","ascension_level":20}