{"path_per_floor":["M","T","?","M","?","R","M","M","T","$","M","$","R","M","R","B",null,"M","?","T","?","$","E","R","$","T","M","R","M","$","M","R"],"character_chosen":"THE_SILENT","items_purchased":["Orichalcum","Poisoned Stab","Poison Potion","Regen Potion"],"gold_per_floor":[116,116,116,126,226,226,241,256,256,110,120,120,120,135,135,237,237,254,254,254,254,84,110,110,10,37,52,52,71,20,30,30,30],"floor_reached":33,"campfire_rested":3,"playtime":1280,"current_hp_per_floor":[58,72,72,71,71,71,64,51,51,51,51,51,51,30,55,10,84,82,82,82,82,82,12,37,37,37,22,22,7,7,16,41,0],"items_purged":["Eviscerate","After Image"],"gold":30,"score":281,"play_id":"9b505878-0f87-4c77-b519-603c8fe706a6","local_time":"20180401181404","is_prod":false,"is_daily":false,"is_ascension_mode":false,"campfire_upgraded":1,"timestamp":1522631644,"path_taken":["M","?","?","?","?","R","M","?","T","$","M","$","R","M","R","BOSS","M","?","?","?","?","E","R","$","T","M","R","?","$","M","R","BOSS"],"build_version":"2018-03-29v2","purchased_purges":2,"victory":false,"master_deck":["Defend_G","Defend_G","Defend_G","Defend_G","Defend_G","Strike_G","Strike_G","Strike_G","Strike_G","Strike_G","Survivor","Neutralize","Cloak And Dagger","Deadly Poison+1","Burst","Prepared+1","Poisoned Stab","Deadly Poison","Deadly Poison+1","Poisoned Stab","Poisoned Stab","Deadly Poison","Bouncing Flask"],"max_hp_per_floor":[70,84,84,84,84,84,84,84,84,84,84,84,84,84,84,84,84,84,84,84,84,84,84,84,84,84,84,84,84,84,84,84,84],"relics":["Ring of the Snake","Sundial","Mango","Shovel","Orichalcum","Toolbox","Orrery","Letter Opener","Happy Flower","War Paint","Bag of Marbles"],"card_choices":[{"not_picked":["Sucker Punch","Quick Slash"],"picked":"Cloak And Dagger","floor":1},{"not_picked":["Noxious Fumes","Deflect"],"picked":"Deadly Poison","floor":4},{"not_picked":["Dodge and Roll","Riddle With Holes"],"picked":"Eviscerate","floor":7},{"not_picked":["Slice","Outmaneuver"],"picked":"Burst","floor":8},{"not_picked":["Finisher","Acrobatics"],"picked":"Prepared","floor":11},{"not_picked":["Tactician","Phantasmal Killer"],"picked":"After Image","floor":16},{"not_picked":["Riddle With Holes","Dodge and Roll"],"picked":"Poisoned Stab","floor":17},{"not_picked":["Backflip","Concentrate"],"picked":"Deadly Poison","floor":17},{"not_picked":["Acrobatics","Flying Knee"],"picked":"Deadly Poison","floor":17},{"not_picked":["Blur","Dodge and Roll"],"picked":"Deadly Poison","floor":23},{"not_picked":["Dagger Spray","Cloak And Dagger"],"picked":"Bouncing Flask","floor":31}],"player_experience":101962,"potions_floor_usage":[16,16,18,23,23,31,31],"damage_taken":[{"damage":12,"enemies":"Cultist","floor":1,"turns":5},{"damage":1,"enemies":"2 Louse","floor":4,"turns":6},{"damage":7,"enemies":"Small Slimes","floor":7,"turns":3},{"damage":13,"enemies":"Red Slaver","floor":8,"turns":3},{"damage":0,"enemies":"Blue Slaver","floor":11,"turns":4},{"damage":21,"enemies":"Gremlin Gang","floor":14,"turns":6},{"damage":45,"enemies":"Hexaghost","floor":16,"turns":11},{"damage":2,"enemies":"Chosen","floor":18,"turns":5},{"damage":70,"enemies":"Gremlin Leader","floor":23,"turns":5},{"damage":15,"enemies":"Shell Parasite","floor":27,"turns":4},{"damage":15,"enemies":"Snake Plant","floor":29,"turns":3},{"damage":3,"enemies":"Chosen and Byrds","floor":31,"turns":5},{"damage":54,"enemies":"Collector","floor":33,"turns":3}],"event_choices":[{"event_name":"Living Wall","player_choice":"Forget","floor":3,"damage_taken":0},{"event_name":"Golden Shrine","player_choice":"Pray","floor":5,"damage_taken":0},{"event_name":"Ghosts","player_choice":"Ignored","floor":19,"damage_taken":0},{"event_name":"The Library","player_choice":"Read","floor":21,"damage_taken":0}],"boss_relics":[{"not_picked":["Philosopher\u0027s Stone","Astrolabe"],"picked":"Orrery"}],"potions_floor_spawned":[11,14,16,18,29],"seed_played":"-6325381525867863751","killed_by":"Collector","ascension_level":0,"is_trial":false}