{"gold_per_floor":[110,126,138,148,166,166,166,166,166,3,30,53,66,78,78,149,149,162,175,125,64,339,339,350,350],"floor_reached":25,"playtime":1044,"items_purged":[],"score":410,"play_id":"fe9a2c78-bdf5-47e4-9044-42c979522f6a","local_time":"20190307095126","is_ascension_mode":true,"campfire_choices":[{"floor":6,"key":"REST"},{"data":"Poisoned Stab","floor":8,"key":"SMITH"},{"floor":15,"key":"REST"},{"data":"Wraith Form v2","floor":23,"key":"SMITH"}],"neow_cost":"TEN_PERCENT_HP_LOSS","seed_source_timestamp":25734374261875,"circlet_count":0,"master_deck":["AscendersBane","Defend_G","Defend_G","Defend_G+1","Defend_G","Defend_G","Strike_G","Strike_G","Strike_G","Strike_G","Strike_G","Survivor","Neutralize","Backstab","Caltrops+1","PiercingWail","Poisoned Stab+1","Poisoned Stab","Footwork","Tools of the Trade","Dash+1","Catalyst","Escape Plan","Backflip","Adrenaline","Dash","Tactician","Footwork+1","Wraith Form v2+1","Regret","PiercingWail"],"relics":["Ring of the Snake","Prayer Wheel","Bottled Tornado","Bag of Preparation","The Courier","Odd Mushroom","Snecko Eye"],"potions_floor_usage":[11,12,16,19,24,24],"damage_taken":[{"damage":3,"enemies":"Small Slimes","floor":1,"turns":4},{"damage":0,"enemies":"Cultist","floor":2,"turns":4},{"damage":4,"enemies":"Jaw Worm","floor":3,"turns":5},{"damage":8,"enemies":"Blue Slaver","floor":4,"turns":4},{"damage":22,"enemies":"Exordium Thugs","floor":5,"turns":7},{"damage":24,"enemies":"Gremlin Nob","floor":11,"turns":4},{"damage":8,"enemies":"The Mushroom Lair","floor":12,"turns":5},{"damage":0,"enemies":"2 Fungi Beasts","floor":13,"turns":4},{"damage":2,"enemies":"Red Slaver","floor":14,"turns":4},{"damage":4,"enemies":"Hexaghost","floor":16,"turns":9},{"damage":27,"enemies":"Spheric Guardian","floor":18,"turns":6},{"damage":4,"enemies":"Shell Parasite","floor":19,"turns":5},{"damage":17,"enemies":"Centurion and Healer","floor":24,"turns":8},{"damage":0,"enemies":"Snecko","floor":25,"turns":3}],"seed_played":"-5168770507868097139","potions_obtained":[{"floor":3,"key":"Poison Potion"},{"floor":11,"key":"PowerPotion"},{"floor":13,"key":"Weak Potion"},{"floor":14,"key":"GamblersBrew"},{"floor":16,"key":"FearPotion"},{"floor":19,"key":"Swift Potion"}],"is_trial":false,"path_per_floor":["M","M","M","M","M","R","?","R","T","$","E","?","M","M","R","B",null,"M","M","?","$","?","R","M","M"],"character_chosen":"THE_SILENT","items_purchased":["Bag of Preparation","Wraith Form v2"],"campfire_rested":2,"item_purchase_floors":[10,21],"current_hp_per_floor":[56,56,52,44,22,40,40,40,40,40,16,8,8,6,24,20,50,23,19,19,19,19,19,2,2],"gold":350,"neow_bonus":"ONE_RARE_RELIC","is_prod":false,"is_daily":false,"chose_seed":false,"campfire_upgraded":2,"win_rate":0,"timestamp":1551970286,"path_taken":["M","M","M","M","M","R","?","R","T","?","E","?","?","M","R","BOSS","M","M","?","?","?","R","?","M"],"build_version":"2019-02-06","purchased_purges":0,"victory":false,"max_hp_per_floor":[60,60,60,60,60,60,60,60,60,60,60,60,60,60,60,60,60,60,60,60,60,60,60,60,60],"card_choices":[{"not_picked":["Flying Knee","Calculated Gamble"],"picked":"Backstab","floor":1},{"not_picked":["Outmaneuver","Blade Dance","Bane"],"picked":"SKIP","floor":1},{"not_picked":["Outmaneuver","Blade Dance","Bane"],"picked":"SKIP","floor":1},{"not_picked":["Poisoned Stab","Bane"],"picked":"Caltrops","floor":2},{"not_picked":["Bullet Time","Dagger Throw","Blade Dance"],"picked":"SKIP","floor":2},{"not_picked":["Escape Plan","Deadly Poison"],"picked":"PiercingWail","floor":3},{"not_picked":["Prepared","Backflip"],"picked":"Poisoned Stab","floor":3},{"not_picked":["Heel Hook","Cloak And Dagger"],"picked":"Poisoned Stab","floor":4},{"not_picked":["Flying Knee","Bane","Blade Dance"],"picked":"SKIP","floor":4},{"not_picked":["Masterful Stab","All Out Attack","Skewer"],"picked":"SKIP","floor":5},{"not_picked":["Flying Knee","Finisher","Underhanded Strike"],"picked":"SKIP","floor":5},{"not_picked":["Dagger Spray","Crippling Poison"],"picked":"Footwork","floor":11},{"not_picked":["Masterful Stab","Distraction"],"picked":"Tools of the Trade","floor":12},{"not_picked":["Blade Dance","Flechettes"],"picked":"Dash","floor":13},{"not_picked":["Dagger Throw","Deflect"],"picked":"Catalyst","floor":13},{"not_picked":["All Out Attack","Calculated Gamble"],"picked":"Escape Plan","floor":14},{"not_picked":["Riddle With Holes","Finisher"],"picked":"Backflip","floor":14},{"not_picked":["Bullet Time","Venomology"],"picked":"Adrenaline","floor":16},{"not_picked":["Flying Knee","Skewer+1"],"picked":"Dash","floor":18},{"not_picked":["Flying Knee+1","Prepared"],"picked":"Tactician","floor":18},{"not_picked":["Outmaneuver","Accuracy"],"picked":"Footwork+1","floor":19},{"not_picked":["Dagger Throw","Flechettes","Blade Dance"],"picked":"SKIP","floor":19},{"not_picked":["Cloak And Dagger","Deadly Poison"],"picked":"PiercingWail","floor":24},{"not_picked":["Blade Dance","Expertise","Poisoned Stab"],"picked":"SKIP","floor":24},{"not_picked":["Blade Dance","Expertise","Poisoned Stab"],"picked":"SKIP","floor":24}],"player_experience":1061518,"relics_obtained":[{"floor":9,"key":"Bottled Tornado"},{"floor":11,"key":"The Courier"},{"floor":12,"key":"Odd Mushroom"}],"event_choices":[{"damage_healed":0,"gold_gain":0,"player_choice":"Upgraded","damage_taken":0,"max_hp_gain":0,"max_hp_loss":0,"event_name":"Upgrade Shrine","floor":7,"gold_loss":0,"cards_upgraded":["Caltrops"]},{"damage_healed":0,"gold_gain":0,"player_choice":"Fought Mushrooms","damage_taken":0,"max_hp_gain":0,"max_hp_loss":0,"event_name":"Mushrooms","floor":12,"gold_loss":0},{"damage_healed":0,"gold_gain":0,"player_choice":"Upgraded Two","damage_taken":0,"max_hp_gain":0,"max_hp_loss":0,"event_name":"Designer","floor":20,"gold_loss":50,"cards_upgraded":["Defend_G","Dash"]},{"damage_healed":0,"gold_gain":275,"player_choice":"Desecrate","damage_taken":0,"max_hp_gain":0,"max_hp_loss":0,"event_name":"Golden Shrine","floor":22,"gold_loss":0,"cards_obtained":["Regret"]}],"is_beta":true,"boss_relics":[{"not_picked":["Tiny House","Orrery"],"picked":"Snecko Eye"}],"items_purged_floors":[],"is_endless":false,"potions_floor_spawned":[3,11,13,14,16,19],"killed_by":"Snecko","ascension_level":20}