{"gold_per_floor":[115,115,265,4,69,97,117,149,149,20,33,50,50,50,50,124,124,138,158,7,20,20,20,38,65,140,173,173,448,448,464,464,536,536,548,548,222,235,247,277,277,277,277,101,136,136,155,12,12,12,12],"floor_reached":52,"playtime":5161,"items_purged":["Doubt","Strike_G","Regret","Writhe"],"score":1937,"play_id":"0ba78c2c-9cf8-4006-9828-fda3bace58af","local_time":"20190220185249","is_ascension_mode":true,"campfire_choices":[{"data":"Glass Knife","floor":13.0,"key":"SMITH"},{"data":"Cloak And Dagger","floor":15.0,"key":"SMITH"},{"data":"A Thousand Cuts","floor":23.0,"key":"SMITH"},{"data":"Well Laid Plans","floor":28.0,"key":"SMITH"},{"floor":30.0,"key":"REST"},{"data":"After Image","floor":32.0,"key":"SMITH"},{"data":"Apotheosis","floor":41.0,"key":"SMITH"},{"data":"Well Laid Plans","floor":49,"key":"SMITH"}],"neow_cost":"NONE","seed_source_timestamp":0,"circlet_count":0,"master_deck":["AscendersBane","Defend_G","Defend_G","Defend_G","Defend_G","Defend_G","Strike_G","Strike_G","Strike_G","Survivor","Neutralize+1","Dash","Finisher","Glass Knife+1","Infinite Blades","Cloak And Dagger+1","Terror","A Thousand Cuts+1","Crippling Poison","Well Laid Plans+1","Dark Shackles","PiercingWail","After Image+1","Infinite Blades","PiercingWail","Night Terror","Apotheosis+1","Backflip","PiercingWail+1","Envenom","Blind","Acrobatics+1","Well Laid Plans+1"],"special_seed":0,"relics":["Ring of the Serpent","NeowsBlessing","Membership Card","Du-Vu Doll","Question Card","Gremlin Horn","TwistedFunnel","Centennial Puzzle","Vajra","Pantograph","Smiling Mask","Sozu","Thread and Needle","Blood Vial","Oddly Smooth Stone","Strawberry","Shuriken"],"potions_floor_usage":[],"damage_taken":[{"damage":0.0,"enemies":"Jaw Worm","floor":1.0,"turns":1.0},{"damage":0.0,"enemies":"Lagavulin","floor":6.0,"turns":1.0},{"damage":0.0,"enemies":"2 Louse","floor":7.0,"turns":1.0},{"damage":0.0,"enemies":"Gremlin Nob","floor":8.0,"turns":5.0},{"damage":0.0,"enemies":"Cultist","floor":11.0,"turns":2.0},{"damage":0.0,"enemies":"Exordium Wildlife","floor":12.0,"turns":3.0},{"damage":18.0,"enemies":"The Guardian","floor":16.0,"turns":9.0},{"damage":3.0,"enemies":"Spheric Guardian","floor":18.0,"turns":3.0},{"damage":23.0,"enemies":"Shell Parasite","floor":19.0,"turns":3.0},{"damage":0.0,"enemies":"3 Cultists","floor":21.0,"turns":4.0},{"damage":12.0,"enemies":"Snake Plant","floor":24.0,"turns":3.0},{"damage":2.0,"enemies":"Slavers","floor":25.0,"turns":5.0},{"damage":8.0,"enemies":"Gremlin Leader","floor":27.0,"turns":5.0},{"damage":12.0,"enemies":"Shelled Parasite and Fungi","floor":31.0,"turns":5.0},{"damage":30.0,"enemies":"Champ","floor":33.0,"turns":9.0},{"damage":0.0,"enemies":"3 Shapes","floor":35.0,"turns":4.0},{"damage":0.0,"enemies":"Orb Walker","floor":38.0,"turns":2.0},{"damage":8.0,"enemies":"3 Darklings","floor":39.0,"turns":5.0},{"damage":3.0,"enemies":"Reptomancer","floor":40.0,"turns":7.0},{"damage":11,"enemies":"Giant Head","floor":45,"turns":6},{"damage":11,"enemies":"Spire Growth","floor":47,"turns":6},{"damage":42,"enemies":"Awakened One","floor":50,"turns":12},{"damage":48,"enemies":"Time Eater","floor":51,"turns":12}],"seed_played":"-5508193356481435601","potions_obtained":[{"floor":1.0,"key":"PowerPotion"},{"floor":7.0,"key":"Explosive Potion"},{"floor":12.0,"key":"Energy Potion"},{"floor":27.0,"key":"Regen Potion"},{"floor":31.0,"key":"Swift Potion"}],"is_trial":false,"path_per_floor":["M","?","?","$","?","E","M","E","T","$","M","M","R","?","R","B",null,"M","M","$","M","?","R","M","E","T","E","R","?","R","M","R","B",null,"M","?","$","M","M","E","R","?","T","$","E","?","M","$","R","B","B",null],"character_chosen":"THE_SILENT","items_purchased":["Membership Card","TwistedFunnel","Infinite Blades","Well Laid Plans","Dark Shackles","SteroidPotion","Thread and Needle","Apotheosis","Backflip","Oddly Smooth Stone","Blind","Shuriken"],"campfire_rested":1,"item_purchase_floors":[4,10,10,20,20,20,37,37,37,44,44,48],"current_hp_per_floor":[59,59,59,59,59,59,59,59,59,59,59,59,59,59,59,41,60,57,34,34,34,47,47,35,33,33,25,25,25,44,46,46,36,59,59,59,59,59,51,48,48,61,61,61,59,59,50,50,50,31,10],"gold":12,"neow_bonus":"THREE_ENEMY_KILL","is_prod":false,"is_daily":false,"chose_seed":false,"campfire_upgraded":7,"win_rate":0,"timestamp":1550706769,"path_taken":["M","?","?","$","?","E","M","E","T","$","M","M","R","?","R","BOSS","M","?","$","M","?","R","M","E","T","E","R","?","R","?","R","BOSS","M","?","$","M","?","E","R","?","T","?","E","?","M","$","R","BOSS","BOSS"],"build_version":"2019-01-23","purchased_purges":4,"victory":true,"max_hp_per_floor":[66,66,66,66,66,66,66,66,66,66,66,66,66,66,66,66,66,66,66,66,66,66,66,66,66,66,66,66,66,66,66,66,66,66,66,66,66,66,66,66,66,66,66,66,73,73,73,73,73,73,73],"card_choices":[{"not_picked":["Concentrate","Dodge and Roll"],"picked":"Dash","floor":1.0},{"not_picked":["Outmaneuver","Dagger Spray"],"picked":"Finisher","floor":6.0},{"not_picked":["Acrobatics","Deflect","Dodge and Roll"],"picked":"SKIP","floor":7.0},{"not_picked":["Blur","Escape Plan"],"picked":"Glass Knife","floor":8.0},{"not_picked":["Eviscerate","Outmaneuver","Blade Dance"],"picked":"Cloak And Dagger","floor":11.0},{"not_picked":["Caltrops","Outmaneuver","Blade Dance"],"picked":"Terror","floor":12.0},{"not_picked":["Burst","Corpse Explosion","Die Die Die"],"picked":"A Thousand Cuts","floor":16.0},{"not_picked":["Tactician","Cloak And Dagger","Deadly Poison"],"picked":"Crippling Poison","floor":18.0},{"not_picked":["Dagger Throw","Underhanded Strike","Backflip","Bane"],"picked":"SKIP","floor":19.0},{"not_picked":["Noxious Fumes","Sucker Punch","Heel Hook","Catalyst"],"picked":"SKIP","floor":21.0},{"not_picked":["Heel Hook","Quick Slash+1","Dodge and Roll"],"picked":"PiercingWail","floor":24.0},{"not_picked":["Prepared","Endless Agony","Dodge and Roll"],"picked":"After Image","floor":25.0},{"not_picked":["Tools of the Trade","Quick Slash","Outmaneuver"],"picked":"Infinite Blades","floor":27.0},{"not_picked":["Deadly Poison","Tactician+1","Flying Knee"],"picked":"PiercingWail","floor":31.0},{"not_picked":["Storm of Steel","Grand Finale","Die Die Die"],"picked":"Night Terror","floor":33.0},{"not_picked":["Bane","Poisoned Stab","Dagger Spray","Masterful Stab"],"picked":"SKIP","floor":35.0},{"not_picked":["Tactician","Sucker Punch","Slice+1","Eviscerate"],"picked":"SKIP","floor":38.0},{"not_picked":["Tactician","Sucker Punch","Slice+1","Eviscerate"],"picked":"SKIP","floor":38.0},{"not_picked":["Dodge and Roll+1","Bane","Outmaneuver"],"picked":"PiercingWail+1","floor":39.0},{"not_picked":["Prepared+1","Deflect","Quick Slash"],"picked":"Envenom","floor":40.0},{"not_picked":["Blade Dance","Bane","Bouncing Flask+1"],"picked":"Acrobatics+1","floor":45},{"not_picked":["Crippling Poison+1","Backflip","Deflect"],"picked":"Well Laid Plans","floor":47}],"player_experience":588643,"relics_obtained":[{"floor":6.0,"key":"Du-Vu Doll"},{"floor":8.0,"key":"Question Card"},{"floor":9.0,"key":"Gremlin Horn"},{"floor":25.0,"key":"Vajra"},{"floor":26.0,"key":"Pantograph"},{"floor":27.0,"key":"Smiling Mask"},{"floor":40.0,"key":"Blood Vial"},{"floor":45,"key":"Strawberry"}],"event_choices":[{"damage_healed":0.0,"max_hp_gain":0.0,"max_hp_loss":0.0,"gold_gain":0.0,"event_name":"Living Wall","player_choice":"Grow","floor":2.0,"gold_loss":0.0,"damage_taken":0.0,"cards_upgraded":["Neutralize"]},{"damage_healed":0.0,"max_hp_gain":0.0,"max_hp_loss":0.0,"gold_gain":150.0,"event_name":"Liars Game","player_choice":"AGREE","floor":3.0,"gold_loss":0.0,"damage_taken":0.0,"cards_obtained":["Doubt"]},{"damage_healed":0.0,"max_hp_gain":0.0,"max_hp_loss":0.0,"gold_gain":65.0,"event_name":"Golden Wing","player_choice":"Gained Gold","floor":5.0,"gold_loss":0.0,"damage_taken":0.0},{"damage_healed":0.0,"max_hp_gain":0.0,"max_hp_loss":0.0,"gold_gain":0.0,"event_name":"WeMeetAgain","player_choice":"Gave Potion","floor":14.0,"gold_loss":0.0,"damage_taken":0.0,"relics_obtained":["Centennial Puzzle"]},{"damage_healed":13.0,"max_hp_gain":0.0,"max_hp_loss":0.0,"gold_gain":0.0,"event_name":"The Library","player_choice":"Heal","floor":22.0,"gold_loss":0.0,"damage_taken":0.0},{"damage_healed":0.0,"max_hp_gain":0.0,"max_hp_loss":0.0,"gold_gain":275.0,"event_name":"Golden Shrine","player_choice":"Desecrate","floor":29.0,"gold_loss":0.0,"damage_taken":0.0,"cards_obtained":["Regret"]},{"damage_healed":0.0,"max_hp_gain":0.0,"max_hp_loss":0.0,"gold_gain":0.0,"event_name":"Match and Keep!","player_choice":"0 cards matched","floor":36.0,"gold_loss":0.0,"damage_taken":0.0,"cards_obtained":[]},{"damage_healed":13.0,"max_hp_gain":0.0,"max_hp_loss":0.0,"gold_gain":0.0,"event_name":"Winding Halls","player_choice":"Writhe","floor":42.0,"gold_loss":0.0,"damage_taken":0.0,"cards_obtained":["Writhe"]},{"cards_removed":["Strike_G"],"damage_healed":0,"gold_gain":0,"player_choice":"Purged","damage_taken":0,"max_hp_gain":0,"max_hp_loss":0,"event_name":"Purifier","floor":46,"gold_loss":0}],"is_beta":false,"boss_relics":[{"not_picked":["White Beast Statue","Runic Dome"],"picked":"Ring of the Serpent"},{"not_picked":["Tiny House","Black Star"],"picked":"Sozu"}],"items_purged_floors":[4,20,37,44],"is_endless":false,"potions_floor_spawned":[1,7,12,27,31,35,40,47],"ascension_level":20}