{"gold_per_floor":[113,130,150,150,166,191,191,209,263,281,281,342,342,342,342,443,443,443,443,443,272,272,272,272],"floor_reached":24,"playtime":1151,"items_purged":[],"score":309,"play_id":"1ef4e611-db7a-40ed-aee2-285bd46d99ed","local_time":"20181223042716","is_ascension_mode":true,"campfire_choices":[{"floor":7,"key":"REST"},{"floor":13,"key":"REST"},{"floor":15,"key":"REST"},{"data":"Genetic Algorithm","floor":23,"key":"SMITH"}],"neow_cost":"NONE","seed_source_timestamp":907969007634561,"circlet_count":0,"master_deck":["Defend_B","Defend_B","Defend_B","Defend_B","Zap","Leap","Storm","Go for the Eyes","All For One+1","Gash+1","Genetic Algorithm+1","Seek","Beam Cell+1","Storm+1","All For One+1","Gash+1","Bite+1","Bite+1","Bite+1","Bite+1","Bite+1"],"relics":["Philosopher\u0027s Stone","Molten Egg 2","Tiny Chest","Juzu Bracelet","Ginger","Ectoplasm","Whetstone"],"potions_floor_usage":[6,6,12,16,16,19],"damage_taken":[{"damage":12,"enemies":"Small Slimes","floor":1,"turns":3},{"damage":0,"enemies":"2 Louse","floor":2,"turns":3},{"damage":2,"enemies":"Cultist","floor":3,"turns":3},{"damage":3,"enemies":"Blue Slaver","floor":5,"turns":5},{"damage":20,"enemies":"3 Sentries","floor":6,"turns":6},{"damage":16,"enemies":"3 Louse","floor":8,"turns":3},{"damage":5,"enemies":"Exordium Thugs","floor":10,"turns":6},{"damage":8,"enemies":"Gremlin Nob","floor":12,"turns":4},{"damage":40,"enemies":"Slime Boss","floor":16,"turns":13},{"damage":26,"enemies":"3 Byrds","floor":18,"turns":5},{"damage":13,"enemies":"Shell Parasite","floor":19,"turns":6},{"damage":31,"enemies":"Centurion and Healer","floor":24,"turns":2}],"seed_played":"7699195670472952329","potions_obtained":[{"floor":1,"key":"FocusPotion"},{"floor":2,"key":"AttackPotion"},{"floor":8,"key":"SpeedPotion"},{"floor":10,"key":"SpeedPotion"},{"floor":12,"key":"Dexterity Potion"},{"floor":16,"key":"FearPotion"},{"floor":18,"key":"Block Potion"}],"is_trial":false,"path_per_floor":["M","M","M","?","M","E","R","M","T","M","?","?","R","T","R","B",null,"M","M","?","$","?","R","M"],"character_chosen":"DEFECT","items_purchased":["Gash+1","Whetstone"],"campfire_rested":3,"item_purchase_floors":[21,21],"current_hp_per_floor":[56,56,54,54,51,31,53,37,37,32,17,9,31,31,53,13,60,34,21,21,21,21,21,0],"gold":272,"neow_bonus":"BOSS_RELIC","is_prod":false,"is_daily":false,"chose_seed":false,"campfire_upgraded":1,"win_rate":0,"timestamp":1545557236,"path_taken":["M","M","M","?","M","E","R","M","T","M","?","?","R","?","R","BOSS","M","M","?","$","?","R","M"],"build_version":"2018-12-20","purchased_purges":0,"victory":false,"max_hp_per_floor":[75,75,75,75,75,75,75,75,75,75,75,75,75,75,75,75,75,75,75,75,75,52,52,52],"card_choices":[{"not_picked":["Force Field","Steam Power"],"picked":"Leap","floor":1},{"not_picked":["Static Discharge","Streamline","Redo"],"picked":"SKIP","floor":2},{"not_picked":["Lockon","Loop"],"picked":"Storm","floor":3},{"not_picked":["Streamline","Reinforced Body"],"picked":"Go for the Eyes","floor":5},{"not_picked":["Redo","Hologram"],"picked":"All For One","floor":6},{"not_picked":["Leap","Melter+1","Hologram"],"picked":"SKIP","floor":8},{"not_picked":["Compile Driver+1","Turbo"],"picked":"Gash+1","floor":10},{"not_picked":["Coolheaded","Auto Shields"],"picked":"Genetic Algorithm","floor":12},{"not_picked":["Hyperbeam+1","Fission"],"picked":"Seek","floor":16},{"not_picked":["Hologram","Redo"],"picked":"Beam Cell+1","floor":18},{"not_picked":["Compile Driver+1","Tempest"],"picked":"Storm+1","floor":19}],"player_experience":321075,"relics_obtained":[{"floor":6,"key":"Molten Egg 2"},{"floor":9,"key":"Tiny Chest"},{"floor":12,"key":"Juzu Bracelet"},{"floor":14,"key":"Ginger"}],"event_choices":[{"cards_removed":["Dualcast"],"damage_healed":0,"gold_gain":0,"player_choice":"Forget","damage_taken":0,"max_hp_gain":0,"max_hp_loss":0,"event_name":"Living Wall","floor":4,"gold_loss":0},{"damage_healed":0,"gold_gain":0,"player_choice":"Entered Light","damage_taken":15,"max_hp_gain":0,"max_hp_loss":0,"event_name":"Shining Light","floor":11,"gold_loss":0,"cards_upgraded":["Strike_B","Strike_B"]},{"damage_healed":0,"gold_gain":0,"player_choice":"Searched \u00271\u0027 times","damage_taken":0,"max_hp_gain":0,"max_hp_loss":0,"event_name":"Dead Adventurer","floor":12,"gold_loss":0},{"damage_healed":0,"gold_gain":0,"player_choice":"Copied","damage_taken":0,"max_hp_gain":0,"max_hp_loss":0,"event_name":"Duplicator","floor":20,"gold_loss":0,"cards_obtained":["All For One"]},{"damage_healed":0,"gold_gain":0,"player_choice":"Became a vampire","damage_taken":0,"max_hp_gain":0,"max_hp_loss":23,"event_name":"Vampires","floor":22,"gold_loss":0,"cards_obtained":["Bite","Bite","Bite","Bite","Bite"]}],"is_beta":false,"boss_relics":[{"not_picked":["Velvet Choker","Inserter"],"picked":"Ectoplasm"}],"items_purged_floors":[],"is_endless":false,"potions_floor_spawned":[1,2,8,10,12,16,18],"killed_by":"Centurion and Healer","ascension_level":9}