{"gold_per_floor":[119,119,136,136,151,151,180,180,180,140,156,169,169,182,182,284,284,302,314,0,0,12,12,24,24,97,97,97],"floor_reached":28,"playtime":768,"items_purged":[],"score":242,"play_id":"0bcffb61-6ee3-4580-9f92-e92108f00ce4","local_time":"20190312061357","is_ascension_mode":true,"campfire_choices":[{"data":"Thunderclap","floor":6,"key":"SMITH"},{"data":"Clothesline","floor":8,"key":"SMITH"},{"floor":13,"key":"RECALL"},{"data":"Twin Strike","floor":15,"key":"SMITH"},{"floor":23,"key":"REST"}],"neow_cost":"TEN_PERCENT_HP_LOSS","seed_source_timestamp":343743478039538,"circlet_count":0,"master_deck":["Strike_R","Strike_R","Strike_R","Strike_R","Strike_R","Defend_R","Defend_R","Defend_R","Defend_R+1","Bash","Spot Weakness+1","Thunderclap+1","Clothesline+1","Twin Strike+1","Immolate","Combust","Rampage","Armaments"],"relics":["Burning Blood","FossilizedHelix","Pantograph","Self Forming Clay","Dream Catcher","Black Star","Gremlin Horn","Molten Egg 2"],"potions_floor_usage":[7,11,16,19,19],"damage_taken":[{"damage":7,"enemies":"2 Louse","floor":1,"turns":2},{"damage":0,"enemies":"Jaw Worm","floor":3,"turns":4},{"damage":0,"enemies":"Cultist","floor":5,"turns":3},{"damage":12,"enemies":"Gremlin Nob","floor":7,"turns":5},{"damage":0,"enemies":"Large Slime","floor":11,"turns":4},{"damage":0,"enemies":"Red Slaver","floor":12,"turns":3},{"damage":0,"enemies":"3 Louse","floor":14,"turns":1},{"damage":36,"enemies":"Slime Boss","floor":16,"turns":11},{"damage":22,"enemies":"Spheric Guardian","floor":18,"turns":4},{"damage":3,"enemies":"Chosen","floor":19,"turns":4},{"damage":36,"enemies":"Shelled Parasite and Fungi","floor":22,"turns":7},{"damage":36,"enemies":"Snake Plant","floor":24,"turns":6},{"damage":23,"enemies":"Centurion and Healer","floor":28,"turns":4}],"seed_played":"166144993391074595","potions_obtained":[{"floor":1,"key":"Ancient Potion"},{"floor":10,"key":"EssenceOfSteel"},{"floor":10,"key":"Ancient Potion"},{"floor":10,"key":"SneckoOil"},{"floor":11,"key":"SpeedPotion"},{"floor":12,"key":"AttackPotion"},{"floor":18,"key":"EssenceOfSteel"}],"is_trial":false,"path_per_floor":["M","?","M","?","M","R","E","R","T","?","M","M","R","M","R","B",null,"M","M","$","?","M","R","M","$","T","?","M"],"character_chosen":"IRONCLAD","items_purchased":["Rampage","Gremlin Horn"],"campfire_rested":1,"item_purchase_floors":[20,20],"current_hp_per_floor":[71,57,63,51,57,57,51,51,51,51,57,63,63,69,69,42,72,56,59,59,52,22,43,13,13,13,13,0],"gold":97,"neow_bonus":"ONE_RARE_RELIC","is_prod":false,"is_daily":false,"chose_seed":false,"campfire_upgraded":3,"win_rate":0,"timestamp":1552396437,"path_taken":["M","?","M","?","M","R","E","R","T","?","M","M","R","?","R","BOSS","M","M","$","?","M","R","?","$","T","?","M"],"build_version":"2019-01-23","purchased_purges":0,"victory":false,"max_hp_per_floor":[72,72,72,72,72,72,72,72,72,72,72,72,72,72,72,72,72,72,72,72,72,72,72,72,72,72,72,72],"card_choices":[{"not_picked":["Rampage","Flex"],"picked":"Spot Weakness","floor":1},{"not_picked":["Pommel Strike","Perfected Strike"],"picked":"Thunderclap","floor":3},{"not_picked":["Power Through","Havoc","Body Slam"],"picked":"SKIP","floor":5},{"not_picked":["Seeing Red","Warcry"],"picked":"Clothesline","floor":7},{"not_picked":["Thunderclap","True Grit","Dual Wield"],"picked":"SKIP","floor":11},{"not_picked":["Cleave","Battle Trance","Wild Strike"],"picked":"SKIP","floor":12},{"not_picked":["Shrug It Off","Blood for Blood"],"picked":"Twin Strike","floor":14},{"not_picked":["Juggernaut","Double Tap"],"picked":"Immolate","floor":16},{"not_picked":["Infernal Blade+1","Flex"],"picked":"Combust","floor":18},{"not_picked":["Shockwave","Reckless Charge","Dual Wield"],"picked":"SKIP","floor":19},{"not_picked":["Sword Boomerang","Carnage+1"],"picked":"Armaments","floor":22},{"not_picked":["Feel No Pain","Dual Wield","Limit Break"],"picked":"SKIP","floor":24}],"player_experience":334754,"relics_obtained":[{"floor":7,"key":"Self Forming Clay"},{"floor":9,"key":"Dream Catcher"},{"floor":26,"key":"Molten Egg 2"}],"event_choices":[{"damage_healed":0,"gold_gain":0,"player_choice":"Entered Light","damage_taken":14,"max_hp_gain":0,"max_hp_loss":0,"event_name":"Shining Light","floor":2,"gold_loss":0,"cards_upgraded":["Spot Weakness","Defend_R"]},{"damage_healed":0,"gold_gain":0,"player_choice":"Success","damage_taken":12,"relics_obtained":["Pantograph"],"max_hp_gain":0,"max_hp_loss":0,"event_name":"Scrap Ooze","floor":4,"gold_loss":0},{"damage_healed":0,"gold_gain":0,"player_choice":"Bought 3 Potions","damage_taken":0,"max_hp_gain":0,"max_hp_loss":0,"event_name":"The Woman in Blue","floor":10,"gold_loss":0},{"damage_healed":0,"gold_gain":0,"player_choice":"Damaged","damage_taken":7,"max_hp_gain":0,"max_hp_loss":0,"event_name":"Wheel of Change","floor":21,"gold_loss":0},{"damage_healed":0,"gold_gain":0,"player_choice":"Ignored","damage_taken":0,"max_hp_gain":0,"max_hp_loss":0,"event_name":"Ghosts","floor":27,"gold_loss":0}],"is_beta":false,"boss_relics":[{"not_picked":["Ectoplasm","Fusion Hammer"],"picked":"Black Star"}],"items_purged_floors":[],"is_endless":false,"potions_floor_spawned":[1,11,12,18],"killed_by":"Centurion and Healer","ascension_level":2}