{"gold_per_floor":[117,117,42,0,75,106,156,184,207,207,219,180,199,225,225,302,302,315,335,350,361,436,436,436],"floor_reached":24,"playtime":1090,"items_purged":[],"score":553,"play_id":"92230688-a4ec-4735-9fd4-968c10d75315","local_time":"20190224121414","is_ascension_mode":true,"campfire_choices":[{"data":"Armaments","floor":10.0,"key":"SMITH"},{"data":"Intimidate","floor":15,"key":"SMITH"},{"data":"True Grit","floor":23,"key":"SMITH"}],"neow_cost":"NONE","seed_source_timestamp":140515045055044,"circlet_count":0,"master_deck":["AscendersBane","Strike_R","Defend_R","Defend_R","Defend_R+1","Defend_R+1","Bash","Feel No Pain","Combust","Armaments+1","Body Slam","Havoc","Battle Trance","Feed","Intimidate+1","Exhume","Clash+1","Dark Embrace+1","Dark Embrace+1","True Grit+1","Inflame","True Grit","Disarm"],"special_seed":0,"relics":["Burning Blood","NeowsBlessing","War Paint","Question Card","Bronze Scales","Red Skull","Astrolabe","Bottled Tornado"],"potions_floor_usage":[14,16,24],"damage_taken":[{"damage":0.0,"enemies":"2 Louse","floor":1.0,"turns":1.0},{"damage":0.0,"enemies":"3 Sentries","floor":6.0,"turns":2.0},{"damage":0.0,"enemies":"Gremlin Nob","floor":8.0,"turns":1.0},{"damage":0.0,"enemies":"Jaw Worm","floor":11.0,"turns":5.0},{"damage":4.0,"enemies":"Small Slimes","floor":13.0,"turns":5.0},{"damage":18,"enemies":"3 Sentries","floor":14,"turns":6},{"damage":44,"enemies":"Hexaghost","floor":16,"turns":9},{"damage":0,"enemies":"Spheric Guardian","floor":18,"turns":4},{"damage":7,"enemies":"Chosen","floor":19,"turns":8},{"damage":30,"enemies":"Snecko","floor":20,"turns":7},{"damage":15,"enemies":"Chosen and Byrds","floor":21,"turns":7},{"damage":36,"enemies":"Slavers","floor":24,"turns":5}],"seed_played":"-7203581940919402192","potions_obtained":[{"floor":8.0,"key":"BloodPotion"},{"floor":11.0,"key":"GamblersBrew"},{"floor":21,"key":"LiquidBronze"}],"is_trial":false,"path_per_floor":["M","?","$","$","?","E","?","E","T","R","M","$","M","E","R","B",null,"M","M","M","M","T","R","E"],"character_chosen":"IRONCLAD","items_purchased":["Feel No Pain","Combust","Battle Trance"],"campfire_rested":0,"item_purchase_floors":[3,4,12],"current_hp_per_floor":[74,67,67,67,56,62,55,61,61,61,67,67,69,68,68,30,67,77,80,60,55,55,55,19],"gold":436,"neow_bonus":"THREE_ENEMY_KILL","is_prod":false,"is_daily":false,"chose_seed":false,"campfire_upgraded":3,"win_rate":0,"timestamp":1551028454,"path_taken":["M","?","?","$","?","E","?","E","T","R","M","$","M","E","R","BOSS","M","M","?","M","?","R","E"],"build_version":"2019-02-06","purchased_purges":0,"victory":false,"max_hp_per_floor":[75,75,75,75,75,75,75,75,75,75,75,75,75,79,79,79,79,83,87,91,95,95,95,95],"card_choices":[{"not_picked":["Flex","Bloodletting","Fire Breathing"],"picked":"SKIP","floor":1.0},{"not_picked":["True Grit","Pommel Strike"],"picked":"Armaments","floor":6.0},{"not_picked":["Armaments","Infernal Blade"],"picked":"Body Slam","floor":8.0},{"not_picked":["Sword Boomerang","Headbutt","Anger"],"picked":"Havoc","floor":11.0},{"not_picked":["Armaments","Spot Weakness","Rupture"],"picked":"Feed","floor":13.0},{"not_picked":["Blood for Blood","Headbutt","Flex"],"picked":"Intimidate","floor":14},{"not_picked":["Bludgeon","Feed","Double Tap"],"picked":"Exhume","floor":16},{"not_picked":["Searing Blow","Hemokinesis","Twin Strike"],"picked":"True Grit","floor":18},{"not_picked":["Havoc","Anger","Iron Wave"],"picked":"Inflame","floor":19},{"not_picked":["Dropkick+1","Clash","Second Wind"],"picked":"True Grit","floor":20},{"not_picked":["Fire Breathing","Thunderclap","Cleave"],"picked":"Disarm","floor":21}],"player_experience":995194,"relics_obtained":[{"floor":6.0,"key":"War Paint"},{"floor":8.0,"key":"Question Card"},{"floor":9.0,"key":"Bronze Scales"},{"floor":14,"key":"Red Skull"},{"floor":22,"key":"Bottled Tornado"}],"event_choices":[{"cards_removed":["Strike_R"],"damage_healed":0.0,"max_hp_gain":0.0,"max_hp_loss":0.0,"gold_gain":0.0,"event_name":"Golden Wing","player_choice":"Card Removal","floor":2.0,"gold_loss":0.0,"damage_taken":7.0},{"damage_healed":0.0,"max_hp_gain":0.0,"max_hp_loss":0.0,"gold_gain":75.0,"event_name":"World of Goop","player_choice":"Gather Gold","floor":5.0,"gold_loss":0.0,"damage_taken":11.0},{"damage_healed":0.0,"max_hp_gain":0.0,"max_hp_loss":0.0,"gold_gain":50.0,"event_name":"FaceTrader","player_choice":"Touch","floor":7.0,"gold_loss":0.0,"damage_taken":7.0}],"is_beta":true,"boss_relics":[{"not_picked":["Calling Bell","Black Blood"],"picked":"Astrolabe"}],"items_purged_floors":[],"is_endless":false,"potions_floor_spawned":[8,11,21],"killed_by":"Slavers","ascension_level":20}