{"path_per_floor":["M","?","$","?","M","R","T","E","T","R","M","M","R","M","R","B",null,"M","M","?","M","M","R","M","$","T","R","?","R","M","M","R"],"character_chosen":"THE_SILENT","items_purchased":["Catalyst","Thread and Needle"],"gold_per_floor":[115,115,36,36,55,55,78,117,117,117,131,152,152,167,167,292,292,310,324,239,263,284,284,307,17,17,17,17,17,42,56,56,56],"floor_reached":33,"campfire_rested":6,"playtime":1131,"current_hp_per_floor":[70,53,53,41,41,41,41,20,20,41,41,39,60,59,59,46,70,51,44,44,29,9,30,14,14,14,35,19,40,26,20,41,0],"items_purged":[],"gold":56,"score":249,"play_id":"cea4b98c-c0b2-43c6-96b6-400f6f52eeb9","local_time":"20180401094920","is_prod":false,"is_daily":false,"is_ascension_mode":false,"campfire_upgraded":2,"timestamp":1522601360,"path_taken":["M","?","$","?","M","R","?","E","T","R","M","?","R","M","R","BOSS","M","M","?","M","?","R","M","$","T","R","?","R","M","M","R","BOSS"],"build_version":"2018-03-29v2","purchased_purges":0,"victory":false,"master_deck":["Defend_G","Defend_G","Defend_G","Defend_G","Defend_G","Strike_G","Strike_G","Strike_G","Strike_G","Strike_G","Survivor","Neutralize","Catalyst+1","Deadly Poison","Bouncing Flask+1","Envenom","Deadly Poison+1","Catalyst+1","Deadly Poison"],"max_hp_per_floor":[70,70,70,70,70,70,70,70,70,70,70,70,70,70,70,70,70,70,70,70,70,70,70,70,70,70,70,70,70,70,70,70,70],"relics":["Ring of the Snake","Prayer Wheel","Golden Idol","Mercury Hourglass","Art of War","Ninja Scroll","Pen Nib","Velvet Choker","Matryoshka","Thread and Needle","Orichalcum","Happy Flower","Nilry\u0027s Codex"],"card_choices":[{"not_picked":["Bane","Acrobatics"],"picked":"Deadly Poison","floor":5},{"not_picked":["Concentrate","Dagger Spray"],"picked":"Bouncing Flask","floor":8},{"not_picked":["Glass Knife","Adrenaline"],"picked":"Envenom","floor":16},{"not_picked":["Prepared","Poisoned Stab"],"picked":"Deadly Poison","floor":19},{"not_picked":["Noxious Fumes","Slice"],"picked":"Catalyst","floor":22},{"not_picked":["Distraction","Acrobatics"],"picked":"Deadly Poison","floor":26}],"player_experience":99541,"potions_floor_usage":[8,16,18,24,30,31],"damage_taken":[{"damage":0,"enemies":"Jaw Worm","floor":1,"turns":6},{"damage":0,"enemies":"Cultist","floor":5,"turns":4},{"damage":21,"enemies":"3 Sentries","floor":8,"turns":10},{"damage":0,"enemies":"Small Slimes","floor":11,"turns":1},{"damage":2,"enemies":"Looter","floor":12,"turns":2},{"damage":1,"enemies":"Blue Slaver","floor":14,"turns":3},{"damage":13,"enemies":"Hexaghost","floor":16,"turns":6},{"damage":19,"enemies":"3 Byrds","floor":18,"turns":4},{"damage":7,"enemies":"Chosen","floor":19,"turns":3},{"damage":15,"enemies":"Snake Plant","floor":21,"turns":3},{"damage":20,"enemies":"Cultist and Chosen","floor":22,"turns":5},{"damage":16,"enemies":"Sentry and Sphere","floor":24,"turns":4},{"damage":14,"enemies":"Centurion and Healer","floor":30,"turns":4},{"damage":6,"enemies":"Cultist and Chosen","floor":31,"turns":5},{"damage":68,"enemies":"Automaton","floor":33,"turns":6}],"event_choices":[{"event_name":"Golden Idol","player_choice":"Take Damage","floor":2,"damage_taken":0},{"event_name":"Scrap Ooze","player_choice":"success","floor":4,"damage_taken":12},{"event_name":"Addict","player_choice":"Obtained Relic","floor":20,"damage_taken":0},{"event_name":"Cursed Tome","player_choice":"Obtained Book","floor":28,"damage_taken":0}],"boss_relics":[{"not_picked":["Tiny House","Eternal Feather"],"picked":"Velvet Choker"}],"potions_floor_spawned":[1,12,14,19,21,24],"seed_played":"-863762412704355739","killed_by":"Automaton","ascension_level":0,"is_trial":false}