{"path_per_floor":["M","?","M","M","M","R","?","E","T","M","?","R","$","M","R"],"character_chosen":"THE_SILENT","items_purchased":["Blood Vial"],"gold_per_floor":[116,116,129,142,152,152,152,182,182,199,199,199,54,67,67,67],"floor_reached":16,"campfire_rested":2,"playtime":678,"current_hp_per_floor":[70,70,70,68,36,57,57,40,40,31,36,58,58,59,59,0],"items_purged":[],"gold":67,"score":102,"play_id":"c799bd72-a587-4f62-b00a-c7d08bc9e7a0","local_time":"20180401071500","is_prod":false,"is_daily":false,"is_ascension_mode":false,"campfire_upgraded":1,"timestamp":1522592100,"path_taken":["M","?","M","M","M","R","?","E","T","M","?","R","$","?","R","BOSS"],"build_version":"2018-03-29v2","purchased_purges":0,"victory":false,"master_deck":["Defend_G","Defend_G","Defend_G","Defend_G","Defend_G","Strike_G","Strike_G","Strike_G","Strike_G","Strike_G","Survivor","Neutralize+1","Dagger Throw","Adrenaline+1","Cloak And Dagger","Prepared","Prepared+1","Quick Slash"],"max_hp_per_floor":[70,70,70,70,70,70,70,70,70,70,75,75,75,75,75,75],"relics":["Ring of the Snake","Gremlin Horn","Toxic Egg 2","Blood Vial"],"card_choices":[{"not_picked":["Deflect","Sucker Punch"],"picked":"Dagger Throw","floor":3},{"not_picked":["Deflect","Reflex"],"picked":"Adrenaline","floor":4},{"not_picked":["Deadly Poison","Malaise"],"picked":"Cloak And Dagger","floor":5},{"not_picked":["Dodge and Roll","Corpse Explosion"],"picked":"Prepared","floor":8},{"not_picked":["PiercingWail","Acrobatics"],"picked":"Prepared","floor":10},{"not_picked":["Deadly Poison","Masterful Stab"],"picked":"Quick Slash","floor":14}],"player_experience":91632,"potions_floor_usage":[8,16],"damage_taken":[{"damage":0,"enemies":"2 Louse","floor":1,"turns":3},{"damage":0,"enemies":"Cultist","floor":3,"turns":4},{"damage":2,"enemies":"Small Slimes","floor":4,"turns":4},{"damage":32,"enemies":"Gremlin Gang","floor":5,"turns":6},{"damage":17,"enemies":"Lagavulin","floor":8,"turns":9},{"damage":9,"enemies":"Large Slime","floor":10,"turns":7},{"damage":1,"enemies":"2 Fungi Beasts","floor":14,"turns":3},{"damage":68,"enemies":"The Guardian","floor":16,"turns":12}],"event_choices":[{"event_name":"The Lab","player_choice":"Got Potions","floor":2,"damage_taken":0},{"event_name":"Upgrade Shrine","player_choice":"Upgraded","floor":7,"damage_taken":0},{"event_name":"Big Fish","player_choice":"Donut","floor":11,"damage_taken":0}],"boss_relics":[],"potions_floor_spawned":[4,14],"seed_played":"-1413166487172524578","killed_by":"The Guardian","ascension_level":0,"is_trial":false}