{"gold_per_floor":[109,34,34,45,45,71,71,102,183,218,107,107,124,124,124,202,202,220,197,197,209,259,259,279,279,303,303,317,352,352,365,365,365],"floor_reached":33,"playtime":1370,"items_purged":[],"score":566,"play_id":"dc2a6341-5a05-4e97-8252-eec3704d1168","local_time":"20190323171244","is_ascension_mode":true,"campfire_choices":[{"floor":7.0,"key":"REST"},{"floor":12.0,"key":"DIG"},{"floor":15.0,"key":"DIG"},{"floor":23.0,"key":"DIG"},{"data":"Ghostly","floor":25.0,"key":"SMITH"},{"floor":30,"key":"DIG"},{"floor":32,"key":"DIG"}],"neow_cost":"CURSE","seed_source_timestamp":909204359535376,"circlet_count":0,"master_deck":["AscendersBane","Strike_R","Strike_R","Strike_R","Strike_R","Strike_R","Defend_R","Defend_R","Defend_R","Defend_R","Bash","Rampage","Dark Embrace","Reaper","Perfected Strike","Limit Break","Ghostly Armor","Clothesline+1","Ghostly","Ghostly","Ghostly+1","Evolve","Shrug It Off","Armaments+1"],"special_seed":0,"relics":["Burning Blood","Thread and Needle","Potion Belt","Bag of Preparation","Shovel","Pear","Dream Catcher","Happy Flower","Red Skull","Coffee Dripper","Juzu Bracelet","Strawberry","MutagenicStrength","Ginger","Orichalcum","Ancient Tea Set"],"potions_floor_usage":[31],"damage_taken":[{"damage":13.0,"enemies":"Jaw Worm","floor":1.0,"turns":5.0},{"damage":1.0,"enemies":"Small Slimes","floor":4.0,"turns":4.0},{"damage":47.0,"enemies":"Gremlin Nob","floor":6.0,"turns":5.0},{"damage":33.0,"enemies":"Lagavulin","floor":8.0,"turns":6.0},{"damage":32.0,"enemies":"3 Sentries","floor":10.0,"turns":10.0},{"damage":2.0,"enemies":"Cultist","floor":13.0,"turns":4.0},{"damage":39.0,"enemies":"The Guardian","floor":16.0,"turns":12.0},{"damage":21.0,"enemies":"Chosen","floor":18.0,"turns":4.0},{"damage":13.0,"enemies":"2 Thieves","floor":19.0,"turns":4.0},{"damage":14.0,"enemies":"Cultist and Chosen","floor":21.0,"turns":7.0},{"damage":11.0,"enemies":"Snake Plant","floor":24.0,"turns":6.0},{"damage":1.0,"enemies":"Centurion and Healer","floor":28.0,"turns":7.0},{"damage":43.0,"enemies":"Gremlin Leader","floor":29.0,"turns":8.0},{"damage":0,"enemies":"Cultist and Chosen","floor":31,"turns":5},{"damage":72,"enemies":"Automaton","floor":33,"turns":6}],"seed_played":"7131538874789483124","potions_obtained":[{"floor":16.0,"key":"AttackPotion"},{"floor":19.0,"key":"EssenceOfSteel"},{"floor":29,"key":"GamblersBrew"}],"is_trial":false,"path_per_floor":["M","?","?","M","?","E","R","E","T","E","$","R","M","$","R","B",null,"M","M","?","M","?","R","M","R","T","?","M","E","R","M","R","B"],"character_chosen":"IRONCLAD","items_purchased":["EntropicBrew"],"campfire_rested":1,"item_purchase_floors":[11],"current_hp_per_floor":[61,61,66,71,71,30,54,27,37,11,11,11,19,19,19,8,70,55,48,45,37,37,37,32,32,39,39,52,16,16,35,35,0],"gold":365,"neow_bonus":"ONE_RARE_RELIC","is_prod":false,"is_daily":false,"chose_seed":false,"campfire_upgraded":1,"win_rate":0,"timestamp":1553375564,"path_taken":["M","?","?","M","?","E","R","E","T","E","$","R","?","?","R","BOSS","M","M","?","M","?","R","M","R","T","?","M","E","R","M","R","BOSS"],"build_version":"2019-03-15","purchased_purges":0,"victory":false,"max_hp_per_floor":[75,75,80,80,80,80,80,80,90,90,90,90,90,90,90,90,90,90,90,45,45,45,45,45,45,52,52,52,52,52,52,52,52],"card_choices":[{"not_picked":["True Grit","Iron Wave"],"picked":"Evolve","floor":1.0},{"not_picked":["Clash","Rage"],"picked":"Rampage","floor":4.0},{"not_picked":["True Grit","Twin Strike"],"picked":"Dark Embrace","floor":6.0},{"not_picked":["Clash","Body Slam","Infernal Blade"],"picked":"SKIP","floor":8.0},{"not_picked":["Flame Barrier","Clothesline"],"picked":"Reaper","floor":10.0},{"not_picked":["Headbutt","Thunderclap"],"picked":"Perfected Strike","floor":13.0},{"not_picked":["Exhume","Brutality"],"picked":"Limit Break","floor":16.0},{"not_picked":["Armaments","Metallicize"],"picked":"Ghostly Armor","floor":18.0},{"not_picked":["Flex","Body Slam"],"picked":"Clothesline+1","floor":19.0},{"not_picked":["Reaper","Intimidate"],"picked":"Evolve","floor":21.0},{"not_picked":["Evolve","Intimidate","Infernal Blade"],"picked":"SKIP","floor":24.0},{"not_picked":["Sentinel","Fire Breathing"],"picked":"Shrug It Off","floor":28.0},{"not_picked":["Cleave+1","Searing Blow","Armaments"],"picked":"SKIP","floor":29},{"not_picked":["Clash","Thunderclap"],"picked":"Armaments+1","floor":31}],"player_experience":1203735,"relics_obtained":[{"floor":6.0,"key":"Bag of Preparation"},{"floor":8.0,"key":"Shovel"},{"floor":9.0,"key":"Pear"},{"floor":10.0,"key":"Dream Catcher"},{"floor":12.0,"key":"Happy Flower"},{"floor":15.0,"key":"Red Skull"},{"floor":23.0,"key":"Juzu Bracelet"},{"floor":26.0,"key":"Strawberry"},{"floor":29,"key":"Ginger"},{"floor":30,"key":"Orichalcum"},{"floor":32,"key":"Ancient Tea Set"}],"event_choices":[{"cards_removed":["Pain"],"damage_healed":0.0,"max_hp_gain":0.0,"max_hp_loss":0.0,"gold_gain":0.0,"event_name":"The Cleric","player_choice":"Card Removal","floor":2.0,"gold_loss":75.0,"damage_taken":0.0},{"damage_healed":0.0,"max_hp_gain":5.0,"max_hp_loss":0.0,"gold_gain":0.0,"event_name":"Big Fish","player_choice":"Donut","floor":3.0,"gold_loss":0.0,"damage_taken":0.0},{"cards_removed":["Evolve"],"damage_healed":0.0,"max_hp_gain":0.0,"max_hp_loss":0.0,"gold_gain":0.0,"event_name":"WeMeetAgain","player_choice":"Gave Card","floor":5.0,"gold_loss":0.0,"damage_taken":0.0,"relics_obtained":["Potion Belt"]},{"damage_healed":0.0,"max_hp_gain":0.0,"max_hp_loss":45.0,"gold_gain":0.0,"event_name":"Ghosts","player_choice":"Became a Ghost","floor":20.0,"gold_loss":0.0,"damage_taken":0.0,"cards_obtained":["Ghostly","Ghostly","Ghostly"]},{"damage_healed":0.0,"max_hp_gain":0.0,"max_hp_loss":0.0,"gold_gain":100.0,"event_name":"The Joust","player_choice":"Bet on Murderer","floor":22.0,"gold_loss":50.0,"damage_taken":0.0},{"damage_healed":0.0,"max_hp_gain":0.0,"max_hp_loss":0.0,"gold_gain":0.0,"event_name":"Drug Dealer","player_choice":"Inject Mutagens","floor":27.0,"gold_loss":0.0,"damage_taken":0.0,"relics_obtained":["MutagenicStrength"]}],"is_beta":true,"boss_relics":[{"not_picked":["Mark of Pain","Ectoplasm"],"picked":"Coffee Dripper"}],"items_purged_floors":[],"is_endless":false,"potions_floor_spawned":[13,16,19,29],"killed_by":"Automaton","ascension_level":20}