{"gold_per_floor":[119,44,54,129,129,129,161,181,181,208,220,8,8,41,41,119,119,134,87,87,287,305,305,323,323,349,349,359,29,29,29,29,29],"floor_reached":33,"playtime":1492,"items_purged":[],"score":547,"play_id":"d24e2372-66ba-4b50-93e8-62cecf1fe821","local_time":"20190316114706","is_ascension_mode":true,"campfire_choices":[{"data":"Terror","floor":6,"key":"SMITH"},{"floor":13,"key":"REST"},{"floor":15,"key":"REST"},{"floor":23,"key":"REST"},{"floor":25,"key":"REST"},{"data":"Adrenaline","floor":27,"key":"SMITH"},{"data":"Cloak And Dagger","floor":32,"key":"SMITH"}],"neow_cost":"NONE","seed_source_timestamp":201923005369026,"circlet_count":0,"master_deck":["AscendersBane","Defend_G","Defend_G","Defend_G","Defend_G","Defend_G","Strike_G","Strike_G","Strike_G","Strike_G","Strike_G","Survivor","Neutralize","Dagger Spray","Terror+1","PiercingWail","Dagger Throw","Cloak And Dagger","Adrenaline+1","Cloak And Dagger+1","Noxious Fumes","Burst","Choke","Backstab+1","Dash","Die Die Die"],"relics":["Ring of the Snake","NeowsBlessing","Question Card","Blood Vial","Bottled Lightning","TheAbacus","Omamori","Sozu","Boot","Dead Branch","Regal Pillow"],"potions_floor_usage":[10,14,18],"damage_taken":[{"damage":0,"enemies":"2 Louse","floor":1,"turns":1},{"damage":0,"enemies":"Cultist","floor":3,"turns":1},{"damage":0,"enemies":"Lagavulin","floor":7,"turns":1},{"damage":0,"enemies":"Small Slimes","floor":8,"turns":3},{"damage":39,"enemies":"Gremlin Nob","floor":10,"turns":4},{"damage":10,"enemies":"Exordium Thugs","floor":11,"turns":5},{"damage":16,"enemies":"3 Sentries","floor":14,"turns":8},{"damage":14,"enemies":"The Guardian","floor":16,"turns":13},{"damage":0,"enemies":"Shell Parasite","floor":18,"turns":5},{"damage":27,"enemies":"2 Thieves","floor":19,"turns":5},{"damage":45,"enemies":"Chosen and Byrds","floor":22,"turns":8},{"damage":18,"enemies":"Snake Plant","floor":24,"turns":3},{"damage":0,"enemies":"Snecko","floor":28,"turns":3},{"damage":45,"enemies":"Automaton","floor":33,"turns":6}],"seed_played":"45608830657321139","potions_obtained":[{"floor":7,"key":"Regen Potion"},{"floor":10,"key":"LiquidBronze"},{"floor":14,"key":"Block Potion"}],"is_trial":false,"path_per_floor":["M","$","M","?","?","R","E","M","T","E","M","$","R","E","R","B",null,"M","M","?","?","M","R","M","R","T","R","M","$","?","$","R","B"],"character_chosen":"THE_SILENT","items_purchased":["Terror","TheAbacus","Dead Branch"],"campfire_rested":4,"item_purchase_floors":[2,12,29],"current_hp_per_floor":[59,59,59,48,39,39,39,39,39,14,6,6,25,11,30,18,54,56,31,44,44,1,20,4,23,23,23,25,25,25,25,25,0],"gold":29,"neow_bonus":"THREE_ENEMY_KILL","is_prod":false,"is_daily":false,"chose_seed":false,"campfire_upgraded":3,"win_rate":0,"timestamp":1552751226,"path_taken":["M","$","M","?","?","R","E","M","T","E","M","$","R","E","R","BOSS","M","?","?","?","M","R","M","R","T","R","?","$","?","$","R","BOSS"],"build_version":"2019-03-15","purchased_purges":0,"victory":false,"max_hp_per_floor":[66,66,66,66,66,66,66,66,66,66,66,66,66,66,66,66,66,66,66,66,66,66,66,66,66,66,66,66,66,66,66,66,66],"card_choices":[{"not_picked":["Backflip","Sucker Punch"],"picked":"Dagger Spray","floor":1},{"not_picked":["Underhanded Strike","Prepared"],"picked":"PiercingWail","floor":3},{"not_picked":["Deflect","Blade Dance"],"picked":"Dagger Throw","floor":7},{"not_picked":["Dagger Throw","Deflect","Dodge and Roll"],"picked":"Cloak And Dagger","floor":8},{"not_picked":["Prepared","Acrobatics","Deflect"],"picked":"Adrenaline","floor":10},{"not_picked":["Flying Knee","All Out Attack","Masterful Stab"],"picked":"Cloak And Dagger","floor":11},{"not_picked":["Deadly Poison","Blade Dance","Slice"],"picked":"Noxious Fumes","floor":14},{"not_picked":["Malaise","Bullet Time","Die Die Die"],"picked":"Burst","floor":16},{"not_picked":["Heel Hook+1","Poisoned Stab","Concentrate","Dagger Spray"],"picked":"SKIP","floor":18},{"not_picked":["Flying Knee","Dagger Spray","Deflect"],"picked":"Choke","floor":19},{"not_picked":["Quick Slash+1","Distraction","Flying Knee"],"picked":"Backstab+1","floor":22},{"not_picked":["Flying Knee","Dagger Spray","Bane"],"picked":"Dash","floor":24},{"not_picked":["Slice","Tactician","Deflect"],"picked":"Die Die Die","floor":28}],"player_experience":534173,"relics_obtained":[{"floor":7,"key":"Question Card"},{"floor":9,"key":"Blood Vial"},{"floor":10,"key":"Bottled Lightning"},{"floor":14,"key":"Omamori"},{"floor":26,"key":"Boot"}],"event_choices":[{"damage_healed":0,"gold_gain":75,"player_choice":"Gather Gold","damage_taken":11,"max_hp_gain":0,"max_hp_loss":0,"event_name":"World of Goop","floor":4,"gold_loss":0},{"damage_healed":0,"gold_gain":0,"player_choice":"Damaged","damage_taken":9,"max_hp_gain":0,"max_hp_loss":0,"event_name":"Wheel of Change","floor":5,"gold_loss":0},{"damage_healed":13,"gold_gain":0,"player_choice":"Heal","damage_taken":0,"max_hp_gain":0,"max_hp_loss":0,"event_name":"The Library","floor":20,"gold_loss":0},{"damage_healed":0,"gold_gain":250,"player_choice":"Bet on Owner","damage_taken":0,"max_hp_gain":0,"max_hp_loss":0,"event_name":"The Joust","floor":21,"gold_loss":50},{"damage_healed":0,"gold_gain":0,"player_choice":"Stole Relic","damage_taken":0,"relics_obtained":["Regal Pillow"],"max_hp_gain":0,"max_hp_loss":0,"event_name":"Addict","floor":30,"gold_loss":0,"cards_obtained":["Shame"]}],"is_beta":true,"boss_relics":[{"not_picked":["Busted Crown","Coffee Dripper"],"picked":"Sozu"}],"items_purged_floors":[],"is_endless":false,"potions_floor_spawned":[7,10,14,18,22],"killed_by":"Automaton","ascension_level":18}