{"gold_per_floor":[218,218,231,35,35,79,103,103,103,143,179,204,0,13,13,133,133,146,159,180,35,134,134,59,59,59,77,149,185,185,201,201,324,324,342,358,416,44,44,44,60,10,10,24,44,65,65,103,103,103],"floor_reached":51,"playtime":3577,"items_purged":["Pain"],"score":1173,"play_id":"6fee63df-15c0-46bc-a735-2fbeeae31538","local_time":"20190202010759","is_ascension_mode":true,"campfire_choices":[{"floor":8,"key":"REST"},{"data":"Catalyst","floor":15,"key":"SMITH"},{"floor":23,"key":"REST"},{"data":"Noxious Fumes","floor":25,"key":"SMITH"},{"data":"Crippling Poison","floor":30,"key":"SMITH"},{"floor":32,"key":"REST"},{"floor":40,"key":"REST"},{"floor":47,"key":"DIG"},{"floor":49,"key":"REST"}],"neow_cost":"NONE","seed_source_timestamp":109915229262614,"circlet_count":0,"master_deck":["Defend_G","Defend_G+1","Defend_G","Defend_G","Defend_G","Strike_G","Strike_G","Strike_G","Strike_G","Survivor+1","Neutralize","Slice","Crippling Poison+1","Noxious Fumes+1","Backflip","Adrenaline","Deflect","Catalyst+1","Envenom","Acrobatics","Deadly Poison+1","Footwork","Backflip","Injury","Well Laid Plans","Acrobatics+1","Adrenaline","PiercingWail","Dash+1","Footwork","Adrenaline","Tactician","Prepared+1","Quick Slash","Deadly Poison+1","Dodge and Roll+1","Acrobatics","Outmaneuver+1"],"relics":["Ring of the Snake","Golden Idol","TheAbacus","Gambling Chip","Pocketwatch","Blue Candle","Odd Mushroom","Strange Spoon","Cursed Key","Bronze Scales","The Specimen","Question Card","Gremlin Horn","Fusion Hammer","Ginger","Omamori","GremlinMask","Shovel","Molten Egg 2","Ice Cream"],"potions_floor_usage":[16,16,33,35,37,50,50],"damage_taken":[{"damage":0,"enemies":"2 Louse","floor":1,"turns":4},{"damage":2,"enemies":"Jaw Worm","floor":3,"turns":5},{"damage":11,"enemies":"3 Sentries","floor":6,"turns":13},{"damage":0,"enemies":"Cultist","floor":7,"turns":4},{"damage":15,"enemies":"Gremlin Nob","floor":10,"turns":5},{"damage":1,"enemies":"The Mushroom Lair","floor":11,"turns":4},{"damage":0,"enemies":"Exordium Wildlife","floor":12,"turns":3},{"damage":0,"enemies":"Blue Slaver","floor":14,"turns":4},{"damage":0,"enemies":"The Guardian","floor":16,"turns":6},{"damage":8,"enemies":"2 Thieves","floor":18,"turns":5},{"damage":13,"enemies":"3 Byrds","floor":19,"turns":5},{"damage":18,"enemies":"Snake Plant","floor":20,"turns":4},{"damage":1,"enemies":"Snecko","floor":27,"turns":5},{"damage":8,"enemies":"Book of Stabbing","floor":29,"turns":5},{"damage":0,"enemies":"Centurion and Healer","floor":31,"turns":5},{"damage":46,"enemies":"Automaton","floor":33,"turns":7},{"damage":1,"enemies":"Orb Walker","floor":35,"turns":3},{"damage":4,"enemies":"3 Shapes","floor":36,"turns":5},{"damage":28,"enemies":"2 Orb Walkers","floor":37,"turns":5},{"damage":17,"enemies":"3 Darklings","floor":41,"turns":4},{"damage":1,"enemies":"Transient","floor":44,"turns":5},{"damage":0,"enemies":"Maw","floor":45,"turns":5},{"damage":2,"enemies":"Spire Growth","floor":46,"turns":4},{"damage":0,"enemies":"Giant Head","floor":48,"turns":6},{"damage":19,"enemies":"Awakened One","floor":50,"turns":10}],"seed_played":"-5272905533718768786","potions_obtained":[{"floor":1,"key":"SpeedPotion"},{"floor":10,"key":"SmokeBomb"},{"floor":12,"key":"Poison Potion"},{"floor":27,"key":"Dexterity Potion"},{"floor":33,"key":"Poison Potion"},{"floor":35,"key":"Ancient Potion"},{"floor":41,"key":"Energy Potion"},{"floor":45,"key":"PowerPotion"}],"is_trial":false,"path_per_floor":["M","?","M","$","?","E","M","R","T","E","?","M","$","M","R","B",null,"M","M","M","$","?","R","?","R","T","M","T","E","R","M","R","B",null,"M","M","?","$","?","R","M","$","T","M","M","M","R","E","R","B",null],"character_chosen":"THE_SILENT","items_purchased":["TheAbacus","Strange Spoon","Bronze Scales","Omamori","Adrenaline","Tactician","Quick Slash"],"campfire_rested":5,"item_purchase_floors":[4,13,21,38,38,38,42],"current_hp_per_floor":[63,46,44,44,30,19,19,40,40,25,24,24,24,24,24,24,59,51,38,20,20,20,41,41,41,41,40,40,32,32,32,53,7,54,53,49,21,21,21,42,25,25,25,24,24,22,22,22,43,24],"gold":103,"neow_bonus":"HUNDRED_GOLD","is_prod":false,"is_daily":false,"chose_seed":false,"campfire_upgraded":3,"win_rate":0,"timestamp":1549087679,"path_taken":["M","?","M","$","?","E","M","R","T","E","?","M","$","M","R","BOSS","M","M","M","$","?","R","?","R","T","M","?","E","R","M","R","BOSS","M","?","?","$","?","R","M","$","T","?","M","M","R","E","R","BOSS"],"build_version":"2019-01-23","purchased_purges":1,"victory":true,"max_hp_per_floor":[70,70,70,70,70,70,70,70,70,70,70,70,70,70,70,70,70,70,70,70,70,70,70,70,70,70,70,70,70,70,70,70,70,70,70,70,70,70,70,70,70,70,70,70,70,70,70,70,70,70],"card_choices":[{"not_picked":["Skewer","Flying Knee"],"picked":"Slice","floor":1},{"not_picked":["Poisoned Stab","Deadly Poison"],"picked":"Crippling Poison","floor":3},{"not_picked":["Acrobatics","Deflect"],"picked":"Noxious Fumes","floor":6},{"not_picked":["Outmaneuver","Prepared"],"picked":"Backflip","floor":7},{"not_picked":["Terror","Expertise","Infinite Blades"],"picked":"SKIP","floor":10},{"not_picked":["Deadly Poison","Bane"],"picked":"Adrenaline","floor":11},{"not_picked":["Outmaneuver","Distraction"],"picked":"Deflect","floor":12},{"not_picked":["Bane","Prepared"],"picked":"Catalyst","floor":14},{"not_picked":["Tools of the Trade","Doppelganger"],"picked":"Envenom","floor":16},{"not_picked":["Dodge and Roll","Blur"],"picked":"Acrobatics","floor":18},{"not_picked":["Blur","Eviscerate+1"],"picked":"Deadly Poison+1","floor":19},{"not_picked":["Blade Dance","Expertise"],"picked":"Footwork","floor":20},{"not_picked":["Accuracy","Skewer"],"picked":"Backflip","floor":27},{"not_picked":["Poisoned Stab","Outmaneuver","Crippling Poison"],"picked":"Well Laid Plans","floor":29},{"not_picked":["Dodge and Roll","Backflip","Well Laid Plans+1"],"picked":"Acrobatics+1","floor":31},{"not_picked":["Malaise","After Image","Burst"],"picked":"Adrenaline","floor":33},{"not_picked":["Skewer","Dagger Throw+1","Escape Plan"],"picked":"PiercingWail","floor":35},{"not_picked":["Endless Agony+1","Backflip+1","Poisoned Stab"],"picked":"Dash+1","floor":36},{"not_picked":["Outmaneuver","Deadly Poison+1","Poisoned Stab"],"picked":"Footwork","floor":37},{"not_picked":["Poisoned Stab","Deflect","Dagger Spray"],"picked":"Prepared+1","floor":41},{"not_picked":["Acrobatics+1","PiercingWail","Blade Dance"],"picked":"Deadly Poison+1","floor":44},{"not_picked":["Outmaneuver","Masterful Stab","Backstab+1"],"picked":"Dodge and Roll+1","floor":45},{"not_picked":["PiercingWail","Expertise","Deadly Poison+1"],"picked":"Acrobatics","floor":46},{"not_picked":["Dagger Throw+1","Reflex","Escape Plan"],"picked":"Outmaneuver+1","floor":48}],"player_experience":322535,"relics_obtained":[{"floor":6,"key":"Gambling Chip"},{"floor":9,"key":"Pocketwatch"},{"floor":10,"key":"Blue Candle"},{"floor":11,"key":"Odd Mushroom"},{"floor":26,"key":"The Specimen"},{"floor":28,"key":"Question Card"},{"floor":29,"key":"Gremlin Horn"},{"floor":37,"key":"Ginger"},{"floor":43,"key":"Shovel"},{"floor":47,"key":"Molten Egg 2"},{"floor":48,"key":"Ice Cream"}],"event_choices":[{"damage_healed":0,"gold_gain":0,"player_choice":"Take Damage","damage_taken":17,"relics_obtained":["Golden Idol"],"max_hp_gain":0,"max_hp_loss":0,"event_name":"Golden Idol","floor":2,"gold_loss":0},{"damage_healed":0,"gold_gain":0,"player_choice":"Entered Light","damage_taken":14,"max_hp_gain":0,"max_hp_loss":0,"event_name":"Shining Light","floor":5,"gold_loss":0,"cards_upgraded":["Defend_G","Survivor"]},{"damage_healed":0,"gold_gain":0,"player_choice":"Fought Mushrooms","damage_taken":0,"max_hp_gain":0,"max_hp_loss":0,"event_name":"Mushrooms","floor":11,"gold_loss":0},{"damage_healed":0,"gold_gain":99,"player_choice":"Stole From Cult","damage_taken":0,"max_hp_gain":0,"max_hp_loss":0,"event_name":"Nest","floor":22,"gold_loss":0},{"cards_removed":["Strike_G"],"damage_healed":0,"gold_gain":0,"player_choice":"Gave Gold","damage_taken":0,"max_hp_gain":0,"max_hp_loss":0,"event_name":"Beggar","floor":24,"gold_loss":75},{"damage_healed":0,"gold_gain":0,"player_choice":"Fight","damage_taken":0,"max_hp_gain":0,"max_hp_loss":0,"event_name":"Mysterious Sphere","floor":37,"gold_loss":0},{"damage_healed":0,"gold_gain":0,"player_choice":"Trade","damage_taken":0,"relics_obtained":["GremlinMask"],"max_hp_gain":0,"max_hp_loss":0,"event_name":"FaceTrader","floor":39,"gold_loss":0}],"is_beta":true,"boss_relics":[{"not_picked":["Coffee Dripper","Ectoplasm"],"picked":"Cursed Key"},{"not_picked":["Empty Cage","Astrolabe"],"picked":"Fusion Hammer"}],"items_purged_floors":[38],"is_endless":false,"potions_floor_spawned":[1,10,12,27,33,35,41,45,48],"ascension_level":9}