{"gold_per_floor":[219,219,219,234,159,159,172,72,118,118,130,130,130,5,5,5],"floor_reached":16,"playtime":306,"items_purged":["Strike_R","Defend_R","Strike_R"],"score":88,"play_id":"51d60442-de9e-4dd1-9e2d-9cf17ae7a07f","local_time":"20190316134813","is_ascension_mode":false,"campfire_choices":[{"data":"Bash","floor":6,"key":"SMITH"},{"data":"Strike_R","floor":10,"key":"SMITH"},{"data":"Defend_R","floor":13,"key":"SMITH"},{"data":"Strike_R","floor":15,"key":"SMITH"}],"neow_cost":"NONE","seed_source_timestamp":293240932240510,"circlet_count":0,"master_deck":["Strike_R+1","Strike_R+1","Defend_R+1","Defend_R+1","Defend_R+1","Bash+1"],"relics":["Burning Blood","Mummified Hand","War Paint","Turnip"],"potions_floor_usage":[],"damage_taken":[{"damage":12,"enemies":"Small Slimes","floor":1,"turns":4},{"damage":6,"enemies":"Jaw Worm","floor":4,"turns":3},{"damage":1,"enemies":"Cultist","floor":7,"turns":4},{"damage":7,"enemies":"Gremlin Gang","floor":11,"turns":4},{"damage":53,"enemies":"Slime Boss","floor":16,"turns":11}],"seed_played":"8902956240206972409","potions_obtained":[],"is_trial":false,"path_per_floor":["M","?","?","M","$","R","M","$","T","R","M","?","R","$","R","B"],"character_chosen":"IRONCLAD","items_purchased":[],"campfire_rested":0,"item_purchase_floors":[],"current_hp_per_floor":[74,67,64,64,64,64,69,69,69,69,68,68,68,68,68,15],"gold":5,"neow_bonus":"HUNDRED_GOLD","is_prod":false,"is_daily":false,"chose_seed":false,"campfire_upgraded":4,"win_rate":0,"timestamp":1552758493,"path_taken":["M","?","?","M","?","R","?","$","T","R","M","?","R","$","R","BOSS"],"build_version":"2019-03-15","purchased_purges":3,"victory":false,"max_hp_per_floor":[80,80,80,80,80,80,80,80,80,80,80,80,80,80,80,80],"card_choices":[{"not_picked":["Pommel Strike","Combust"],"picked":"Thunderclap","floor":1},{"not_picked":["Infernal Blade","Warcry","Sword Boomerang"],"picked":"SKIP","floor":4},{"not_picked":["True Grit","Wild Strike","Thunderclap"],"picked":"SKIP","floor":7},{"not_picked":["Anger","Heavy Blade","Clash"],"picked":"SKIP","floor":11}],"player_experience":1110863,"relics_obtained":[{"floor":9,"key":"War Paint"}],"event_choices":[{"cards_removed":["Strike_R"],"damage_healed":0,"gold_gain":0,"player_choice":"Card Removal","damage_taken":7,"max_hp_gain":0,"max_hp_loss":0,"event_name":"Golden Wing","floor":2,"gold_loss":0},{"damage_healed":0,"gold_gain":0,"player_choice":"Success","damage_taken":3,"relics_obtained":["Mummified Hand"],"max_hp_gain":0,"max_hp_loss":0,"event_name":"Scrap Ooze","floor":3,"gold_loss":0},{"cards_removed":["Thunderclap"],"damage_healed":0,"gold_gain":0,"player_choice":"Gave Card","damage_taken":0,"relics_obtained":["Turnip"],"max_hp_gain":0,"max_hp_loss":0,"event_name":"WeMeetAgain","floor":12,"gold_loss":0}],"is_beta":true,"boss_relics":[],"items_purged_floors":[5,8,14],"is_endless":false,"potions_floor_spawned":[],"killed_by":"Slime Boss","ascension_level":0}