{"gold_per_floor":[113,129,142,67,67,67,67,97,148,167,184,184,217,236,236,340,340,340,265,265,265,15,15,15,15,15,15,15,15,15,15,15,15],"floor_reached":33,"playtime":2604,"items_purged":["Strike_G","Strike_G"],"score":479,"play_id":"c712b201-d0a8-4de9-98a0-4b94955a3889","local_time":"20190129182448","is_ascension_mode":true,"campfire_choices":[{"data":"Cloak And Dagger","floor":6,"key":"SMITH"},{"floor":12,"key":"REST"},{"floor":15,"key":"REST"},{"floor":24,"key":"REST"},{"data":"After Image","floor":27,"key":"SMITH"},{"floor":32,"key":"REST"}],"neow_cost":"NONE","seed_source_timestamp":4832828915202,"circlet_count":0,"master_deck":["Defend_G","Defend_G","Defend_G","Defend_G","Defend_G","Survivor","Neutralize","Burst+1","Cloak And Dagger+1","Backflip","Leg Sweep","PiercingWail","Flying Knee","Dash","Choke","Prepared","After Image+1","Backflip","PiercingWail","Blur","Adrenaline","Cloak And Dagger","Poisoned Stab","Dagger Throw","Terror","Bite","Bite","Bite","Bite","Bite","Shame"],"relics":["Ring of the Snake","Strawberry","Smiling Mask","Vajra","Ectoplasm","Pen Nib","Tiny Chest","Bag of Marbles","Art of War","Shuriken"],"potions_floor_usage":[8,13,13,20,21,23,25,25,25,25,28,33],"damage_taken":[{"damage":5,"enemies":"Small Slimes","floor":1,"turns":9},{"damage":4,"enemies":"Cultist","floor":2,"turns":4},{"damage":0,"enemies":"2 Louse","floor":3,"turns":4},{"damage":44,"enemies":"Gremlin Nob","floor":8,"turns":6},{"damage":0,"enemies":"Large Slime","floor":10,"turns":12},{"damage":0,"enemies":"Looter","floor":11,"turns":4},{"damage":15,"enemies":"Lagavulin","floor":13,"turns":10},{"damage":6,"enemies":"Exordium Wildlife","floor":14,"turns":6},{"damage":26,"enemies":"The Guardian","floor":16,"turns":18},{"damage":0,"enemies":"Chosen","floor":18,"turns":6},{"damage":2,"enemies":"2 Thieves","floor":19,"turns":4},{"damage":15,"enemies":"Sentry and Sphere","floor":20,"turns":10},{"damage":31,"enemies":"Centurion and Healer","floor":21,"turns":13},{"damage":0,"enemies":"Slavers","floor":23,"turns":10},{"damage":4,"enemies":"Book of Stabbing","floor":25,"turns":10},{"damage":13,"enemies":"Cultist and Chosen","floor":28,"turns":8},{"damage":14,"enemies":"Snake Plant","floor":29,"turns":6},{"damage":39,"enemies":"Champ","floor":33,"turns":10}],"seed_played":"2775103439937806337","potions_obtained":[{"floor":2,"key":"FearPotion"},{"floor":8,"key":"Energy Potion"},{"floor":11,"key":"Fire Potion"},{"floor":13,"key":"Block Potion"},{"floor":14,"key":"Ancient Potion"},{"floor":18,"key":"Block Potion"},{"floor":23,"key":"EntropicBrew"},{"floor":29,"key":"Weak Potion"}],"is_trial":false,"path_per_floor":["M","M","M","$","?","R","?","E","T","M","M","R","E","M","R","B",null,"M","M","M","M","$","E","R","E","T","R","M","M","?","?","R","B"],"character_chosen":"THE_SILENT","items_purchased":["Pen Nib","Explosive Potion"],"campfire_rested":4,"item_purchase_floors":[22,22],"current_hp_per_floor":[58,54,54,54,47,47,47,10,10,10,10,33,18,12,35,9,60,60,58,43,12,12,12,35,31,31,31,18,4,4,4,19,0],"gold":15,"neow_bonus":"ONE_RANDOM_RARE_CARD","is_prod":false,"is_daily":false,"chose_seed":false,"campfire_upgraded":2,"win_rate":0,"timestamp":1548804288,"path_taken":["M","M","M","$","?","R","?","E","T","?","M","R","E","M","R","BOSS","M","?","?","M","$","E","R","E","T","R","M","M","?","?","R","BOSS"],"build_version":"2019-01-23","purchased_purges":2,"victory":false,"max_hp_per_floor":[70,70,70,70,70,70,70,77,77,77,77,77,77,77,77,77,77,77,77,77,77,77,77,77,77,77,77,77,77,53,53,53,53],"card_choices":[{"not_picked":["Terror","Quick Slash"],"picked":"Cloak And Dagger","floor":1},{"not_picked":["Flying Knee","Blur"],"picked":"Backflip","floor":2},{"not_picked":["Slice","PiercingWail"],"picked":"Leg Sweep","floor":3},{"not_picked":["Reflex","Dagger Spray"],"picked":"PiercingWail","floor":8},{"not_picked":["Bane","Sucker Punch"],"picked":"Flying Knee","floor":10},{"not_picked":["Storm of Steel","PiercingWail"],"picked":"Dash","floor":11},{"not_picked":["Leg Sweep","Flying Knee"],"picked":"Choke","floor":13},{"not_picked":["Calculated Gamble","Sucker Punch"],"picked":"Prepared","floor":14},{"not_picked":["Unload","Grand Finale"],"picked":"After Image","floor":16},{"not_picked":["Finisher","Poisoned Stab"],"picked":"Backflip","floor":18},{"not_picked":["Quick Slash+1","Sucker Punch"],"picked":"PiercingWail","floor":19},{"not_picked":["Underhanded Strike+1","Flying Knee+1"],"picked":"Blur","floor":20},{"not_picked":["Prepared","Noxious Fumes"],"picked":"Adrenaline","floor":21},{"not_picked":["Tools of the Trade","Acrobatics"],"picked":"Cloak And Dagger","floor":23},{"not_picked":["PiercingWail","Endless Agony+1"],"picked":"Poisoned Stab","floor":25},{"not_picked":["PiercingWail","Skewer+1"],"picked":"Dagger Throw","floor":28},{"not_picked":["Predator","Prepared"],"picked":"Terror","floor":29}],"player_experience":291659,"relics_obtained":[{"floor":8,"key":"Strawberry"},{"floor":9,"key":"Smiling Mask"},{"floor":13,"key":"Vajra"},{"floor":23,"key":"Tiny Chest"},{"floor":25,"key":"Bag of Marbles"},{"floor":26,"key":"Art of War"}],"event_choices":[{"cards_removed":["Strike_G"],"damage_healed":0,"gold_gain":0,"player_choice":"Card Removal","damage_taken":7,"max_hp_gain":0,"max_hp_loss":0,"event_name":"Golden Wing","floor":5,"gold_loss":0},{"damage_healed":0,"gold_gain":0,"player_choice":"Upgraded","damage_taken":0,"max_hp_gain":0,"max_hp_loss":0,"event_name":"Upgrade Shrine","floor":7,"gold_loss":0,"cards_upgraded":["Burst"]},{"damage_healed":0,"gold_gain":0,"player_choice":"Became a vampire","damage_taken":0,"max_hp_gain":0,"max_hp_loss":24,"event_name":"Vampires","floor":30,"gold_loss":0,"cards_obtained":["Bite","Bite","Bite","Bite","Bite"]},{"damage_healed":0,"gold_gain":0,"player_choice":"Stole Relic","damage_taken":0,"relics_obtained":["Shuriken"],"max_hp_gain":0,"max_hp_loss":0,"event_name":"Addict","floor":31,"gold_loss":0,"cards_obtained":["Shame"]}],"is_beta":true,"boss_relics":[{"not_picked":["Black Star","Eternal Feather"],"picked":"Ectoplasm"}],"items_purged_floors":[4,22],"is_endless":false,"potions_floor_spawned":[2,8,11,13,14,18,19,23,29],"killed_by":"Champ","ascension_level":8}