{"gold_per_floor":[116,131,131,281,301,301,313,313,313,313,345,360,165,191,191,269,269,220,232,232],"floor_reached":20,"playtime":1488,"items_purged":["Doubt"],"score":368,"play_id":"fbd19679-9d92-42e9-be32-5c793b55356f","local_time":"20181005023814","is_ascension_mode":true,"campfire_choices":[{"data":"Coolheaded","floor":6.0,"key":"SMITH"},{"data":"Capacitor","floor":8.0,"key":"SMITH"},{"data":"Cold Snap","floor":10.0,"key":"SMITH"},{"data":"Go for the Eyes","floor":15.0,"key":"SMITH"}],"neow_cost":"NONE","seed_source_timestamp":122891282404254,"circlet_count":0,"master_deck":["Strike_B","Strike_B","Strike_B","Defend_B","Defend_B","Defend_B","Defend_B","Zap","Dualcast","AscendersBane","Core Surge","Glacier","Coolheaded+1","Cold Snap+1","Capacitor+1","Seek","Go for the Eyes+1","Buffer","Turbo","Conserve Battery"],"special_seed":0,"relics":["Cracked Core","Darkstone Periapt","The Courier","Matryoshka","Centennial Puzzle","Singing Bowl","Inserter"],"potions_floor_usage":[20],"damage_taken":[{"damage":0.0,"enemies":"2 Louse","floor":1.0,"turns":2.0},{"damage":0.0,"enemies":"Small Slimes","floor":2.0,"turns":3.0},{"damage":2.0,"enemies":"Jaw Worm","floor":5.0,"turns":3.0},{"damage":3.0,"enemies":"3 Louse","floor":7.0,"turns":4.0},{"damage":9.0,"enemies":"Lagavulin","floor":11.0,"turns":12.0},{"damage":0.0,"enemies":"Blue Slaver","floor":12.0,"turns":6.0},{"damage":14.0,"enemies":"3 Sentries","floor":14.0,"turns":9.0},{"damage":4.0,"enemies":"The Guardian","floor":16.0,"turns":16.0},{"damage":18.0,"enemies":"2 Thieves","floor":18.0,"turns":5.0},{"damage":19,"enemies":"Shell Parasite","floor":19,"turns":12},{"damage":22,"enemies":"Masked Bandits","floor":20,"turns":3}],"seed_played":"73396594649797275","potions_obtained":[{"floor":2.0,"key":"Energy Potion"},{"floor":11.0,"key":"FocusPotion"},{"floor":12.0,"key":"Fire Potion"},{"floor":16.0,"key":"SteroidPotion"},{"floor":19,"key":"Energy Potion"}],"is_trial":false,"path_per_floor":["M","M","?","?","M","R","M","R","T","R","E","M","$","E","R","B",null,"M","M"],"character_chosen":"DEFECT","items_purchased":["Centennial Puzzle"],"campfire_rested":0,"item_purchase_floors":[13],"current_hp_per_floor":[64,64,46,52,50,50,47,47,47,47,38,38,38,26,26,22,65,47,28,6],"gold":232,"neow_bonus":"TRANSFORM_CARD","is_prod":false,"is_daily":false,"chose_seed":false,"campfire_upgraded":4,"win_rate":0,"timestamp":1538721494,"path_taken":["M","M","?","?","M","R","M","R","T","R","E","M","$","E","R","BOSS","M","M","?"],"build_version":"2018-10-04","purchased_purges":1,"victory":false,"max_hp_per_floor":[71,71,71,77,77,77,77,77,77,77,77,77,77,79,79,79,79,79,79,79],"card_choices":[{"not_picked":["Hologram","Rebound"],"picked":"Glacier","floor":1.0},{"not_picked":["Sweeping Beam","Compile Driver"],"picked":"Coolheaded","floor":2.0},{"not_picked":["Darkness","Sweeping Beam"],"picked":"Cold Snap","floor":5.0},{"not_picked":["Steam Power","Go for the Eyes"],"picked":"Capacitor","floor":7.0},{"not_picked":["Beam Cell","Coolheaded"],"picked":"Seek","floor":11.0},{"not_picked":["Self Repair","Redo"],"picked":"Go for the Eyes","floor":12.0},{"not_picked":["Go for the Eyes","Reboot","Ball Lightning"],"picked":"Singing Bowl","floor":14.0},{"not_picked":["All For One","Thunder Strike"],"picked":"Buffer","floor":16.0},{"not_picked":["Compile Driver","Redo"],"picked":"Turbo","floor":18},{"not_picked":["Rebound","Redo"],"picked":"Conserve Battery","floor":19}],"player_experience":926846,"relics_obtained":[{"floor":9.0,"key":"The Courier"},{"floor":11.0,"key":"Matryoshka"},{"floor":14.0,"key":"Singing Bowl"}],"event_choices":[{"event_name":"Scrap Ooze","player_choice":"success","floor":3.0,"damage_taken":18.0},{"event_name":"Liars Game","player_choice":"agreed","floor":4.0,"damage_taken":0.0},{"event_name":"Masked Bandits","player_choice":"Fought Bandits","floor":20,"damage_taken":0}],"is_beta":false,"boss_relics":[{"not_picked":["Empty Cage","Philosopher\u0027s Stone"],"picked":"Inserter"}],"items_purged_floors":[13],"is_endless":false,"potions_floor_spawned":[2,11,12,16,19],"killed_by":"Masked Bandits","ascension_level":20}