{"path_per_floor":["M","?","M","M","M","E","M","R","T","M","?","T","?","?","R"],"character_chosen":"IRONCLAD","items_purchased":[],"gold_per_floor":[110,110,125,136,148,181,193,193,193,207,207,261,231,252,252],"floor_reached":16,"campfire_rested":0,"playtime":1151,"current_hp_per_floor":[72,77,77,77,77,29,28,28,28,30,15,15,15,21,21],"items_purged":[],"gold":252,"play_id":"d5dcadcb-735c-42be-9f5d-14abbf67191a","is_prod":false,"is_daily":false,"is_ascension_mode":false,"campfire_upgraded":1,"path_taken":["M","?","M","M","M","E","M","R","T","M","?","?","?","?","R","BOSS"],"build_version":"2018-01-25-PROD3","purchased_purges":0,"victory":false,"master_deck":["Strike_R","Strike_R","Strike_R+1","Strike_R","Defend_R","Defend_R","Defend_R","Bash","Flex+1","Pummel","Warcry+1","Offering","Flame Barrier","Shrug It Off","Havoc"],"max_hp_per_floor":[72,77,77,77,77,77,77,77,77,77,77,77,77,77,77],"relics":["Burning Blood","Bottled Flame","Girya","Juzu Bracelet","Odd Mushroom"],"card_choices":[{"not_picked":["Twin Strike","Clothesline"],"picked":"Flex"},{"not_picked":["Power Through","Clash"],"picked":"Pummel"},{"not_picked":["Sentinel","Reckless Charge"],"picked":"Warcry"},{"not_picked":["Flex","Rupture"],"picked":"Offering"},{"not_picked":["Metallicize","Shockwave"],"picked":"Flame Barrier"},{"not_picked":["Clothesline","Cleave"],"picked":"Shrug It Off"},{"not_picked":["Thunderclap","Infernal Blade"],"picked":"Havoc"}],"player_experience":109896,"potions_floor_usage":[14],"damage_taken":[{"damage":5,"enemies":"Small Slimes","floor":1,"turns":3},{"damage":6,"enemies":"Jaw Worm","floor":3,"turns":3},{"damage":6,"enemies":"Cultist","floor":4,"turns":3},{"damage":5,"enemies":"Large Slime","floor":5,"turns":6},{"damage":54,"enemies":"Lagavulin","floor":6,"turns":7},{"damage":7,"enemies":"Lots of Slimes","floor":7,"turns":4},{"damage":4,"enemies":"Looter","floor":10,"turns":2},{"damage":12,"enemies":"The Mushroom Lair","floor":14,"turns":5},{"damage":20,"enemies":"Slime Boss","floor":16,"turns":8}],"event_choices":[{"event_name":"Big Fish","player_choice":"Donut","floor":2,"damage_taken":0},{"event_name":"Shining Light","player_choice":"Entered Light","floor":11,"damage_taken":0},{"event_name":"World of Goop","player_choice":"Left","floor":13,"damage_taken":0},{"event_name":"Mushrooms","player_choice":"Fought Mushrooms","floor":14,"damage_taken":0}],"boss_relics":[],"potions_floor_spawned":[5,7],"seed_played":"-3630189299765571846","killed_by":"Slime Boss","ascension_level":0,"is_trial":false}