{"gold_per_floor":[119,49,62,62,62,95,95,114,114,189,207,207,242,317,317,317],"floor_reached":16,"playtime":446,"items_purged":[],"score":173,"play_id":"7f5af9cb-19c6-45e2-944a-ff4bf91b15f8","local_time":"20190120175814","is_ascension_mode":true,"campfire_choices":[{"data":"Neutralize","floor":7,"key":"SMITH"},{"data":"Cloak And Dagger","floor":12,"key":"SMITH"},{"floor":15,"key":"REST"}],"neow_cost":"NONE","seed_source_timestamp":5903342652071,"circlet_count":0,"master_deck":["Defend_G","Defend_G","Defend_G+1","Defend_G","Defend_G+1","Strike_G","Strike_G","Strike_G","Strike_G","Survivor","Neutralize+1","Poisoned Stab","Reflex","Dagger Spray+1","Cloak And Dagger+1","Prepared","Slice+1","Terror"],"relics":["Ring of the Snake","NeowsBlessing","Ornamental Fan","War Paint","Singing Bowl","Whetstone"],"potions_floor_usage":[8,13],"damage_taken":[{"damage":0,"enemies":"Small Slimes","floor":1,"turns":1},{"damage":0,"enemies":"Jaw Worm","floor":3,"turns":1},{"damage":0,"enemies":"3 Sentries","floor":6,"turns":1},{"damage":0,"enemies":"2 Louse","floor":8,"turns":2},{"damage":2,"enemies":"Exordium Thugs","floor":11,"turns":3},{"damage":13,"enemies":"Gremlin Nob","floor":13,"turns":4},{"damage":45,"enemies":"Slime Boss","floor":16,"turns":9}],"seed_played":"-4748605000140650879","potions_obtained":[{"floor":1,"key":"Poison Potion"},{"floor":6,"key":"AttackPotion"}],"is_trial":false,"path_per_floor":["M","$","M","?","?","E","R","M","T","?","M","R","E","?","R","B"],"character_chosen":"THE_SILENT","items_purchased":["Reflex"],"campfire_rested":1,"item_purchase_floors":[2],"current_hp_per_floor":[63,63,63,63,51,51,51,51,51,44,42,42,29,18,39,0],"gold":317,"neow_bonus":"THREE_ENEMY_KILL","is_prod":false,"is_daily":false,"chose_seed":false,"campfire_upgraded":2,"win_rate":0,"timestamp":1548025094,"path_taken":["M","$","M","?","?","E","R","M","T","?","?","R","E","?","R","BOSS"],"build_version":"2019-01-19","purchased_purges":0,"victory":false,"max_hp_per_floor":[70,70,70,70,70,70,70,70,70,70,70,70,70,70,70,70],"card_choices":[{"not_picked":["Reflex","Dagger Throw"],"picked":"Poisoned Stab","floor":1},{"not_picked":["Cloak And Dagger","Bane"],"picked":"Dagger Spray","floor":3},{"not_picked":["Underhanded Strike","Unload"],"picked":"Cloak And Dagger","floor":6},{"not_picked":["Underhanded Strike","Blade Dance"],"picked":"Prepared","floor":8},{"not_picked":["Blade Dance","All Out Attack"],"picked":"Slice","floor":11},{"not_picked":["Calculated Gamble","Deflect"],"picked":"Terror","floor":13}],"player_experience":235538,"relics_obtained":[{"floor":6,"key":"War Paint"},{"floor":9,"key":"Singing Bowl"},{"floor":13,"key":"Whetstone"}],"event_choices":[{"cards_removed":["Strike_G"],"damage_healed":0,"gold_gain":0,"player_choice":"Forget","damage_taken":0,"max_hp_gain":0,"max_hp_loss":0,"event_name":"Living Wall","floor":4,"gold_loss":0},{"damage_healed":0,"gold_gain":0,"player_choice":"Success","damage_taken":12,"relics_obtained":["Ornamental Fan"],"max_hp_gain":0,"max_hp_loss":0,"event_name":"Scrap Ooze","floor":5,"gold_loss":0},{"damage_healed":0,"gold_gain":75,"player_choice":"Touch","damage_taken":7,"max_hp_gain":0,"max_hp_loss":0,"event_name":"FaceTrader","floor":10,"gold_loss":0},{"damage_healed":0,"gold_gain":75,"player_choice":"Gather Gold","damage_taken":11,"max_hp_gain":0,"max_hp_loss":0,"event_name":"World of Goop","floor":14,"gold_loss":0}],"is_beta":true,"boss_relics":[],"items_purged_floors":[],"is_endless":false,"potions_floor_spawned":[1,6],"killed_by":"Slime Boss","ascension_level":6}