{"gold_per_floor":[109,123,123,123,143,177,177,210,280,430,430,455,455,528,528,528],"floor_reached":16,"playtime":431,"items_purged":[],"score":216,"play_id":"1eabe5ae-f402-4a9b-a117-f5fa21717005","local_time":"20190322120452","is_ascension_mode":true,"campfire_choices":[{"floor":7,"key":"REST"},{"data":"Uppercut","floor":13,"key":"SMITH"},{"data":"True Grit","floor":15,"key":"SMITH"}],"neow_cost":"NONE","seed_source_timestamp":805309066119228,"circlet_count":0,"master_deck":["AscendersBane","Strike_R","Strike_R","Strike_R","Strike_R","Strike_R","Defend_R","Defend_R","Defend_R","Defend_R","Bash","Perfected Strike","Flame Barrier","Uppercut+1","Feed","Inflame","Doubt","Decay","True Grit+1"],"relics":["Burning Blood","Golden Idol","Champion Belt","Potion Belt","Question Card"],"potions_floor_usage":[6,16],"damage_taken":[{"damage":7,"enemies":"Cultist","floor":1,"turns":4},{"damage":7,"enemies":"Small Slimes","floor":2,"turns":3},{"damage":16,"enemies":"Jaw Worm","floor":5,"turns":5},{"damage":40,"enemies":"Lagavulin","floor":6,"turns":7},{"damage":42,"enemies":"3 Sentries","floor":8,"turns":10},{"damage":10,"enemies":"2 Fungi Beasts","floor":12,"turns":4},{"damage":22,"enemies":"The Guardian","floor":16,"turns":13}],"seed_played":"2164991002830066354","potions_obtained":[{"floor":2,"key":"PowerPotion"},{"floor":8,"key":"EssenceOfSteel"}],"is_trial":false,"path_per_floor":["M","M","?","?","M","E","R","E","T","?","?","M","R","T","R","B"],"character_chosen":"IRONCLAD","items_purchased":[],"campfire_rested":1,"item_purchase_floors":[],"current_hp_per_floor":[74,73,78,78,68,34,57,24,24,24,24,23,23,23,23,1],"gold":528,"neow_bonus":"TEN_PERCENT_HP_BONUS","is_prod":false,"is_daily":false,"chose_seed":false,"campfire_upgraded":2,"win_rate":0,"timestamp":1553270692,"path_taken":["M","M","?","?","M","E","R","E","T","?","?","?","R","?","R","BOSS"],"build_version":"2019-03-15","purchased_purges":0,"victory":false,"max_hp_per_floor":[82,82,87,79,79,79,79,82,82,82,82,85,85,85,85,85],"card_choices":[{"not_picked":["Heavy Blade","Wild Strike"],"picked":"Perfected Strike","floor":1},{"not_picked":["Shrug It Off","Blood for Blood"],"picked":"Flame Barrier","floor":2},{"not_picked":["Flex","Body Slam"],"picked":"Uppercut","floor":5},{"not_picked":["Clothesline","Disarm"],"picked":"Feed","floor":6},{"not_picked":["Burning Pact","Headbutt"],"picked":"Inflame","floor":8},{"not_picked":["Headbutt","Iron Wave"],"picked":"True Grit","floor":12}],"player_experience":1175788,"relics_obtained":[{"floor":6,"key":"Champion Belt"},{"floor":8,"key":"Potion Belt"},{"floor":14,"key":"Question Card"}],"event_choices":[{"damage_healed":0,"gold_gain":0,"player_choice":"Donut","damage_taken":0,"max_hp_gain":5,"max_hp_loss":0,"event_name":"Big Fish","floor":3,"gold_loss":0},{"damage_healed":0,"gold_gain":0,"player_choice":"Lose Max HP","damage_taken":0,"relics_obtained":["Golden Idol"],"max_hp_gain":0,"max_hp_loss":8,"event_name":"Golden Idol","floor":4,"gold_loss":0},{"damage_healed":0,"gold_gain":150,"player_choice":"AGREE","damage_taken":0,"max_hp_gain":0,"max_hp_loss":0,"event_name":"Liars Game","floor":10,"gold_loss":0,"cards_obtained":["Doubt"]},{"damage_healed":0,"gold_gain":0,"player_choice":"Cursed","damage_taken":0,"max_hp_gain":0,"max_hp_loss":0,"event_name":"Wheel of Change","floor":11,"gold_loss":0,"cards_obtained":["Decay"]}],"is_beta":true,"boss_relics":[],"items_purged_floors":[],"is_endless":false,"potions_floor_spawned":[2,8],"killed_by":"The Guardian","ascension_level":20}