{"path_per_floor":["M","M","M","?","?","E","R","M","T","R","M","E","M","E","R"],"character_chosen":"DEFECT","items_purchased":[],"gold_per_floor":[116,135,151,226,226,259,259,272,299,299,318,350,368,393,393,393],"floor_reached":16,"campfire_rested":1,"playtime":516,"item_purchase_floors":[],"current_hp_per_floor":[75,75,75,64,69,38,62,62,62,62,59,47,54,48,48,0],"items_purged":[],"gold":393,"score":122,"play_id":"6d65216d-30f1-44a1-8ddd-e3edf8d8d03a","local_time":"20180610065434","is_prod":false,"is_daily":false,"chose_seed":false,"is_ascension_mode":false,"campfire_upgraded":2,"win_rate":0.0,"timestamp":1528638874,"campfire_choices":[{"floor":7,"key":"REST"},{"data":"Zap","floor":10,"key":"SMITH"},{"data":"Self Repair","floor":15,"key":"SMITH"}],"path_taken":["M","M","M","?","?","E","R","?","T","R","M","E","M","E","R","BOSS"],"build_version":"2018-06-07v3","seed_source_timestamp":1579490030910311,"purchased_purges":0,"victory":false,"master_deck":["Strike_B","Strike_B","Strike_B","Strike_B+1","Defend_B","Defend_B","Defend_B","Defend_B","Zap+1","Dualcast","Storm","Heatsinks","Ball Lightning","Hologram","Go for the Eyes+1","Cold Snap","Self Repair+1","Electrodynamics","Multi-Cast"],"max_hp_per_floor":[75,75,75,75,80,80,80,80,80,80,80,80,80,80,80,80],"relics":["Cracked Core","NeowsBlessing","Oddly Smooth Stone","Orichalcum","Boot","Whetstone"],"card_choices":[{"not_picked":["Reinforced Body","Turbo"],"picked":"Storm","floor":1},{"not_picked":["Aggregate","Rebound"],"picked":"Heatsinks","floor":2},{"not_picked":["Turbo","Coolheaded"],"picked":"Ball Lightning","floor":3},{"not_picked":["Blizzard","Cold Snap"],"picked":"Hologram","floor":6},{"not_picked":["Darkness","Gash"],"picked":"Go for the Eyes","floor":8},{"not_picked":["Recycle","Stack"],"picked":"Cold Snap","floor":11},{"not_picked":["Stack","Cold Snap"],"picked":"Self Repair","floor":12},{"not_picked":["Cold Snap","Stack"],"picked":"Electrodynamics","floor":13},{"not_picked":["Barrage","Beam Cell"],"picked":"Multi-Cast","floor":14}],"player_experience":178194,"potions_floor_usage":[6,6,8,14],"damage_taken":[{"damage":0,"enemies":"Jaw Worm","floor":1,"turns":1},{"damage":0,"enemies":"2 Louse","floor":2,"turns":1},{"damage":0,"enemies":"Cultist","floor":3,"turns":1},{"damage":31,"enemies":"Lagavulin","floor":6,"turns":5},{"damage":0,"enemies":"Looter","floor":8,"turns":3},{"damage":3,"enemies":"Blue Slaver","floor":11,"turns":3},{"damage":12,"enemies":"Gremlin Nob","floor":12,"turns":4},{"damage":0,"enemies":"2 Fungi Beasts","floor":13,"turns":4},{"damage":13,"enemies":"Lagavulin","floor":14,"turns":5},{"damage":52,"enemies":"Hexaghost","floor":16,"turns":9}],"relics_obtained":[{"floor":6,"key":"Oddly Smooth Stone"},{"floor":9,"key":"Orichalcum"},{"floor":12,"key":"Boot"},{"floor":14,"key":"Whetstone"}],"event_choices":[{"event_name":"World of Goop","player_choice":"Gather Gold","floor":4,"damage_taken":0},{"event_name":"Big Fish","player_choice":"Donut","floor":5,"damage_taken":0}],"boss_relics":[],"items_purged_floors":[],"potions_floor_spawned":[1,3,6,12],"seed_played":"8327255328548280559","killed_by":"Hexaghost","ascension_level":0,"potions_obtained":[{"floor":1,"key":"Strength Potion"},{"floor":3,"key":"SkillPotion"},{"floor":6,"key":"AttackPotion"},{"floor":12,"key":"Poison Potion"}],"is_trial":false}