{"path_per_floor":["M","?","?","$","M","R","E","M","T","M","M","R","M","M","R"],"character_chosen":"THE_SILENT","items_purchased":["Well Laid Plans","Flying Knee"],"gold_per_floor":[113,113,113,18,29,29,64,78,78,96,110,110,127,141,141],"floor_reached":16,"campfire_rested":1,"playtime":1349,"current_hp_per_floor":[62,62,48,48,48,48,16,16,16,15,15,36,33,32,32],"items_purged":[],"gold":141,"play_id":"70fe5c8a-fc07-474f-bec1-6de0ec01b985","is_prod":false,"is_daily":false,"campfire_rituals":0,"campfire_upgraded":1,"is_hardmode":false,"path_taken":["M","?","?","$","M","R","E","M","T","M","M","R","M","M","R","BOSS"],"build_version":"2018-01-11-PROD2","purchased_purges":0,"victory":false,"master_deck":["Defend_G","Defend_G","Defend_G","Defend_G","Defend_G","Strike_G","Strike_G","Strike_G","Strike_G","Strike_G","Survivor","Neutralize","Noxious Fumes","Parasite","Well Laid Plans","Flying Knee","Finisher","Poisoned Stab","Acrobatics","Flying Knee","Choke","Infinite Blades","Finisher"],"max_hp_per_floor":[70,70,70,70,70,70,70,70,70,70,70,70,70,70,70],"relics":["Ring of the Snake","Torii","Snake Skull","Girya"],"campfire_meditates":0,"card_choices":[{"not_picked":["Heel Hook","Terror"],"picked":"Noxious Fumes"},{"not_picked":["Slice","Distraction"],"picked":"Finisher"},{"not_picked":["Backstab","Slice"],"picked":"Poisoned Stab"},{"not_picked":["Caltrops","PiercingWail"],"picked":"Acrobatics"},{"not_picked":["Noxious Fumes","Backstab"],"picked":"Flying Knee"},{"not_picked":["Masterful Stab","Flying Knee"],"picked":"Choke"},{"not_picked":["Backflip","Die Die Die"],"picked":"Infinite Blades"},{"not_picked":["Prepared","Deadly Poison"],"picked":"Finisher"}],"player_experience":6365,"potions_floor_usage":[7,16,16],"damage_taken":[{"damage":8,"enemies":"Blue Slaver","floor":1,"turns":5},{"damage":0,"enemies":"2 Louse","floor":5,"turns":3},{"damage":32,"enemies":"Lagavulin","floor":7,"turns":6},{"damage":0,"enemies":"Cultist","floor":8,"turns":3},{"damage":1,"enemies":"Looter","floor":10,"turns":3},{"damage":0,"enemies":"2 Fungi Beasts","floor":11,"turns":3},{"damage":3,"enemies":"Lots of Slimes","floor":13,"turns":4},{"damage":1,"enemies":"Exordium Wildlife","floor":14,"turns":2},{"damage":32,"enemies":"Slime Boss","floor":16,"turns":6}],"event_choices":[{"event_name":"Transmorgrifier","player_choice":"Transform","floor":2,"damage_taken":0},{"event_name":"Shining Light","player_choice":"Entered Light","floor":3,"damage_taken":0}],"boss_relics":[],"potions_floor_spawned":[1,5,13,14],"seed_played":"4778570176982246247","killed_by":"Slime Boss","is_trial":false}