{"gold_per_floor":[119,131,149,166,184,184,215,69,69,97,97,111,111,129,129,208,208,196,40,53,53,3,3,3,3,29,29,29,56,56,56,56,56],"floor_reached":33,"playtime":1178,"items_purged":["Dualcast"],"score":434,"play_id":"6a220120-bc07-4291-9ebd-398549421c12","local_time":"20190220133921","is_ascension_mode":true,"campfire_choices":[{"data":"Streamline","floor":6,"key":"SMITH"},{"data":"Hologram","floor":11,"key":"SMITH"},{"data":"Zap","floor":13,"key":"SMITH"},{"data":"Defragment","floor":15,"key":"SMITH"},{"data":"Streamline","floor":23,"key":"SMITH"},{"floor":25,"key":"REST"},{"floor":27,"key":"REST"},{"floor":32,"key":"REST"}],"neow_cost":"NONE","seed_source_timestamp":10805969819245,"circlet_count":0,"master_deck":["AscendersBane","Strike_B","Strike_B","Strike_B","Strike_B","Defend_B","Defend_B","Defend_B","Defend_B","Zap+1","Leap","Defragment+1","Ball Lightning","Gash","Sweeping Beam","Streamline+1","Hologram+1","Cold Snap","Steam","Streamline+1","Amplify","Gash+1","Capacitor","Conserve Battery","Coolheaded+1","Necronomicurse","Stack+1","Capacitor","Cold Snap"],"relics":["Cracked Core","Oddly Smooth Stone","Juzu Bracelet","Odd Mushroom","Velvet Choker","Necronomicon","Mummified Hand","Dream Catcher","Cables"],"potions_floor_usage":[4,7,10,16],"damage_taken":[{"damage":0,"enemies":"2 Louse","floor":1,"turns":3},{"damage":4,"enemies":"Small Slimes","floor":2,"turns":3},{"damage":2,"enemies":"Jaw Worm","floor":3,"turns":3},{"damage":0,"enemies":"Exordium Thugs","floor":4,"turns":4},{"damage":18,"enemies":"3 Louse","floor":5,"turns":3},{"damage":11,"enemies":"3 Sentries","floor":7,"turns":4},{"damage":6,"enemies":"The Mushroom Lair","floor":10,"turns":3},{"damage":4,"enemies":"Large Slime","floor":12,"turns":4},{"damage":0,"enemies":"2 Fungi Beasts","floor":14,"turns":3},{"damage":1,"enemies":"The Guardian","floor":16,"turns":11},{"damage":17,"enemies":"2 Thieves","floor":18,"turns":4},{"damage":0,"enemies":"Chosen","floor":20,"turns":4},{"damage":58,"enemies":"Slavers","floor":29,"turns":6},{"damage":56,"enemies":"Collector","floor":33,"turns":6}],"seed_played":"-868198719025304472","potions_obtained":[{"floor":1,"key":"Block Potion"},{"floor":4,"key":"Fire Potion"},{"floor":7,"key":"Energy Potion"},{"floor":12,"key":"PowerPotion"}],"is_trial":false,"path_per_floor":["M","M","M","M","M","R","E","$","T","?","R","M","R","M","R","B",null,"M","$","M","?","?","R","?","R","T","R","$","E","?","?","R","B"],"character_chosen":"DEFECT","items_purchased":["Juzu Bracelet","Capacitor","Conserve Battery"],"campfire_rested":3,"item_purchase_floors":[8,19,19],"current_hp_per_floor":[68,64,62,62,44,44,33,33,33,27,27,23,23,23,23,22,62,45,45,45,29,29,29,29,51,51,73,73,15,15,15,37,0],"gold":56,"neow_bonus":"THREE_CARDS","is_prod":false,"is_daily":false,"chose_seed":false,"campfire_upgraded":5,"win_rate":0,"timestamp":1550687961,"path_taken":["M","M","M","M","M","R","E","$","T","?","R","M","R","M","R","BOSS","M","$","M","?","?","R","?","R","T","R","$","E","?","?","R","BOSS"],"build_version":"2019-02-06","purchased_purges":1,"victory":false,"max_hp_per_floor":[75,75,75,75,75,75,75,75,75,75,75,75,75,75,75,75,75,75,75,75,75,75,75,75,75,75,75,75,75,75,75,75,75],"card_choices":[{"not_picked":["Beam Cell","Rebound"],"picked":"Leap","floor":0},{"not_picked":["Leap","Gash"],"picked":"Defragment","floor":1},{"not_picked":["Rebound","Tempest"],"picked":"Ball Lightning","floor":2},{"not_picked":["Go for the Eyes","Multi-Cast"],"picked":"Gash","floor":3},{"not_picked":["Turbo","Compile Driver"],"picked":"Sweeping Beam","floor":4},{"not_picked":["Melter","Turbo"],"picked":"Streamline","floor":5},{"not_picked":["Double Energy","Turbo"],"picked":"Hologram","floor":7},{"not_picked":["Skim","Go for the Eyes"],"picked":"Cold Snap","floor":10},{"not_picked":["Barrage","Beam Cell"],"picked":"Steam","floor":12},{"not_picked":["Heatsinks","Barrage"],"picked":"Streamline","floor":14},{"not_picked":["Hyperbeam","Multi-Cast"],"picked":"Amplify","floor":16},{"not_picked":["Doom and Gloom","Compile Driver"],"picked":"Gash+1","floor":18},{"not_picked":["Turbo","Redo+1"],"picked":"Coolheaded+1","floor":20},{"not_picked":["Barrage","Biased Cognition"],"picked":"Stack+1","floor":27},{"not_picked":["Loop+1","Steam"],"picked":"Capacitor","floor":29},{"not_picked":["Leap","Fusion"],"picked":"Cold Snap","floor":32}],"player_experience":401674,"relics_obtained":[{"floor":7,"key":"Oddly Smooth Stone"},{"floor":10,"key":"Odd Mushroom"},{"floor":21,"key":"Necronomicon"},{"floor":26,"key":"Dream Catcher"},{"floor":29,"key":"Cables"}],"event_choices":[{"damage_healed":0,"gold_gain":0,"player_choice":"Fought Mushrooms","damage_taken":0,"max_hp_gain":0,"max_hp_loss":0,"event_name":"Mushrooms","floor":10,"gold_loss":0},{"damage_healed":0,"gold_gain":0,"player_choice":"Obtained Book","damage_taken":16,"max_hp_gain":0,"max_hp_loss":0,"event_name":"Cursed Tome","floor":21,"gold_loss":0},{"damage_healed":0,"gold_gain":0,"player_choice":"Paid Gold","damage_taken":0,"relics_obtained":["Mummified Hand"],"max_hp_gain":0,"max_hp_loss":0,"event_name":"WeMeetAgain","floor":22,"gold_loss":50},{"damage_healed":0,"gold_gain":0,"player_choice":"Ignored","damage_taken":0,"max_hp_gain":0,"max_hp_loss":0,"event_name":"Beggar","floor":24,"gold_loss":0},{"damage_healed":0,"gold_gain":0,"player_choice":"Smashed Altar","damage_taken":0,"max_hp_gain":0,"max_hp_loss":0,"event_name":"Forgotten Altar","floor":30,"gold_loss":0,"cards_obtained":["Decay"]},{"cards_removed":["Decay"],"damage_healed":0,"gold_gain":0,"player_choice":"Elegance","damage_taken":0,"max_hp_gain":0,"max_hp_loss":0,"event_name":"Back to Basics","floor":31,"gold_loss":0}],"is_beta":true,"boss_relics":[{"not_picked":["Pandora\u0027s Box","Eternal Feather"],"picked":"Velvet Choker"}],"items_purged_floors":[19],"is_endless":false,"potions_floor_spawned":[1,4,7,12],"killed_by":"Collector","ascension_level":13}