{"gold_per_floor":[118,118,118,132,19,19,47,47,100,116,142,159,159,159],"floor_reached":14,"playtime":591,"items_purged":[],"score":246,"play_id":"3df59a9f-50ef-4d95-87a2-cd3abea29672","local_time":"20190324232808","is_ascension_mode":true,"campfire_choices":[{"data":"Noxious Fumes","floor":6.0,"key":"SMITH"},{"floor":8,"key":"REST"},{"data":"Well Laid Plans","floor":13,"key":"SMITH"}],"neow_cost":"NONE","seed_source_timestamp":1018903933312630,"circlet_count":0,"master_deck":["AscendersBane","Defend_G","Defend_G","Defend_G","Defend_G","Defend_G","Strike_G","Strike_G","Strike_G","Strike_G","Strike_G","Survivor","Neutralize","Well Laid Plans+1","Pain","Leg Sweep","Noxious Fumes+1","Blur","Dagger Throw","Backstab","Deadly Poison"],"special_seed":0,"relics":["Sozu","Boot","WarpedTongs","Smiling Mask","Pen Nib","Blood Vial"],"potions_floor_usage":[],"damage_taken":[{"damage":4.0,"enemies":"Jaw Worm","floor":1.0,"turns":5.0},{"damage":4.0,"enemies":"2 Louse","floor":4.0,"turns":4.0},{"damage":30,"enemies":"3 Sentries","floor":7,"turns":9},{"damage":2,"enemies":"Cultist","floor":10,"turns":4},{"damage":1,"enemies":"Lagavulin","floor":11,"turns":8},{"damage":0,"enemies":"Looter","floor":12,"turns":2},{"damage":16,"enemies":"Gremlin Nob","floor":14,"turns":4}],"seed_played":"7843357112699335662","potions_obtained":[],"is_trial":false,"path_per_floor":["M","?","?","M","$","R","E","R","T","M","E","M","R","E"],"character_chosen":"THE_SILENT","items_purchased":["Noxious Fumes","Blur"],"campfire_rested":1,"item_purchase_floors":[5,5],"current_hp_per_floor":[55,44,44,40,40,40,10,29,29,27,26,28,28,14],"gold":159,"neow_bonus":"BOSS_RELIC","is_prod":false,"is_daily":false,"chose_seed":false,"campfire_upgraded":2,"win_rate":0,"timestamp":1553484488,"path_taken":["M","?","?","?","$","R","E","R","T","M","E","M","R","E"],"build_version":"2019-03-15","purchased_purges":0,"victory":false,"max_hp_per_floor":[66,66,66,66,66,66,66,66,66,66,66,66,66,66],"card_choices":[{"not_picked":["Poisoned Stab","Flechettes"],"picked":"Well Laid Plans","floor":1.0},{"not_picked":["Bane","Flechettes"],"picked":"Leg Sweep","floor":4.0},{"not_picked":["Slice","Endless Agony"],"picked":"Dagger Throw","floor":7},{"not_picked":["Slice","Dodge and Roll"],"picked":"Backstab","floor":10},{"not_picked":["Riddle With Holes","Poisoned Stab","Tactician"],"picked":"SKIP","floor":11},{"not_picked":["Bane","Underhanded Strike"],"picked":"Deadly Poison","floor":12}],"player_experience":1249669,"relics_obtained":[{"floor":7,"key":"Smiling Mask"},{"floor":9,"key":"Pen Nib"},{"floor":11,"key":"Blood Vial"}],"event_choices":[{"damage_healed":0.0,"max_hp_gain":0.0,"max_hp_loss":0.0,"gold_gain":0.0,"event_name":"Scrap Ooze","player_choice":"Success","floor":2.0,"gold_loss":0.0,"damage_taken":11.0,"relics_obtained":["Boot"]},{"damage_healed":0.0,"max_hp_gain":0.0,"max_hp_loss":0.0,"gold_gain":0.0,"event_name":"Accursed Blacksmith","player_choice":"Rummage","floor":3.0,"gold_loss":0.0,"damage_taken":0.0,"relics_obtained":["WarpedTongs"],"cards_obtained":["Pain"]}],"is_beta":true,"boss_relics":[],"items_purged_floors":[],"is_endless":false,"potions_floor_spawned":[1,10,12],"killed_by":"Gremlin Nob","ascension_level":20}