{"gold_per_floor":[116,116,191,208,208,208,241,241,268,282,308,308,308,331,331,404,404,415,429,344,269,286,286,303,303,327,327],"floor_reached":27,"playtime":922,"items_purged":[],"score":488,"play_id":"a85be286-8d41-40d0-8f5c-71b713db49c1","local_time":"20190307085841","is_ascension_mode":true,"campfire_choices":[{"data":"Noxious Fumes","floor":6.0,"key":"SMITH"},{"data":"Dagger Throw","floor":8.0,"key":"SMITH"},{"floor":12,"key":"REST"},{"data":"Blur","floor":15,"key":"SMITH"},{"data":"Night Terror","floor":23,"key":"SMITH"},{"floor":25,"key":"REST"}],"neow_cost":"NONE","seed_source_timestamp":22616016446227,"circlet_count":0,"master_deck":["AscendersBane","Defend_G","Defend_G","Defend_G+1","Defend_G+1","Defend_G","Strike_G","Strike_G","Strike_G","Strike_G","Survivor","Neutralize+1","Blur+1","Noxious Fumes+1","Dagger Throw+1","Backflip","Backflip","Night Terror+1","Deflect+1","Well Laid Plans","Dodge and Roll","Blur","Backflip+1","Writhe"],"special_seed":0,"relics":["Ring of the Snake","NeowsBlessing","Vajra","Bag of Preparation","Bag of Marbles","Blood Vial","Cursed Key","Dream Catcher","Juzu Bracelet"],"potions_floor_usage":[11,11,27],"damage_taken":[{"damage":0.0,"enemies":"2 Louse","floor":1.0,"turns":1.0},{"damage":0.0,"enemies":"Small Slimes","floor":4.0,"turns":1.0},{"damage":0.0,"enemies":"3 Sentries","floor":7.0,"turns":1.0},{"damage":1.0,"enemies":"Jaw Worm","floor":10.0,"turns":4.0},{"damage":9,"enemies":"Lagavulin","floor":11,"turns":5},{"damage":21,"enemies":"Slime Boss","floor":16,"turns":9},{"damage":19,"enemies":"Chosen","floor":18,"turns":6},{"damage":7,"enemies":"Spheric Guardian","floor":19,"turns":7},{"damage":27,"enemies":"Snecko","floor":22,"turns":7},{"damage":0,"enemies":"Centurion and Healer","floor":24,"turns":11},{"damage":39,"enemies":"Slavers","floor":27,"turns":6}],"seed_played":"3199584929404517677","potions_obtained":[{"floor":1.0,"key":"FearPotion"},{"floor":4.0,"key":"Weak Potion"},{"floor":19,"key":"FearPotion"}],"is_trial":false,"path_per_floor":["M","?","?","M","?","R","E","R","T","M","E","R","?","T","R","B",null,"M","M","?","?","M","R","M","R","T","E"],"character_chosen":"THE_SILENT","items_purchased":[],"campfire_rested":2,"item_purchase_floors":[],"current_hp_per_floor":[59,59,48,48,28,28,28,28,28,27,18,37,42,42,42,23,59,42,37,37,37,12,12,14,35,35,0],"gold":327,"neow_bonus":"THREE_ENEMY_KILL","is_prod":false,"is_daily":false,"chose_seed":false,"campfire_upgraded":4,"win_rate":0,"timestamp":1551967121,"path_taken":["M","?","?","M","?","R","E","R","T","M","E","R","?","?","R","BOSS","M","M","?","?","?","R","?","R","T","E"],"build_version":"2019-02-06","purchased_purges":0,"victory":false,"max_hp_per_floor":[66,66,66,66,66,66,66,66,66,66,66,66,71,71,71,71,71,71,71,71,71,71,71,71,71,71,71],"card_choices":[{"not_picked":["Backflip","Eviscerate"],"picked":"Blur","floor":1.0},{"not_picked":["Flechettes","Cloak And Dagger"],"picked":"Noxious Fumes","floor":4.0},{"not_picked":["Reflex","Calculated Gamble"],"picked":"Dagger Throw","floor":7.0},{"not_picked":["Deflect","Underhanded Strike"],"picked":"Backflip","floor":10.0},{"not_picked":["Acrobatics","Eviscerate"],"picked":"Backflip","floor":11},{"not_picked":["Tools of the Trade","Glass Knife"],"picked":"Night Terror","floor":16},{"not_picked":["Flying Knee","Acrobatics"],"picked":"Deflect+1","floor":18},{"not_picked":["Deadly Poison","Acrobatics"],"picked":"Well Laid Plans","floor":19},{"not_picked":["Concentrate","Endless Agony"],"picked":"Dodge and Roll","floor":22},{"not_picked":["Noxious Fumes","Blade Dance+1"],"picked":"Blur","floor":24},{"not_picked":["Blade Dance+1","Well Laid Plans"],"picked":"Backflip+1","floor":25}],"player_experience":1058582,"relics_obtained":[{"floor":7.0,"key":"Vajra"},{"floor":9.0,"key":"Bag of Preparation"},{"floor":11,"key":"Bag of Marbles"},{"floor":14,"key":"Blood Vial"},{"floor":26,"key":"Juzu Bracelet"}],"event_choices":[{"damage_healed":0.0,"max_hp_gain":0.0,"max_hp_loss":0.0,"gold_gain":0.0,"event_name":"Living Wall","player_choice":"Grow","floor":2.0,"gold_loss":0.0,"damage_taken":0.0,"cards_upgraded":["Neutralize"]},{"damage_healed":0.0,"max_hp_gain":0.0,"max_hp_loss":0.0,"gold_gain":75.0,"event_name":"World of Goop","player_choice":"Gather Gold","floor":3.0,"gold_loss":0.0,"damage_taken":11.0},{"damage_healed":0.0,"max_hp_gain":0.0,"max_hp_loss":0.0,"gold_gain":0.0,"event_name":"Shining Light","player_choice":"Entered Light","floor":5.0,"gold_loss":0.0,"damage_taken":20.0,"cards_upgraded":["Defend_G","Defend_G"]},{"damage_healed":0,"gold_gain":0,"player_choice":"Donut","damage_taken":0,"max_hp_gain":5,"max_hp_loss":0,"event_name":"Big Fish","floor":13,"gold_loss":0},{"damage_healed":0,"gold_gain":0,"player_choice":"Obtained Relic","damage_taken":0,"relics_obtained":["Dream Catcher"],"max_hp_gain":0,"max_hp_loss":0,"event_name":"Addict","floor":20,"gold_loss":85},{"cards_removed":["Strike_G"],"damage_healed":0,"gold_gain":0,"player_choice":"Gave Gold","damage_taken":0,"max_hp_gain":0,"max_hp_loss":0,"event_name":"Beggar","floor":21,"gold_loss":75}],"is_beta":true,"boss_relics":[{"not_picked":["Empty Cage","Sozu"],"picked":"Cursed Key"}],"items_purged_floors":[],"is_endless":false,"potions_floor_spawned":[1,4,10,19],"killed_by":"Slavers","ascension_level":20}