{"gold_per_floor":[367,517,536,536,536,536,91,117,117,135,135,190,190,190,190,267,267,279,292,292,292,392,392],"floor_reached":23,"playtime":984,"items_purged":["Doubt"],"score":429,"play_id":"3bcfca94-539f-4c11-b32f-0aa2347acb85","local_time":"20181103133742","is_ascension_mode":true,"campfire_choices":[{"data":"Zap","floor":6.0,"key":"SMITH"},{"data":"Go for the Eyes","floor":11,"key":"SMITH"},{"data":"Dualcast","floor":13,"key":"SMITH"},{"data":"Glacier","floor":15,"key":"SMITH"}],"neow_cost":"TEN_PERCENT_HP_LOSS","seed_source_timestamp":13043585689652,"circlet_count":0,"master_deck":["AscendersBane","Strike_B","Strike_B","Strike_B","Defend_B","Defend_B","Defend_B","Defend_B","Zap+1","Dualcast+1","Cold Snap","FTL","Glacier+1","Compile Driver","Go for the Eyes+1","Rainbow","BootSequence","Compile Driver","Undo","Steam"],"special_seed":0,"relics":["Cracked Core","Juzu Bracelet","Matryoshka","Boot","Pen Nib","Mango","Tiny Chest","Runic Dome","Ice Cream","Gremlin Horn"],"potions_floor_usage":[8,12,12,22,23],"damage_taken":[{"damage":10.0,"enemies":"2 Louse","floor":1.0,"turns":3.0},{"damage":18.0,"enemies":"Small Slimes","floor":3.0,"turns":4.0},{"damage":11,"enemies":"3 Sentries","floor":8,"turns":9},{"damage":0,"enemies":"Cultist","floor":10,"turns":3},{"damage":0,"enemies":"Gremlin Nob","floor":12,"turns":3},{"damage":7,"enemies":"The Guardian","floor":16,"turns":13},{"damage":12,"enemies":"2 Thieves","floor":18,"turns":5},{"damage":4,"enemies":"3 Byrds","floor":19,"turns":4},{"damage":0,"enemies":"Colosseum Slavers","floor":22,"turns":4},{"damage":39,"enemies":"Colosseum Nobs","floor":22,"turns":5},{"damage":16,"enemies":"Gremlin Leader","floor":23,"turns":7}],"seed_played":"3427553367480563552","potions_obtained":[{"floor":5.0,"key":"AttackPotion"},{"floor":5.0,"key":"Poison Potion"},{"floor":8,"key":"Block Potion"},{"floor":12,"key":"Fire Potion"},{"floor":18,"key":"Swift Potion"}],"is_trial":false,"path_per_floor":["M","?","M","?","?","R","$","E","T","M","R","E","R","?","R","B",null,"M","M","?","?","?","E"],"character_chosen":"DEFECT","items_purchased":["Glacier","Matryoshka"],"campfire_rested":0,"item_purchase_floors":[7,7],"current_hp_per_floor":[54,54,36,25,25,25,25,14,28,28,28,28,28,21,21,14,62,50,46,46,46,7,0],"gold":392,"neow_bonus":"TWO_FIFTY_GOLD","is_prod":false,"is_daily":false,"chose_seed":false,"campfire_upgraded":4,"win_rate":0,"timestamp":1541266662,"path_taken":["M","?","M","?","?","R","$","E","T","M","R","E","R","?","R","BOSS","M","M","?","?","?","E"],"build_version":"2018-11-02","purchased_purges":1,"victory":false,"max_hp_per_floor":[64,64,64,64,64,64,64,64,78,78,78,78,78,78,78,78,78,78,78,78,78,78,78],"card_choices":[{"not_picked":["Rip and Tear","Compile Driver"],"picked":"Cold Snap","floor":1.0},{"not_picked":["Compile Driver","Redo"],"picked":"FTL","floor":3.0},{"not_picked":["Double Energy","Rebound"],"picked":"Compile Driver","floor":8},{"not_picked":["Hologram","Meteor Strike"],"picked":"Go for the Eyes","floor":10},{"not_picked":["Static Discharge","White Noise","Rebound"],"picked":"SKIP","floor":12},{"not_picked":["Meteor Strike","All For One"],"picked":"Rainbow","floor":16},{"not_picked":["Scrape","Beam Cell"],"picked":"BootSequence","floor":18},{"not_picked":["Skim","Stack"],"picked":"Compile Driver","floor":19},{"not_picked":["Rebound+1","Compile Driver"],"picked":"Steam","floor":22}],"player_experience":815940,"relics_obtained":[{"floor":8,"key":"Boot"},{"floor":9,"key":"Pen Nib"},{"floor":9,"key":"Mango"},{"floor":12,"key":"Tiny Chest"},{"floor":22,"key":"Ice Cream"},{"floor":22,"key":"Gremlin Horn"}],"event_choices":[{"damage_healed":0.0,"max_hp_gain":0.0,"max_hp_loss":0.0,"gold_gain":150.0,"event_name":"Liars Game","player_choice":"AGREE","floor":2.0,"gold_loss":0.0,"damage_taken":0.0,"cards_obtained":["Doubt"]},{"damage_healed":0.0,"max_hp_gain":0.0,"max_hp_loss":0.0,"gold_gain":0.0,"event_name":"Scrap Ooze","player_choice":"Success","floor":4.0,"gold_loss":0.0,"damage_taken":11.0,"relics_obtained":["Juzu Bracelet"]},{"damage_healed":0.0,"max_hp_gain":0.0,"max_hp_loss":0.0,"gold_gain":0.0,"event_name":"Lab","player_choice":"Got Potions","floor":5.0,"gold_loss":0.0,"damage_taken":0.0},{"cards_removed":["Strike_B"],"damage_healed":0,"gold_gain":0,"player_choice":"Card Removal","damage_taken":7,"max_hp_gain":0,"max_hp_loss":0,"event_name":"Golden Wing","floor":14,"gold_loss":0},{"damage_healed":0,"gold_gain":0,"player_choice":"Read","damage_taken":0,"max_hp_gain":0,"max_hp_loss":0,"event_name":"The Library","floor":20,"gold_loss":0,"cards_obtained":["Undo"]},{"damage_healed":0,"gold_gain":0,"player_choice":"Ignored","damage_taken":0,"max_hp_gain":0,"max_hp_loss":0,"event_name":"Ghosts","floor":21,"gold_loss":0},{"damage_healed":0,"gold_gain":0,"player_choice":"Fight","damage_taken":0,"max_hp_gain":0,"max_hp_loss":0,"event_name":"Colosseum","floor":22,"gold_loss":0},{"damage_healed":0,"gold_gain":0,"player_choice":"Fought Nobs","damage_taken":0,"max_hp_gain":0,"max_hp_loss":0,"event_name":"Colosseum","floor":22,"gold_loss":0}],"is_beta":true,"boss_relics":[{"not_picked":["Black Star","Ectoplasm"],"picked":"Runic Dome"}],"items_purged_floors":[7],"is_endless":false,"potions_floor_spawned":[8,10,12,18,22],"killed_by":"Gremlin Leader","ascension_level":19}