{"gold_per_floor":[110,184,184,196,196,209,537,537,537,568,568,597,597,610,610,681,681,692,709,709,655,672,344,373,373,397,397,397,417,443,443,443,443],"floor_reached":33,"playtime":1553,"items_purged":[],"score":602,"play_id":"78cf420a-126c-4d49-9430-e3a5c40ffe7a","local_time":"20190314212850","is_ascension_mode":true,"campfire_choices":[{"data":"Spot Weakness","floor":8.0,"key":"SMITH"},{"floor":13.0,"key":"REST"},{"data":"True Grit","floor":15.0,"key":"SMITH"},{"data":"Feel No Pain","floor":25.0,"key":"SMITH"},{"floor":27.0,"key":"REST"},{"floor":32.0,"key":"REST"}],"neow_cost":"NONE","seed_source_timestamp":0,"circlet_count":0,"master_deck":["AscendersBane","Defend_R","Defend_R","Defend_R","Defend_R","Bash+1","Feel No Pain+1","Spot Weakness+1","True Grit+1","Twin Strike","Thunderclap","Flame Barrier","Intimidate","Immolate","Combust+1","Infernal Blade+1","Sword Boomerang+1","Disarm","Power Through+1","Battle Trance","Corruption","Flame Barrier","Double Tap","Writhe","Shrug It Off","Fiend Fire"],"special_seed":0,"relics":["Burning Blood","Gambling Chip","Old Coin","Regal Pillow","Potion Belt","Shuriken","Paper Frog","Astrolabe","Art of War","Mango","Orichalcum","Happy Flower","Frozen Egg 2"],"potions_floor_usage":[],"damage_taken":[{"damage":9.0,"enemies":"2 Louse","floor":1.0,"turns":3.0},{"damage":11.0,"enemies":"Jaw Worm","floor":4.0,"turns":4.0},{"damage":7.0,"enemies":"Cultist","floor":6.0,"turns":4.0},{"damage":15.0,"enemies":"3 Sentries","floor":7.0,"turns":12.0},{"damage":36.0,"enemies":"Gremlin Nob","floor":10.0,"turns":4.0},{"damage":7.0,"enemies":"Lagavulin","floor":12.0,"turns":6.0},{"damage":8.0,"enemies":"Exordium Thugs","floor":14.0,"turns":5.0},{"damage":32.0,"enemies":"The Guardian","floor":16.0,"turns":12.0},{"damage":18.0,"enemies":"Chosen","floor":18.0,"turns":4.0},{"damage":22.0,"enemies":"2 Thieves","floor":19.0,"turns":4.0},{"damage":18.0,"enemies":"Snecko","floor":22.0,"turns":5.0},{"damage":22.0,"enemies":"Book of Stabbing","floor":24.0,"turns":6.0},{"damage":16.0,"enemies":"Snake Plant","floor":29.0,"turns":6.0},{"damage":25.0,"enemies":"Slavers","floor":30.0,"turns":6.0},{"damage":77,"enemies":"Champ","floor":33,"turns":15}],"seed_played":"7400967585691332535","potions_obtained":[{"floor":1.0,"key":"Dexterity Potion"},{"floor":10.0,"key":"EssenceOfSteel"},{"floor":14.0,"key":"AttackPotion"},{"floor":18.0,"key":"Energy Potion"},{"floor":19.0,"key":"Regen Potion"},{"floor":24.0,"key":"Explosive Potion"}],"is_trial":false,"path_per_floor":["M","?","?","M","T","M","E","R","T","E","T","E","R","M","R","B",null,"M","M","?","$","M","$","E","R","T","R","?","M","E","?","R","B"],"character_chosen":"IRONCLAD","items_purchased":["Fire Potion","Art of War","Corruption","Flame Barrier"],"campfire_rested":3,"item_purchase_floors":[21,23,23,23],"current_hp_per_floor":[65,65,65,60,60,59,50,50,50,20,20,19,56,54,54,28,63,51,35,35,35,37,37,35,35,35,76,76,66,47,21,64,0],"gold":443,"neow_bonus":"UPGRADE_CARD","is_prod":false,"is_daily":false,"chose_seed":false,"campfire_upgraded":3,"win_rate":0,"timestamp":1552613330,"path_taken":["M","?","?","?","?","?","E","R","T","E","?","E","R","M","R","BOSS","M","M","?","$","?","$","E","R","T","R","?","M","E","?","R","BOSS"],"build_version":"2019-02-06","purchased_purges":0,"victory":false,"max_hp_per_floor":[75,75,75,75,75,75,75,75,75,75,75,75,75,75,75,75,75,75,75,75,75,75,75,89,89,89,89,89,89,89,94,94,94],"card_choices":[{"not_picked":["Rampage","Flex"],"picked":"Feel No Pain","floor":1.0},{"not_picked":["Inflame","Hemokinesis"],"picked":"Spot Weakness","floor":4.0},{"not_picked":["Infernal Blade","Rupture"],"picked":"True Grit","floor":6.0},{"not_picked":["Blood for Blood","Power Through"],"picked":"Twin Strike","floor":7.0},{"not_picked":["Combust","Inflame"],"picked":"Thunderclap","floor":10.0},{"not_picked":["Wild Strike","Twin Strike"],"picked":"Flame Barrier","floor":12.0},{"not_picked":["Sword Boomerang","Flex"],"picked":"Intimidate","floor":14.0},{"not_picked":["Offering","Double Tap"],"picked":"Immolate","floor":16.0},{"not_picked":["Warcry","Anger"],"picked":"Disarm","floor":18.0},{"not_picked":["Dual Wield","Body Slam"],"picked":"Power Through+1","floor":19.0},{"not_picked":["Warcry","Wild Strike"],"picked":"Battle Trance","floor":22.0},{"not_picked":["Dropkick","Thunderclap"],"picked":"Double Tap","floor":24.0},{"not_picked":["Wild Strike","Disarm"],"picked":"Shrug It Off","floor":29.0},{"not_picked":["Iron Wave+1","Body Slam+1"],"picked":"Fiend Fire","floor":30.0}],"player_experience":1087023,"relics_obtained":[{"floor":5.0,"key":"Gambling Chip"},{"floor":7.0,"key":"Old Coin"},{"floor":9.0,"key":"Regal Pillow"},{"floor":10.0,"key":"Potion Belt"},{"floor":11.0,"key":"Shuriken"},{"floor":12.0,"key":"Paper Frog"},{"floor":24.0,"key":"Mango"},{"floor":26.0,"key":"Orichalcum"},{"floor":30.0,"key":"Frozen Egg 2"}],"event_choices":[{"damage_healed":0.0,"max_hp_gain":0.0,"max_hp_loss":0.0,"gold_gain":74.0,"event_name":"Golden Wing","player_choice":"Gained Gold","floor":2.0,"gold_loss":0.0,"damage_taken":0.0},{"cards_removed":["Strike_R"],"damage_healed":0.0,"max_hp_gain":0.0,"max_hp_loss":0.0,"gold_gain":0.0,"event_name":"Bonfire Elementals","player_choice":"Offered Basic","floor":3.0,"gold_loss":0.0,"damage_taken":0.0},{"cards_removed":["Strike_R"],"damage_healed":0.0,"max_hp_gain":0.0,"max_hp_loss":0.0,"gold_gain":0.0,"event_name":"Purifier","player_choice":"Purged","floor":20.0,"gold_loss":0.0,"damage_taken":0.0},{"damage_healed":0.0,"max_hp_gain":0.0,"max_hp_loss":0.0,"gold_gain":0.0,"event_name":"The Mausoleum","player_choice":"Opened","floor":28.0,"gold_loss":0.0,"damage_taken":0.0,"relics_obtained":["Happy Flower"],"cards_obtained":["Writhe"]},{"damage_healed":0.0,"max_hp_gain":5.0,"max_hp_loss":0.0,"gold_gain":0.0,"event_name":"Forgotten Altar","player_choice":"Shed Blood","floor":31.0,"gold_loss":0.0,"damage_taken":31.0}],"is_beta":true,"boss_relics":[{"not_picked":["Coffee Dripper","Runic Pyramid"],"picked":"Astrolabe"}],"items_purged_floors":[],"is_endless":false,"potions_floor_spawned":[1,10,14,18,19,24],"killed_by":"Champ","ascension_level":20}