{"gold_per_floor":[118,43,55,74,86,86,114,130,130,144,170,170,22,32,32,129,129,149,163,163,178,178,178],"floor_reached":23,"playtime":914,"items_purged":["Bash"],"score":308,"play_id":"a5aae88f-9491-4821-ac61-3847f79f9c55","local_time":"20190129192734","is_ascension_mode":true,"campfire_choices":[{"data":"Perfected Strike","floor":12,"key":"SMITH"},{"data":"Second Wind","floor":15,"key":"SMITH"}],"neow_cost":"NONE","seed_source_timestamp":10289987661619,"circlet_count":0,"master_deck":["AscendersBane","Strike_R","Strike_R","Strike_R","Strike_R","Strike_R","Defend_R","Defend_R","Defend_R","Defend_R","Shockwave","Evolve+1","Wild Strike","Shockwave","Perfected Strike+1","Twin Strike","Immolate+1","Reckless Charge+1","Shrug It Off","Wild Strike+1","Second Wind+1","Reaper+1","Flame Barrier","Corruption","Metallicize","RitualDagger+1"],"relics":["Burning Blood","NeowsBlessing","Champion Belt","Dodecahedron","Molten Egg 2","Black Star"],"potions_floor_usage":[7,16,21,21,23],"damage_taken":[{"damage":0,"enemies":"Cultist","floor":1,"turns":1},{"damage":0,"enemies":"Jaw Worm","floor":3,"turns":1},{"damage":0,"enemies":"2 Louse","floor":4,"turns":1},{"damage":9,"enemies":"Looter","floor":5,"turns":3},{"damage":30,"enemies":"Gremlin Nob","floor":7,"turns":5},{"damage":5,"enemies":"2 Fungi Beasts","floor":8,"turns":3},{"damage":5,"enemies":"Exordium Wildlife","floor":10,"turns":3},{"damage":19,"enemies":"3 Sentries","floor":11,"turns":6},{"damage":8,"enemies":"Looter","floor":14,"turns":2},{"damage":15,"enemies":"Slime Boss","floor":16,"turns":7},{"damage":11,"enemies":"2 Thieves","floor":18,"turns":2},{"damage":36,"enemies":"Shell Parasite","floor":19,"turns":5},{"damage":46,"enemies":"Sentry and Sphere","floor":21,"turns":7},{"damage":37,"enemies":"Book of Stabbing","floor":23,"turns":5}],"seed_played":"1215459891183035737","potions_obtained":[{"floor":5,"key":"Ancient Potion"},{"floor":7,"key":"Swift Potion"},{"floor":8,"key":"Explosive Potion"},{"floor":10,"key":"BloodPotion"},{"floor":19,"key":"SkillPotion"}],"is_trial":false,"path_per_floor":["M","$","M","M","M","?","E","M","T","M","E","R","$","M","R","B",null,"M","M","?","M","?","E"],"character_chosen":"IRONCLAD","items_purchased":["Reckless Charge+1","Shrug It Off","Wild Strike+1"],"campfire_rested":0,"item_purchase_floors":[13,13,13],"current_hp_per_floor":[78,78,80,80,77,77,53,54,54,55,42,42,42,40,40,31,68,63,40,66,34,28,0],"gold":178,"neow_bonus":"THREE_ENEMY_KILL","is_prod":false,"is_daily":false,"chose_seed":false,"campfire_upgraded":2,"win_rate":0,"timestamp":1548808054,"path_taken":["M","$","?","?","M","?","E","?","T","M","E","R","$","M","R","BOSS","M","M","?","M","?","E"],"build_version":"2019-01-23","purchased_purges":1,"victory":false,"max_hp_per_floor":[80,80,80,80,80,80,80,80,80,80,80,80,80,80,80,80,80,80,80,80,80,80,80],"card_choices":[{"not_picked":["True Grit","Clash"],"picked":"Shockwave","floor":1},{"not_picked":["Corruption","Wild Strike"],"picked":"Evolve","floor":3},{"not_picked":["Reckless Charge","Combust"],"picked":"Wild Strike","floor":4},{"not_picked":["Intimidate","Entrench"],"picked":"Shockwave","floor":5},{"not_picked":["Clothesline","Headbutt"],"picked":"Perfected Strike","floor":7},{"not_picked":["Clash","Heavy Blade","Sword Boomerang"],"picked":"SKIP","floor":8},{"not_picked":["Armaments","Fire Breathing"],"picked":"Twin Strike","floor":10},{"not_picked":["Havoc","Second Wind"],"picked":"Immolate","floor":11},{"not_picked":["Heavy Blade+1","True Grit"],"picked":"Second Wind","floor":14},{"not_picked":["Exhume","Double Tap"],"picked":"Reaper+1","floor":16},{"not_picked":["Evolve","Body Slam+1"],"picked":"Flame Barrier","floor":18},{"not_picked":["Headbutt+1","Anger+1"],"picked":"Corruption","floor":19},{"not_picked":["Clothesline+1","Heavy Blade+1"],"picked":"Metallicize","floor":21}],"player_experience":296960,"relics_obtained":[{"floor":7,"key":"Champion Belt"},{"floor":9,"key":"Dodecahedron"},{"floor":11,"key":"Molten Egg 2"}],"event_choices":[{"damage_healed":0,"gold_gain":0,"player_choice":"Upgraded","damage_taken":0,"max_hp_gain":0,"max_hp_loss":0,"event_name":"Upgrade Shrine","floor":6,"gold_loss":0,"cards_upgraded":["Evolve"]},{"damage_healed":26,"gold_gain":0,"player_choice":"Heal","damage_taken":0,"max_hp_gain":0,"max_hp_loss":0,"event_name":"The Library","floor":20,"gold_loss":0},{"damage_healed":0,"gold_gain":0,"player_choice":"Joined the Cult","damage_taken":6,"max_hp_gain":0,"max_hp_loss":0,"event_name":"Nest","floor":22,"gold_loss":0,"cards_obtained":["RitualDagger"]}],"is_beta":true,"boss_relics":[{"not_picked":["Snecko Eye","White Beast Statue"],"picked":"Black Star"}],"items_purged_floors":[2],"is_endless":false,"potions_floor_spawned":[5,7,8,10,19],"killed_by":"Book of Stabbing","ascension_level":10}