{"gold_per_floor":[113,113,131,131,56,56,87,87,87,87,87,105,105,128,128,257,257,270,220,24,24,24,24,24],"floor_reached":24,"playtime":588,"items_purged":["Strike_R"],"score":209,"play_id":"dae1aa7d-e72f-4add-95f7-482165763031","local_time":"20190326003216","is_ascension_mode":true,"campfire_choices":[{"floor":6,"key":"REST"},{"floor":8,"key":"REST"},{"data":"Anger","floor":10,"key":"SMITH"},{"floor":15,"key":"REST"},{"data":"Thunderclap","floor":23,"key":"SMITH"}],"neow_cost":"PERCENT_DAMAGE","seed_source_timestamp":463061825648692,"circlet_count":0,"master_deck":["Strike_R+1","Strike_R","Strike_R","Defend_R+1","Defend_R","Defend_R+1","Bash","Anger+1","Headbutt","Shrug It Off+1","Ghostly Armor","Thunderclap+1","Double Tap","Carnage+1"],"relics":["Burning Blood","War Paint","Juzu Bracelet","Singing Bowl","Golden Idol","White Beast Statue","PrismaticShard","MutagenicStrength"],"potions_floor_usage":[18,18],"damage_taken":[{"damage":10,"enemies":"Small Slimes","floor":1,"turns":3},{"damage":12,"enemies":"Jaw Worm","floor":3,"turns":2},{"damage":15,"enemies":"Lagavulin","floor":7,"turns":5},{"damage":0,"enemies":"Cultist","floor":12,"turns":3},{"damage":14,"enemies":"Red Slaver","floor":14,"turns":2},{"damage":15,"enemies":"Slime Boss","floor":16,"turns":9},{"damage":19,"enemies":"2 Thieves","floor":18,"turns":4},{"damage":77,"enemies":"Book of Stabbing","floor":24,"turns":6}],"seed_played":"-2779033837291514498","potions_obtained":[{"floor":7,"key":"FearPotion"},{"floor":16,"key":"AttackPotion"},{"floor":18,"key":"Energy Potion"}],"is_trial":false,"path_per_floor":["M","?","M","?","$","R","E","R","T","R","?","M","?","M","R","B",null,"M","?","$","?","?","R","E"],"character_chosen":"IRONCLAD","items_purchased":["PrismaticShard"],"campfire_rested":3,"item_purchase_floors":[20],"current_hp_per_floor":[52,34,28,12,12,36,27,51,51,51,31,39,44,38,64,55,89,76,76,76,76,59,59,0],"gold":24,"neow_bonus":"TRANSFORM_TWO_CARDS","is_prod":false,"is_daily":false,"chose_seed":false,"campfire_upgraded":2,"win_rate":0,"timestamp":1553585536,"path_taken":["M","?","M","?","$","R","E","R","T","R","?","M","?","M","R","BOSS","M","?","?","?","?","R","E"],"build_version":"2019-01-23","purchased_purges":1,"victory":false,"max_hp_per_floor":[80,80,80,80,80,80,80,80,80,80,80,82,87,89,89,89,89,89,89,89,89,94,94,94],"card_choices":[{"not_picked":["True Grit","Wild Strike"],"picked":"Shrug It Off","floor":1},{"not_picked":["Feel No Pain","Warcry"],"picked":"Ghostly Armor","floor":3},{"not_picked":["Wild Strike","Power Through"],"picked":"Thunderclap","floor":7},{"not_picked":["Headbutt","Rupture","Iron Wave"],"picked":"Singing Bowl","floor":12},{"not_picked":["Inflame","Brutality","Clothesline"],"picked":"Singing Bowl","floor":14},{"not_picked":["Fiend Fire","Brutality"],"picked":"Double Tap","floor":16},{"not_picked":["Clash+1","Fire Breathing"],"picked":"Carnage+1","floor":18}],"player_experience":382110,"relics_obtained":[{"floor":7,"key":"Juzu Bracelet"},{"floor":9,"key":"Singing Bowl"}],"event_choices":[{"damage_healed":0,"gold_gain":0,"player_choice":"Success","damage_taken":18,"relics_obtained":["War Paint"],"max_hp_gain":0,"max_hp_loss":0,"event_name":"Scrap Ooze","floor":2,"gold_loss":0},{"damage_healed":0,"gold_gain":0,"player_choice":"Entered Light","damage_taken":16,"max_hp_gain":0,"max_hp_loss":0,"event_name":"Shining Light","floor":4,"gold_loss":0,"cards_upgraded":["Defend_R","Strike_R"]},{"damage_healed":0,"gold_gain":0,"player_choice":"Take Damage","damage_taken":20,"relics_obtained":["Golden Idol"],"max_hp_gain":0,"max_hp_loss":0,"event_name":"Golden Idol","floor":11,"gold_loss":0},{"damage_healed":0,"gold_gain":0,"player_choice":"Donut","damage_taken":0,"max_hp_gain":5,"max_hp_loss":0,"event_name":"Big Fish","floor":13,"gold_loss":0},{"damage_healed":0,"gold_gain":0,"player_choice":"Bet on Murderer","damage_taken":0,"max_hp_gain":0,"max_hp_loss":0,"event_name":"The Joust","floor":19,"gold_loss":50},{"damage_healed":0,"gold_gain":0,"player_choice":"Inject Mutagens","damage_taken":0,"relics_obtained":["MutagenicStrength"],"max_hp_gain":0,"max_hp_loss":0,"event_name":"Drug Dealer","floor":21,"gold_loss":0},{"damage_healed":0,"gold_gain":0,"player_choice":"Shed Blood","damage_taken":22,"max_hp_gain":5,"max_hp_loss":0,"event_name":"Forgotten Altar","floor":22,"gold_loss":0}],"is_beta":false,"boss_relics":[{"not_picked":["Empty Cage","Velvet Choker"],"picked":"White Beast Statue"}],"items_purged_floors":[5],"is_endless":false,"potions_floor_spawned":[7,16,18],"killed_by":"Book of Stabbing","ascension_level":2}