{"gold_per_floor":[110,7,20,20,40,40,65,65,118,144,144,160,160,171,171,171],"floor_reached":16,"playtime":699,"items_purged":["Strike_R"],"score":209,"play_id":"abaf4c70-41dc-48ec-9bfc-ab6dfc5d0fe3","local_time":"20190318095913","is_ascension_mode":true,"campfire_choices":[{"data":"Cleave","floor":6,"key":"SMITH"},{"data":"Spot Weakness","floor":8,"key":"SMITH"},{"data":"Bash","floor":13,"key":"SMITH"},{"data":"Heavy Blade","floor":15,"key":"SMITH"}],"neow_cost":"NONE","seed_source_timestamp":4084094743582,"circlet_count":0,"master_deck":["AscendersBane","Strike_R","Strike_R","Strike_R","Strike_R","Defend_R","Defend_R","Defend_R","Defend_R","Bash+1","Anger","Shrug It Off","Spot Weakness+1","Cleave+1","Reaper","Headbutt","Heavy Blade+1","Fiend Fire"],"relics":["Burning Blood","NeowsBlessing","Centennial Puzzle","Tiny Chest","Self Forming Clay","The Courier"],"potions_floor_usage":[10,16,16],"damage_taken":[{"damage":0,"enemies":"Cultist","floor":1,"turns":1},{"damage":0,"enemies":"Small Slimes","floor":3,"turns":1},{"damage":0,"enemies":"2 Louse","floor":5,"turns":1},{"damage":32,"enemies":"Lagavulin","floor":7,"turns":6},{"damage":20,"enemies":"Gremlin Nob","floor":10,"turns":4},{"damage":13,"enemies":"Blue Slaver","floor":12,"turns":4},{"damage":7,"enemies":"3 Louse","floor":14,"turns":3},{"damage":60,"enemies":"The Guardian","floor":16,"turns":13}],"seed_played":"6154460896011236427","potions_obtained":[{"floor":7,"key":"Block Potion"},{"floor":12,"key":"GamblersBrew"},{"floor":14,"key":"EssenceOfSteel"}],"is_trial":false,"path_per_floor":["M","$","M","$","M","R","E","R","T","E","T","M","R","M","R","B"],"character_chosen":"IRONCLAD","items_purchased":["Shrug It Off"],"campfire_rested":0,"item_purchase_floors":[2],"current_hp_per_floor":[74,74,75,75,75,75,49,49,49,35,35,34,34,45,45,0],"gold":171,"neow_bonus":"THREE_ENEMY_KILL","is_prod":false,"is_daily":false,"chose_seed":false,"campfire_upgraded":4,"win_rate":0,"timestamp":1552917553,"path_taken":["M","$","M","$","?","R","E","R","T","E","?","M","R","M","R","BOSS"],"build_version":"2019-03-15","purchased_purges":1,"victory":false,"max_hp_per_floor":[75,75,75,75,75,75,75,75,75,75,75,75,75,75,75,75],"card_choices":[{"not_picked":["Heavy Blade","Body Slam"],"picked":"Anger","floor":1},{"not_picked":["Inflame","Headbutt"],"picked":"Spot Weakness","floor":3},{"not_picked":["Pummel","Hemokinesis"],"picked":"Cleave","floor":5},{"not_picked":["Rage","Wild Strike"],"picked":"Reaper","floor":7},{"not_picked":["Thunderclap","Spot Weakness"],"picked":"Headbutt","floor":10},{"not_picked":["Wild Strike","Warcry"],"picked":"Heavy Blade","floor":12},{"not_picked":["Clash","Whirlwind"],"picked":"Fiend Fire","floor":14}],"player_experience":555043,"relics_obtained":[{"floor":7,"key":"Centennial Puzzle"},{"floor":9,"key":"Tiny Chest"},{"floor":10,"key":"Self Forming Clay"},{"floor":11,"key":"The Courier"}],"event_choices":[],"is_beta":true,"boss_relics":[],"items_purged_floors":[2],"is_endless":false,"potions_floor_spawned":[7,12,14],"killed_by":"The Guardian","ascension_level":18}