{"gold_per_floor":[115,133,58,58,114,114,146,173,241,253,284,322,351,363,375,458,470,496,558,570,601,120,153,153,153],"floor_reached":25,"playtime":1217,"items_purged":["Writhe"],"score":458,"play_id":"4d7d748b-bfeb-473a-ae7c-7117b00e5059","local_time":"20180922132311","is_ascension_mode":true,"campfire_choices":[{"data":"Bash","floor":6.0,"key":"SMITH"},{"floor":10.0,"key":"REST"},{"data":"Armaments","floor":15,"key":"SMITH"}],"neow_cost":"NONE","seed_source_timestamp":793091389246387,"circlet_count":0,"master_deck":["Strike_R","Strike_R","Strike_R","Defend_R","Defend_R+1","Defend_R","Defend_R+1","Bash+1","AscendersBane","Perfected Strike","Disarm","Hemokinesis","Body Slam","Shrug It Off","Metallicize","Armaments+1","Immolate","Ghostly Armor","Clothesline","Shockwave+1"],"special_seed":0,"relics":["Black Blood","MawBank","Tiny Chest","Thread and Needle","Mango","Toxic Egg 2","Singing Bowl","Self Forming Clay"],"potions_floor_usage":[23,23],"damage_taken":[{"damage":5.0,"enemies":"Small Slimes","floor":1.0,"turns":3.0},{"damage":3.0,"enemies":"2 Louse","floor":2.0,"turns":3.0},{"damage":30.0,"enemies":"Gremlin Nob","floor":7.0,"turns":4.0},{"damage":5.0,"enemies":"Jaw Worm","floor":8.0,"turns":4.0},{"damage":3.0,"enemies":"Large Slime","floor":11.0,"turns":6.0},{"damage":44.0,"enemies":"3 Sentries","floor":12.0,"turns":12.0},{"damage":5.0,"enemies":"Looter","floor":13.0,"turns":4.0},{"damage":8,"enemies":"The Guardian","floor":16,"turns":15},{"damage":14,"enemies":"Chosen","floor":18,"turns":7},{"damage":7,"enemies":"Shell Parasite","floor":21,"turns":12},{"damage":52,"enemies":"Slavers","floor":23,"turns":10},{"damage":33,"enemies":"Book of Stabbing","floor":25,"turns":3}],"seed_played":"-3232944665708531686","potions_obtained":[{"floor":8.0,"key":"Swift Potion"},{"floor":13.0,"key":"Explosive Potion"}],"is_trial":false,"path_per_floor":["M","M","?","?","?","R","E","M","T","R","M","E","M","$","R","B",null,"M","?","?","M","$","E","T"],"character_chosen":"IRONCLAD","items_purchased":["Toxic Egg 2","Shockwave+1","PowerPotion"],"campfire_rested":1,"item_purchase_floors":[22,22,22],"current_hp_per_floor":[69,72,72,49,49,49,25,26,26,48,51,13,14,14,14,12,59,55,55,69,72,72,32,32,0],"gold":153,"neow_bonus":"TRANSFORM_CARD","is_prod":false,"is_daily":false,"chose_seed":false,"campfire_upgraded":2,"win_rate":0,"timestamp":1537636991,"path_taken":["M","M","?","?","?","R","E","M","T","R","?","E","M","$","R","BOSS","M","?","?","?","?","E","?","E"],"build_version":"2018-09-20","purchased_purges":1,"victory":false,"max_hp_per_floor":[75,75,75,75,75,75,75,75,75,75,75,75,75,75,75,75,75,75,75,89,89,89,91,91,91],"card_choices":[{"not_picked":["Warcry","Clothesline"],"picked":"Disarm","floor":1.0},{"not_picked":["Combust","Headbutt"],"picked":"Hemokinesis","floor":2.0},{"not_picked":["Hemokinesis","Clash"],"picked":"Body Slam","floor":7.0},{"not_picked":["Body Slam","Clash"],"picked":"Shrug It Off","floor":8.0},{"not_picked":["Searing Blow","Entrench","Flex"],"picked":"SKIP","floor":11.0},{"not_picked":["Wild Strike","Bloodletting"],"picked":"Metallicize","floor":12.0},{"not_picked":["Inflame","Rage"],"picked":"Armaments","floor":13.0},{"not_picked":["Berserk","Double Tap"],"picked":"Immolate","floor":16},{"not_picked":["Flex","Body Slam"],"picked":"Ghostly Armor","floor":18},{"not_picked":["Anger","Body Slam"],"picked":"Clothesline","floor":21},{"not_picked":["Anger","Bludgeon","Heavy Blade"],"picked":"Singing Bowl","floor":23}],"player_experience":894591,"relics_obtained":[{"floor":7.0,"key":"MawBank"},{"floor":9.0,"key":"Tiny Chest"},{"floor":12.0,"key":"Thread and Needle"},{"floor":23,"key":"Singing Bowl"},{"floor":24,"key":"Self Forming Clay"}],"event_choices":[{"event_name":"The Cleric","player_choice":"Card Removal","floor":3.0,"damage_taken":0.0},{"event_name":"Shining Light","player_choice":"Entered Light","floor":4.0,"damage_taken":0.0},{"event_name":"Golden Wing","player_choice":"Gained Gold","floor":5.0,"damage_taken":0.0},{"event_name":"Nest","player_choice":"Stole From Cult","floor":19,"damage_taken":0},{"event_name":"The Mausoleum","player_choice":"Yes","floor":20,"damage_taken":0}],"is_beta":false,"boss_relics":[{"not_picked":["Orrery","Calling Bell"],"picked":"Black Blood"}],"items_purged_floors":[22],"is_endless":false,"potions_floor_spawned":[8,13],"killed_by":"Book of Stabbing","ascension_level":20}