{"gold_per_floor":[110,110,58,58,78,111,111,140,152,164,187,212,238,250],"floor_reached":14,"playtime":478,"items_purged":[],"score":175,"play_id":"822dbe47-fd29-4a25-9b8c-934c33984456","local_time":"20190131200548","is_ascension_mode":true,"campfire_choices":[{"data":"Blade Dance","floor":7,"key":"SMITH"},{"floor":10,"key":"REST"}],"neow_cost":"NONE","seed_source_timestamp":8495190469464,"circlet_count":0,"master_deck":["Defend_G","Defend_G","Defend_G","Defend_G","Strike_G","Strike_G","Strike_G","Strike_G","Strike_G","Survivor","Neutralize","Sucker Punch","Blade Dance","Blade Dance+1","Choke","Cloak And Dagger","Slice","Dash","Footwork"],"relics":["Ring of the Snake","NeowsBlessing","Ornamental Fan","Bird Faced Urn","MawBank","Oddly Smooth Stone"],"potions_floor_usage":[],"damage_taken":[{"damage":0,"enemies":"Jaw Worm","floor":1,"turns":1},{"damage":0,"enemies":"2 Louse","floor":5,"turns":1},{"damage":0,"enemies":"3 Sentries","floor":6,"turns":1},{"damage":39,"enemies":"Lagavulin","floor":8,"turns":8},{"damage":2,"enemies":"Cultist","floor":11,"turns":3},{"damage":11,"enemies":"Exordium Wildlife","floor":12,"turns":3},{"damage":0,"enemies":"Lots of Slimes","floor":13,"turns":4},{"damage":22,"enemies":"3 Sentries","floor":14,"turns":6}],"seed_played":"7229734892850598876","potions_obtained":[{"floor":6,"key":"SpeedPotion"},{"floor":8,"key":"Weak Potion"},{"floor":12,"key":"LiquidBronze"}],"is_trial":false,"path_per_floor":["M","?","$","?","M","E","R","E","T","R","M","M","M","E"],"character_chosen":"THE_SILENT","items_purchased":["Blade Dance"],"campfire_rested":1,"item_purchase_floors":[3],"current_hp_per_floor":[63,51,51,51,51,51,51,12,12,33,31,20,20,0],"gold":250,"neow_bonus":"THREE_ENEMY_KILL","is_prod":false,"is_daily":false,"chose_seed":false,"campfire_upgraded":1,"win_rate":0,"timestamp":1548983148,"path_taken":["M","?","$","?","M","E","R","E","T","R","M","M","M","E"],"build_version":"2019-01-23","purchased_purges":0,"victory":false,"max_hp_per_floor":[70,70,70,70,70,70,70,70,70,70,70,70,70,70],"card_choices":[{"not_picked":["Expertise","Concentrate"],"picked":"Sucker Punch","floor":1},{"not_picked":["PiercingWail","Quick Slash"],"picked":"Blade Dance","floor":5},{"not_picked":["Setup","Quick Slash"],"picked":"Choke","floor":6},{"not_picked":["Dodge and Roll","Deadly Poison"],"picked":"Cloak And Dagger","floor":8},{"not_picked":["Finisher","Dagger Throw"],"picked":"Slice","floor":11},{"not_picked":["Flying Knee","Backstab"],"picked":"Dash","floor":12},{"not_picked":["Blade Dance","Deadly Poison"],"picked":"Footwork","floor":13}],"player_experience":308921,"relics_obtained":[{"floor":6,"key":"Bird Faced Urn"},{"floor":8,"key":"MawBank"},{"floor":9,"key":"Oddly Smooth Stone"}],"event_choices":[{"damage_healed":0,"gold_gain":0,"player_choice":"Success","damage_taken":12,"relics_obtained":["Ornamental Fan"],"max_hp_gain":0,"max_hp_loss":0,"event_name":"Scrap Ooze","floor":2,"gold_loss":0},{"cards_removed":["Defend_G"],"damage_healed":0,"gold_gain":0,"player_choice":"Forget","damage_taken":0,"max_hp_gain":0,"max_hp_loss":0,"event_name":"Living Wall","floor":4,"gold_loss":0}],"is_beta":true,"boss_relics":[],"items_purged_floors":[],"is_endless":false,"potions_floor_spawned":[6,8,12],"killed_by":"3 Sentries","ascension_level":8}