{"gold_per_floor":[110,210,227,241,258,258,273,273,273,289,289,304,322,26,26,124,124,142,160,174,95,194,222,222,222,222,251,262,262,295,315,315,415,415,430,447,461,181,181,181,210,210,236,236,236,336,348,348,348,348],"floor_reached":51,"playtime":2583,"items_purged":["Strike_B"],"score":1029,"play_id":"769b7a00-fbad-401a-8b3d-9935595f287e","local_time":"20181109192027","is_ascension_mode":false,"campfire_choices":[{"data":"Sunder","floor":6,"key":"SMITH"},{"data":"Consume","floor":8,"key":"SMITH"},{"data":"Hologram","floor":11,"key":"SMITH"},{"data":"Buffer","floor":15,"key":"SMITH"},{"data":"Echo Form","floor":24,"key":"SMITH"},{"data":"Heatsinks","floor":29,"key":"SMITH"},{"data":"Tempest","floor":32,"key":"SMITH"},{"data":"Capacitor","floor":40,"key":"SMITH"},{"data":"Capacitor","floor":42,"key":"SMITH"},{"data":"Capacitor","floor":45,"key":"SMITH"},{"data":"Meteor Strike","floor":49,"key":"SMITH"}],"neow_cost":"NONE","seed_source_timestamp":15051125987885,"circlet_count":0,"master_deck":["Strike_B+1","Strike_B+1","Strike_B+1","Defend_B+1","Defend_B+1","Defend_B+1","Defend_B+1","Zap","Dualcast","Sunder+1","Hologram+1","Sweeping Beam","Reinforced Body","Consume+1","Capacitor+1","Buffer+1","Cold Snap","Melter","Echo Form+1","Compile Driver","Cold Snap","Coolheaded+1","Meteor Strike+1","BootSequence+1","Heatsinks+1","Capacitor+1","Tempest+1","Streamline+1","Meteor Strike","Redo+1","Fusion+1","Capacitor+1","Force Field+1","Finesse","Multi-Cast","Compile Driver","Fusion"],"relics":["Cracked Core","Boot","Oddly Smooth Stone","Snecko Eye","Bronze Scales","Dodecahedron","Gremlin Horn","PreservedInsect","Nuclear Battery","Frozen Eye","Juzu Bracelet","Vajra","Prayer Wheel"],"potions_floor_usage":[16,16,18,30,47,50],"damage_taken":[{"damage":4,"enemies":"2 Louse","floor":1,"turns":3},{"damage":6,"enemies":"Cultist","floor":3,"turns":3},{"damage":2,"enemies":"Small Slimes","floor":4,"turns":3},{"damage":2,"enemies":"Blue Slaver","floor":5,"turns":3},{"damage":0,"enemies":"2 Fungi Beasts","floor":7,"turns":3},{"damage":7,"enemies":"Looter","floor":10,"turns":3},{"damage":13,"enemies":"Exordium Wildlife","floor":12,"turns":4},{"damage":0,"enemies":"3 Louse","floor":13,"turns":3},{"damage":0,"enemies":"Slime Boss","floor":16,"turns":10},{"damage":9,"enemies":"3 Byrds","floor":18,"turns":4},{"damage":2,"enemies":"Shell Parasite","floor":19,"turns":3},{"damage":12,"enemies":"Centurion and Healer","floor":20,"turns":5},{"damage":6,"enemies":"Book of Stabbing","floor":23,"turns":3},{"damage":0,"enemies":"Slavers","floor":27,"turns":4},{"damage":4,"enemies":"Snake Plant","floor":28,"turns":3},{"damage":0,"enemies":"Gremlin Leader","floor":30,"turns":5},{"damage":10,"enemies":"Sentry and Sphere","floor":31,"turns":3},{"damage":0,"enemies":"Automaton","floor":33,"turns":7},{"damage":0,"enemies":"3 Shapes","floor":35,"turns":2},{"damage":8,"enemies":"Orb Walker","floor":36,"turns":3},{"damage":18,"enemies":"Transient","floor":37,"turns":5},{"damage":0,"enemies":"Nemesis","floor":41,"turns":5},{"damage":0,"enemies":"Mind Bloom Boss Battle","floor":46,"turns":2},{"damage":24,"enemies":"Spire Growth","floor":47,"turns":4},{"damage":0,"enemies":"Donu and Deca","floor":50,"turns":7}],"seed_played":"-6419685458451556599","potions_obtained":[{"floor":3,"key":"Explosive Potion"},{"floor":5,"key":"EssenceOfSteel"},{"floor":16,"key":"SkillPotion"},{"floor":18,"key":"Strength Potion"},{"floor":27,"key":"Energy Potion"},{"floor":30,"key":"GamblersBrew"},{"floor":33,"key":"Dexterity Potion"},{"floor":37,"key":"SkillPotion"}],"is_trial":false,"path_per_floor":["M","?","M","M","M","R","M","R","T","M","R","M","M","$","R","B",null,"M","M","M","$","?","E","R","?","T","E","M","R","E","M","R","B",null,"M","M","M","$","?","R","E","R","T","?","R","?","M","?","R","B",null],"character_chosen":"DEFECT","items_purchased":["Oddly Smooth Stone","Melter","Meteor Strike","Capacitor","Frozen Eye"],"campfire_rested":0,"item_purchase_floors":[14,14,21,38,38],"current_hp_per_floor":[78,78,72,70,68,68,68,68,68,61,61,48,48,48,48,48,82,73,71,59,59,59,53,53,53,53,53,49,49,49,39,39,39,82,82,74,56,56,56,56,56,56,56,56,56,56,32,72,72,72],"gold":348,"neow_bonus":"TEN_PERCENT_HP_BONUS","is_prod":false,"is_daily":false,"chose_seed":false,"campfire_upgraded":11,"win_rate":0.0,"timestamp":1541809227,"path_taken":["M","?","?","M","M","R","M","R","T","M","R","M","M","$","R","BOSS","M","M","M","$","?","E","R","?","T","E","M","R","E","M","R","BOSS","M","M","M","$","?","R","E","R","T","?","R","?","M","?","R","BOSS"],"build_version":"2018-11-08","purchased_purges":1,"victory":true,"max_hp_per_floor":[82,82,82,82,82,82,82,82,82,82,82,82,82,82,82,82,82,82,82,82,82,82,82,82,82,82,82,82,82,82,82,82,82,82,82,82,82,82,82,82,82,82,82,82,82,82,82,72,72,72],"card_choices":[{"not_picked":["Sweeping Beam","Ball Lightning"],"picked":"Sunder","floor":1},{"not_picked":["Steam","Redo"],"picked":"Hologram","floor":3},{"not_picked":["Ball Lightning","Recycle"],"picked":"Sweeping Beam","floor":4},{"not_picked":["Go for the Eyes","Skim"],"picked":"Reinforced Body","floor":5},{"not_picked":["Rebound","Sweeping Beam"],"picked":"Consume","floor":7},{"not_picked":["Force Field","Ball Lightning"],"picked":"Capacitor","floor":10},{"not_picked":["Auto Shields","Barrage"],"picked":"Buffer","floor":12},{"not_picked":["White Noise","Hello World"],"picked":"Cold Snap","floor":13},{"not_picked":["Seek","Amplify"],"picked":"Echo Form","floor":16},{"not_picked":["Leap","Beam Cell"],"picked":"Compile Driver","floor":18},{"not_picked":["Reprogram","Go for the Eyes"],"picked":"Cold Snap","floor":19},{"not_picked":["Compile Driver","Gash+1"],"picked":"Coolheaded+1","floor":20},{"not_picked":["Static Discharge","Hologram"],"picked":"BootSequence+1","floor":23},{"not_picked":["Reinforced Body","Sweeping Beam"],"picked":"Heatsinks","floor":27},{"not_picked":["Machine Learning","Compile Driver"],"picked":"Capacitor","floor":28},{"not_picked":["Hologram","Skim"],"picked":"Tempest","floor":30},{"not_picked":["Cold Snap","Hologram"],"picked":"Streamline+1","floor":31},{"not_picked":["Echo Form","All For One"],"picked":"Meteor Strike","floor":33},{"not_picked":["Cold Snap+1","Beam Cell"],"picked":"Redo+1","floor":35},{"not_picked":["Hello World","Sweeping Beam"],"picked":"Streamline+1","floor":36},{"not_picked":["Gash","Sweeping Beam"],"picked":"Fusion+1","floor":37},{"not_picked":["Beam Cell","Stack+1"],"picked":"Force Field+1","floor":41},{"not_picked":["Purity","PanicButton"],"picked":"Finesse","floor":44},{"not_picked":["Gash","Turbo+1"],"picked":"Multi-Cast","floor":46},{"not_picked":["Rebound+1","BootSequence"],"picked":"Compile Driver","floor":47},{"not_picked":["Turbo","Conserve Battery+1"],"picked":"Fusion","floor":47}],"player_experience":113358,"relics_obtained":[{"floor":9,"key":"Boot"},{"floor":23,"key":"Bronze Scales"},{"floor":26,"key":"Dodecahedron"},{"floor":27,"key":"Gremlin Horn"},{"floor":30,"key":"PreservedInsect"},{"floor":41,"key":"Juzu Bracelet"},{"floor":43,"key":"Vajra"},{"floor":46,"key":"Prayer Wheel"}],"event_choices":[{"damage_healed":0,"gold_gain":100,"player_choice":"Pray","damage_taken":0,"max_hp_gain":0,"max_hp_loss":0,"event_name":"Golden Shrine","floor":2,"gold_loss":0},{"damage_healed":0,"gold_gain":99,"player_choice":"Stole From Cult","damage_taken":0,"max_hp_gain":0,"max_hp_loss":0,"event_name":"Nest","floor":22,"gold_loss":0},{"damage_healed":0,"gold_gain":0,"player_choice":"Simplicity","damage_taken":0,"max_hp_gain":0,"max_hp_loss":0,"event_name":"Back to Basics","floor":25,"gold_loss":0,"cards_upgraded":["Strike_B","Strike_B","Strike_B","Defend_B","Defend_B","Defend_B","Defend_B"]},{"cards_removed":["Streamline"],"damage_healed":0,"gold_gain":0,"player_choice":"Removed Attack","damage_taken":0,"max_hp_gain":0,"max_hp_loss":0,"event_name":"Falling","floor":39,"gold_loss":0},{"damage_healed":0,"gold_gain":0,"player_choice":"Memory 1","damage_taken":0,"max_hp_gain":0,"max_hp_loss":0,"event_name":"SensoryStone","floor":44,"gold_loss":0},{"damage_healed":0,"gold_gain":0,"player_choice":"Fight","damage_taken":0,"max_hp_gain":0,"max_hp_loss":0,"event_name":"MindBloom","floor":46,"gold_loss":0},{"damage_healed":72,"gold_gain":0,"player_choice":"Heal","damage_taken":0,"max_hp_gain":0,"max_hp_loss":10,"event_name":"The Moai Head","floor":48,"gold_loss":0}],"is_beta":true,"boss_relics":[{"not_picked":["Lizard Tail","Runic Pyramid"],"picked":"Snecko Eye"},{"not_picked":["Astrolabe","Busted Crown"],"picked":"Nuclear Battery"}],"items_purged_floors":[14],"is_endless":false,"potions_floor_spawned":[3,5,16,18,27,30,33,37,41,46],"ascension_level":0}