{"gold_per_floor":[116,133,148,66,141,141,166,166,244,263,54,70,97,111,111,206,206,221,58,0,72,91,91,104,104],"floor_reached":25,"playtime":712,"items_purged":["Warcry"],"score":262,"play_id":"b2c1b5b7-ebe6-4b5e-9fc6-836d700d4b1a","local_time":"20190320045737","is_ascension_mode":true,"campfire_choices":[{"data":"Rupture","floor":6,"key":"SMITH"},{"floor":15,"key":"REST"},{"floor":23,"key":"REST"}],"neow_cost":"CURSE","seed_source_timestamp":332084835269515,"circlet_count":0,"master_deck":["Strike_R","Strike_R","Strike_R","Strike_R","Defend_R","Defend_R","Defend_R","Bash","Pain","Dropkick","Thunderclap","Anger+1","Rupture+1","Demon Form","Twin Strike","Twin Strike","Blood for Blood","Heavy Blade","Demon Form","Perfected Strike","Madness","Metallicize"],"relics":["Burning Blood","Strawberry","Kunai","Brimstone","Omamori","Busted Crown","Ornamental Fan"],"potions_floor_usage":[3,3,10,25,25],"damage_taken":[{"damage":12,"enemies":"Small Slimes","floor":1,"turns":3},{"damage":15,"enemies":"Jaw Worm","floor":2,"turns":2},{"damage":2,"enemies":"2 Louse","floor":3,"turns":2},{"damage":39,"enemies":"3 Sentries","floor":7,"turns":7},{"damage":3,"enemies":"Large Slime","floor":10,"turns":4},{"damage":13,"enemies":"3 Louse","floor":12,"turns":3},{"damage":0,"enemies":"Gremlin Nob","floor":13,"turns":2},{"damage":20,"enemies":"2 Fungi Beasts","floor":14,"turns":3},{"damage":42,"enemies":"Slime Boss","floor":16,"turns":4},{"damage":39,"enemies":"2 Thieves","floor":18,"turns":3},{"damage":30,"enemies":"3 Byrds","floor":22,"turns":4},{"damage":40,"enemies":"Shelled Parasite and Fungi","floor":24,"turns":4},{"damage":36,"enemies":"Slavers","floor":25,"turns":3}],"seed_played":"8581162146574755809","potions_obtained":[{"floor":2,"key":"AttackPotion"},{"floor":3,"key":"Fruit Juice"},{"floor":7,"key":"SkillPotion"},{"floor":16,"key":"FearPotion"},{"floor":24,"key":"AttackPotion"}],"is_trial":false,"path_per_floor":["M","M","M","$","?","R","E","?","T","M","$","M","E","M","R","B",null,"M","$","?","T","M","R","M","E"],"character_chosen":"IRONCLAD","items_purchased":["Rupture","Brimstone","Madness"],"campfire_rested":2,"item_purchase_floors":[4,11,19],"current_hp_per_floor":[74,65,74,74,63,63,37,37,37,40,40,33,39,25,52,16,92,59,59,59,59,35,62,28,0],"gold":104,"neow_bonus":"TRANSFORM_TWO_CARDS","is_prod":false,"is_daily":false,"chose_seed":false,"campfire_upgraded":1,"win_rate":0,"timestamp":1553083057,"path_taken":["M","M","M","$","?","R","E","?","T","M","$","M","E","M","R","BOSS","M","$","?","?","M","R","M","E"],"build_version":"2019-01-23","purchased_purges":1,"victory":false,"max_hp_per_floor":[80,80,85,85,85,85,92,92,92,92,92,92,92,92,92,92,92,92,92,92,92,92,92,92,92],"card_choices":[{"not_picked":["Rage","Body Slam","Power Through"],"picked":"SKIP","floor":1},{"not_picked":["Ghostly Armor","Sword Boomerang"],"picked":"Thunderclap","floor":2},{"not_picked":["Havoc","Searing Blow"],"picked":"Anger","floor":3},{"not_picked":["Headbutt","Thunderclap"],"picked":"Demon Form","floor":7},{"not_picked":["Reckless Charge","True Grit"],"picked":"Twin Strike","floor":10},{"not_picked":["Anger","Burning Pact"],"picked":"Twin Strike","floor":12},{"not_picked":["Ghostly Armor","Anger"],"picked":"Blood for Blood","floor":13},{"not_picked":["Evolve","Wild Strike"],"picked":"Heavy Blade","floor":14},{"not_picked":["Exhume","Barricade"],"picked":"Demon Form","floor":16},{"not_picked":[],"picked":"Perfected Strike","floor":18},{"not_picked":[],"picked":"Metallicize","floor":22},{"not_picked":["True Grit"],"picked":"SKIP","floor":24}],"player_experience":372790,"relics_obtained":[{"floor":7,"key":"Strawberry"},{"floor":9,"key":"Kunai"},{"floor":13,"key":"Omamori"},{"floor":21,"key":"Ornamental Fan"}],"event_choices":[{"damage_healed":0,"gold_gain":75,"player_choice":"Gather Gold","damage_taken":11,"max_hp_gain":0,"max_hp_loss":0,"event_name":"World of Goop","floor":5,"gold_loss":0},{"damage_healed":0,"gold_gain":0,"player_choice":"Grow","damage_taken":0,"max_hp_gain":0,"max_hp_loss":0,"event_name":"Living Wall","floor":8,"gold_loss":0,"cards_upgraded":["Anger"]},{"damage_healed":0,"gold_gain":0,"player_choice":"Paid Fearfully","damage_taken":0,"max_hp_gain":0,"max_hp_loss":0,"event_name":"Masked Bandits","floor":20,"gold_loss":58}],"is_beta":false,"boss_relics":[{"not_picked":["Orrery","Ectoplasm"],"picked":"Busted Crown"}],"items_purged_floors":[19],"is_endless":false,"potions_floor_spawned":[2,3,7,16,24],"killed_by":"Slavers","ascension_level":2}