{"gold_per_floor":[119,133,34,34,49,49,49,49,49,75,104,116,116,126,126,226,226,243,168,168,83,99,99,199,199,199,199,218,218,228,238,238,340,340,352,697,772,787,800,830,830,843,868,868,888,888,693,693,693,693],"floor_reached":51,"playtime":1659,"items_purged":["Doubt"],"score":700,"play_id":"04ca5c10-8680-44df-a4f5-e6f554d26178","local_time":"20190210030339","is_ascension_mode":false,"campfire_choices":[{"data":"Twin Strike","floor":6,"key":"SMITH"},{"data":"Bandage Up","floor":8,"key":"SMITH"},{"floor":15,"key":"REST"},{"data":"Anger","floor":23,"key":"SMITH"},{"floor":25,"key":"REST"},{"data":"Feed","floor":32,"key":"SMITH"},{"floor":41,"key":"REST"},{"data":"Uppercut","floor":46,"key":"SMITH"},{"data":"Twin Strike","floor":49,"key":"SMITH"}],"neow_cost":"CURSE","seed_source_timestamp":1194511512440148,"circlet_count":0,"master_deck":["Strike_R","Strike_R","Strike_R","Strike_R","Defend_R","Defend_R","Defend_R","Bash","Panacea","Bandage Up+1","Twin Strike+1","Uppercut+1","Perfected Strike","Thunderclap+1","Twin Strike+1","Shrug It Off+1","Immolate+1","Anger+1","Necronomicurse","Spot Weakness+1","Rage+1","Feed+1","Clothesline+1","Shame","Writhe","Apotheosis+1","Bandage Up+1"],"relics":["Burning Blood","Toxic Egg 2","Odd Mushroom","Pen Nib","Runic Cube","Necronomicon","Letter Opener","Du-Vu Doll","Matryoshka","Bag of Marbles","Bottled Flame","Gremlin Horn","Cursed Key","Old Coin","Happy Flower","Red Skull","Whetstone"],"potions_floor_usage":[12,12,33,38,40,50],"damage_taken":[{"damage":5,"enemies":"Small Slimes","floor":1,"turns":4},{"damage":6,"enemies":"Jaw Worm","floor":2,"turns":3},{"damage":0,"enemies":"2 Louse","floor":5,"turns":2},{"damage":29,"enemies":"The Mushroom Lair","floor":10,"turns":4},{"damage":28,"enemies":"3 Sentries","floor":11,"turns":6},{"damage":4,"enemies":"Large Slime","floor":12,"turns":4},{"damage":9,"enemies":"Blue Slaver","floor":14,"turns":2},{"damage":75,"enemies":"Hexaghost","floor":16,"turns":10},{"damage":29,"enemies":"2 Thieves","floor":18,"turns":3},{"damage":0,"enemies":"Spheric Guardian","floor":22,"turns":1},{"damage":16,"enemies":"Colosseum Slavers","floor":24,"turns":3},{"damage":13,"enemies":"Colosseum Nobs","floor":24,"turns":4},{"damage":26,"enemies":"Shelled Parasite and Fungi","floor":28,"turns":3},{"damage":0,"enemies":"3 Cultists","floor":30,"turns":1},{"damage":7,"enemies":"Centurion and Healer","floor":31,"turns":3},{"damage":15,"enemies":"Collector","floor":33,"turns":5},{"damage":11,"enemies":"Orb Walker","floor":35,"turns":2},{"damage":32,"enemies":"2 Orb Walkers","floor":36,"turns":3},{"damage":3,"enemies":"3 Darklings","floor":38,"turns":2},{"damage":0,"enemies":"Jaw Worm Horde","floor":39,"turns":3},{"damage":59,"enemies":"Reptomancer","floor":40,"turns":3},{"damage":0,"enemies":"Transient","floor":42,"turns":5},{"damage":1,"enemies":"Sphere and 2 Shapes","floor":45,"turns":2},{"damage":60,"enemies":"Time Eater","floor":50,"turns":8}],"seed_played":"4106501932763287909","potions_obtained":[{"floor":5,"key":"Block Potion"},{"floor":10,"key":"Swift Potion"},{"floor":28,"key":"Explosive Potion"},{"floor":33,"key":"Strength Potion"},{"floor":35,"key":"Poison Potion"},{"floor":38,"key":"Block Potion"},{"floor":42,"key":"FairyPotion"}],"is_trial":false,"path_per_floor":["M","M","$","?","M","R","?","R","T","?","E","M","$","M","R","B",null,"M","?","?","?","M","R","?","R","T","$","M","?","M","M","R","B",null,"M","?","?","M","M","E","R","M","T","?","M","R","$","?","R","B",null],"character_chosen":"IRONCLAD","items_purchased":["Perfected Strike","Apotheosis+1"],"campfire_rested":3,"item_purchase_floors":[3,47],"current_hp_per_floor":[80,80,80,73,79,79,84,84,84,67,51,59,59,56,81,18,85,68,68,52,52,58,58,47,72,72,72,58,58,64,69,69,66,85,80,58,50,53,69,22,49,61,61,84,93,93,93,93,93,51],"gold":693,"neow_bonus":"RANDOM_COLORLESS_2","is_prod":false,"is_daily":false,"chose_seed":false,"campfire_upgraded":6,"win_rate":0,"timestamp":1549796619,"path_taken":["M","M","$","?","M","R","?","R","T","?","E","M","$","M","R","BOSS","M","?","?","?","M","R","?","R","T","$","M","?","M","M","R","BOSS","M","?","?","M","?","E","R","M","T","?","M","R","$","?","R","BOSS"],"build_version":"2019-01-23","purchased_purges":1,"victory":true,"max_hp_per_floor":[80,80,80,80,80,80,85,85,85,85,85,85,85,85,85,85,85,85,85,85,85,85,85,85,85,85,85,85,85,85,85,85,85,85,85,89,89,89,93,93,93,93,93,93,93,93,93,93,93,93],"card_choices":[{"not_picked":["Cleave","Feel No Pain"],"picked":"Twin Strike","floor":1},{"not_picked":["Thunderclap","Pommel Strike"],"picked":"Uppercut","floor":2},{"not_picked":["Corruption","Burning Pact"],"picked":"Thunderclap","floor":5},{"not_picked":["Power Through+1","Feel No Pain"],"picked":"Twin Strike","floor":10},{"not_picked":["Brutality","Perfected Strike","Evolve"],"picked":"SKIP","floor":11},{"not_picked":["Dropkick","Shrug It Off+1","Iron Wave"],"picked":"SKIP","floor":12},{"not_picked":["Body Slam","Reckless Charge"],"picked":"Shrug It Off+1","floor":14},{"not_picked":["Exhume+1","Double Tap+1"],"picked":"Immolate","floor":16},{"not_picked":["Sword Boomerang","Inflame"],"picked":"Anger","floor":18},{"not_picked":["Cleave","Bloodletting+1","Whirlwind"],"picked":"SKIP","floor":22},{"not_picked":["Armaments+1","Havoc+1"],"picked":"Spot Weakness+1","floor":24},{"not_picked":["Rupture","Headbutt"],"picked":"Rage+1","floor":28},{"not_picked":["Bloodletting+1","Wild Strike","Disarm+1"],"picked":"SKIP","floor":30},{"not_picked":["Flex+1","Anger"],"picked":"Feed","floor":31},{"not_picked":["Cleave","Infernal Blade+1"],"picked":"Clothesline+1","floor":35},{"not_picked":["Clash","Flex+1","Armaments+1"],"picked":"SKIP","floor":38},{"not_picked":["Clash","Cleave+1","Flex+1"],"picked":"SKIP","floor":39},{"not_picked":["Immolate","Rage+1","Shockwave+1"],"picked":"SKIP","floor":40},{"not_picked":["Pommel Strike","Blood for Blood","Uppercut"],"picked":"SKIP","floor":42},{"not_picked":["Armaments+1","Flex+1","Spot Weakness+1"],"picked":"SKIP","floor":45},{"not_picked":["Apotheosis+1","Jack Of All Trades+1"],"picked":"Bandage Up+1","floor":48}],"player_experience":250170,"relics_obtained":[{"floor":9,"key":"Toxic Egg 2"},{"floor":10,"key":"Odd Mushroom"},{"floor":11,"key":"Pen Nib"},{"floor":20,"key":"Necronomicon"},{"floor":24,"key":"Du-Vu Doll"},{"floor":24,"key":"Matryoshka"},{"floor":26,"key":"Bag of Marbles"},{"floor":26,"key":"Bottled Flame"},{"floor":36,"key":"Old Coin"},{"floor":40,"key":"Happy Flower"},{"floor":43,"key":"Red Skull"},{"floor":43,"key":"Whetstone"}],"event_choices":[{"cards_removed":["Strike_R"],"damage_healed":0,"gold_gain":0,"player_choice":"Card Removal","damage_taken":7,"max_hp_gain":0,"max_hp_loss":0,"event_name":"Golden Wing","floor":4,"gold_loss":0},{"damage_healed":0,"gold_gain":0,"player_choice":"Donut","damage_taken":0,"max_hp_gain":5,"max_hp_loss":0,"event_name":"Big Fish","floor":7,"gold_loss":0},{"damage_healed":0,"gold_gain":0,"player_choice":"Fought Mushrooms","damage_taken":0,"max_hp_gain":0,"max_hp_loss":0,"event_name":"Mushrooms","floor":10,"gold_loss":0},{"cards_removed":["Defend_R"],"damage_healed":0,"gold_gain":0,"player_choice":"Gave Gold","damage_taken":0,"max_hp_gain":0,"max_hp_loss":0,"event_name":"Beggar","floor":19,"gold_loss":75},{"damage_healed":0,"gold_gain":0,"player_choice":"Obtained Book","damage_taken":16,"max_hp_gain":0,"max_hp_loss":0,"event_name":"Cursed Tome","floor":20,"gold_loss":0},{"damage_healed":0,"gold_gain":0,"player_choice":"Obtained Relic","damage_taken":0,"relics_obtained":["Letter Opener"],"max_hp_gain":0,"max_hp_loss":0,"event_name":"Addict","floor":21,"gold_loss":85},{"damage_healed":0,"gold_gain":0,"player_choice":"Fight","damage_taken":0,"max_hp_gain":0,"max_hp_loss":0,"event_name":"Colosseum","floor":24,"gold_loss":0},{"damage_healed":0,"gold_gain":0,"player_choice":"Fought Nobs","damage_taken":0,"max_hp_gain":0,"max_hp_loss":0,"event_name":"Colosseum","floor":24,"gold_loss":0},{"damage_healed":0,"gold_gain":0,"player_choice":"Opened","damage_taken":0,"relics_obtained":["Gremlin Horn"],"max_hp_gain":0,"max_hp_loss":0,"event_name":"The Mausoleum","floor":29,"gold_loss":0},{"damage_healed":0,"gold_gain":0,"player_choice":"Fight","damage_taken":0,"max_hp_gain":0,"max_hp_loss":0,"event_name":"Mysterious Sphere","floor":36,"gold_loss":0},{"damage_healed":0,"gold_gain":75,"player_choice":"Touch","damage_taken":8,"max_hp_gain":0,"max_hp_loss":0,"event_name":"FaceTrader","floor":37,"gold_loss":0},{"damage_healed":23,"gold_gain":0,"player_choice":"Writhe","damage_taken":0,"max_hp_gain":0,"max_hp_loss":0,"event_name":"Winding Halls","floor":44,"gold_loss":0,"cards_obtained":["Writhe"]},{"damage_healed":0,"gold_gain":0,"player_choice":"Memory 1","damage_taken":0,"max_hp_gain":0,"max_hp_loss":0,"event_name":"SensoryStone","floor":48,"gold_loss":0}],"is_beta":false,"boss_relics":[{"not_picked":["Coffee Dripper","Pandora\u0027s Box"],"picked":"Runic Cube"},{"not_picked":["Calling Bell","Mark of Pain"],"picked":"Cursed Key"}],"items_purged_floors":[3],"is_endless":false,"potions_floor_spawned":[5,10,24,28,33,35,38,42],"ascension_level":0}