{"gold_per_floor":[364,289,306,12,12,46,46,71,151,151,179,179,179,234,234,309,309,322,322,172,172,172,199,83,83,107,107],"floor_reached":27,"playtime":850,"items_purged":["Pain","Pain"],"score":507,"play_id":"889204a1-5f1f-413f-b4ef-dde22eaf3ba7","local_time":"20181024234340","is_ascension_mode":true,"campfire_choices":[{"floor":7.0,"key":"REST"},{"floor":10.0,"key":"REST"},{"data":"Go for the Eyes","floor":12.0,"key":"SMITH"},{"data":"Streamline","floor":15,"key":"SMITH"},{"data":"Buffer","floor":25,"key":"SMITH"}],"neow_cost":"CURSE","seed_source_timestamp":1140959931457322,"circlet_count":0,"master_deck":["Strike_B+1","Strike_B+1","Strike_B+1","Strike_B+1","Defend_B+1","Defend_B+1","Defend_B+1","Defend_B+1","Zap","Dualcast","AscendersBane","Streamline+1","Go for the Eyes+1","Undo","Sweeping Beam","Ball Lightning","Buffer+1","Doubt","Glacier","Ghostly","Ghostly","Ghostly","Ghostly","Ghostly"],"special_seed":0,"relics":["Cracked Core","Membership Card","Happy Flower","Bag of Preparation","Bird Faced Urn","Singing Bowl","Juzu Bracelet","The Courier","Calling Bell","Strawberry","Sundial","WingedGreaves","Frozen Egg 2","Oddly Smooth Stone","Ancient Tea Set"],"potions_floor_usage":[23,23,27],"damage_taken":[{"damage":5.0,"enemies":"2 Louse","floor":1.0,"turns":3.0},{"damage":0.0,"enemies":"Cultist","floor":3.0,"turns":3.0},{"damage":38.0,"enemies":"Lagavulin","floor":6.0,"turns":7.0},{"damage":32.0,"enemies":"3 Sentries","floor":8.0,"turns":9.0},{"damage":6.0,"enemies":"Gremlin Nob","floor":11.0,"turns":3.0},{"damage":33,"enemies":"Gremlin Nob","floor":14,"turns":5},{"damage":23,"enemies":"Slime Boss","floor":16,"turns":8},{"damage":57,"enemies":"Spheric Guardian","floor":18,"turns":6},{"damage":9,"enemies":"Slavers","floor":23,"turns":7},{"damage":18,"enemies":"Book of Stabbing","floor":27,"turns":7}],"seed_played":"-3442210818307197192","potions_obtained":[{"floor":1.0,"key":"GamblersBrew"},{"floor":8.0,"key":"Energy Potion"},{"floor":11.0,"key":"Dexterity Potion"},{"floor":14,"key":"Explosive Potion"},{"floor":22,"key":"Fire Potion"}],"is_trial":false,"path_per_floor":["M","?","M","$","?","E","R","E","T","R","E","R","?","?","R","B",null,"M","?","$","?","?","E","$","R","T"],"character_chosen":"DEFECT","items_purchased":["Membership Card","Happy Flower","Frozen Egg 2","PowerPotion","FairyPotion"],"campfire_rested":2,"item_purchase_floors":[4,4,20,24,24],"current_hp_per_floor":[59,59,59,59,64,26,48,16,16,38,32,32,76,43,43,20,69,12,12,12,12,12,5,5,5,5,0],"gold":107,"neow_bonus":"TWO_FIFTY_GOLD","is_prod":false,"is_daily":false,"chose_seed":false,"campfire_upgraded":3,"win_rate":0,"timestamp":1540439020,"path_taken":["M","?","M","?","?","E","R","E","T","R","E","R","?","?","R","BOSS","M","?","$","?","?","E","$","R","T","E"],"build_version":"2018-10-18","purchased_purges":2,"victory":false,"max_hp_per_floor":[71,71,71,71,76,76,76,76,76,76,76,76,76,76,76,76,83,83,83,83,41,41,43,43,43,43,43],"card_choices":[{"not_picked":["Redo","Gash"],"picked":"Streamline","floor":1.0},{"not_picked":["Lockon","Sunder"],"picked":"Go for the Eyes","floor":3.0},{"not_picked":["Conserve Battery","Leap"],"picked":"Undo","floor":6.0},{"not_picked":["Rebound","Force Field"],"picked":"Sweeping Beam","floor":8.0},{"not_picked":["Chill","Hologram"],"picked":"Reinforced Body","floor":11.0},{"not_picked":["Tempest","Stack"],"picked":"Ball Lightning","floor":14},{"not_picked":["Amplify","Fission"],"picked":"Buffer","floor":16},{"not_picked":["Beam Cell","Doom and Gloom"],"picked":"Glacier","floor":18},{"not_picked":["Barrage","Compile Driver","Gash"],"picked":"Singing Bowl","floor":23}],"player_experience":1017567,"relics_obtained":[{"floor":6.0,"key":"Bag of Preparation"},{"floor":8.0,"key":"Bird Faced Urn"},{"floor":9.0,"key":"Singing Bowl"},{"floor":11.0,"key":"Juzu Bracelet"},{"floor":14,"key":"The Courier"},{"floor":17,"key":"Strawberry"},{"floor":17,"key":"Sundial"},{"floor":17,"key":"WingedGreaves"},{"floor":23,"key":"Oddly Smooth Stone"},{"floor":26,"key":"Ancient Tea Set"}],"event_choices":[{"cards_removed":["Decay"],"damage_healed":0.0,"max_hp_gain":0.0,"max_hp_loss":0.0,"gold_gain":0.0,"event_name":"The Cleric","player_choice":"Card Removal","floor":2.0,"gold_loss":75.0,"damage_taken":0.0},{"damage_healed":0.0,"max_hp_gain":5.0,"max_hp_loss":0.0,"gold_gain":0.0,"event_name":"Big Fish","player_choice":"Donut","floor":5.0,"gold_loss":0.0,"damage_taken":0.0},{"cards_removed":["Reinforced Body"],"damage_healed":44.0,"max_hp_gain":0.0,"max_hp_loss":0.0,"gold_gain":0.0,"event_name":"Bonfire Elementals","player_choice":"Offered Uncommon","floor":13.0,"gold_loss":0.0,"damage_taken":0.0},{"damage_healed":0,"gold_gain":0,"player_choice":"Searched \u00272\u0027 times","damage_taken":0,"max_hp_gain":0,"max_hp_loss":0,"event_name":"Dead Adventurer","floor":14,"gold_loss":0},{"damage_healed":0,"gold_gain":0,"player_choice":"Simplicity","damage_taken":0,"max_hp_gain":0,"max_hp_loss":0,"event_name":"Back to Basics","floor":19,"gold_loss":0,"cards_upgraded":["Strike_B","Strike_B","Strike_B","Strike_B","Defend_B","Defend_B","Defend_B","Defend_B"]},{"damage_healed":0,"gold_gain":0,"player_choice":"Became a Ghost","damage_taken":0,"max_hp_gain":0,"max_hp_loss":42,"event_name":"Ghosts","floor":21,"gold_loss":0,"cards_obtained":["Ghostly","Ghostly","Ghostly","Ghostly","Ghostly"]},{"damage_healed":0,"gold_gain":0,"player_choice":"Got Potions","damage_taken":0,"max_hp_gain":0,"max_hp_loss":0,"event_name":"The Lab","floor":22,"gold_loss":0}],"is_beta":false,"boss_relics":[{"not_picked":["Empty Cage","Ectoplasm"],"picked":"Calling Bell"}],"items_purged_floors":[20,24],"is_endless":false,"potions_floor_spawned":[1,8,11,14],"killed_by":"Book of Stabbing","ascension_level":20}