{"gold_per_floor":[111,122,140,152,152,152,184,184,210,225,225,252,266,266,266,357,357,373,394,364,387,158,192,192,228,296,314,314,347,272,286,286,379,379,400,416,416,437,114,114,133,133],"floor_reached":42,"playtime":2217,"items_purged":["Strike_G"],"score":1240,"play_id":"583850ec-ac38-43a7-b697-79f364968949","local_time":"20190323001756","is_ascension_mode":true,"campfire_choices":[{"data":"Deadly Poison","floor":6.0,"key":"SMITH"},{"data":"Wraith Form v2","floor":8.0,"key":"SMITH"},{"data":"Neutralize","floor":15.0,"key":"SMITH"},{"data":"Well Laid Plans","floor":24,"key":"SMITH"},{"data":"Corpse Explosion","floor":28,"key":"SMITH"},{"data":"Catalyst","floor":32,"key":"SMITH"},{"data":"Noxious Fumes","floor":40,"key":"SMITH"}],"neow_cost":"NONE","seed_source_timestamp":847440109517651,"circlet_count":0,"master_deck":["AscendersBane","Defend_G","Defend_G","Defend_G","Defend_G","Defend_G","Strike_G","Strike_G","Survivor","Neutralize+1","Wraith Form v2+1","PiercingWail","Die Die Die","Deadly Poison+1","Well Laid Plans+1","Endless Agony","Backflip","Blur","Corpse Explosion+1","Backflip","Deflect+1","PiercingWail","Catalyst+1","Night Terror","Noxious Fumes+1","Crippling Poison+1","Dark Shackles","PiercingWail","Poisoned Stab"],"special_seed":0,"relics":["Ring of the Snake","Kunai","Pear","Art of War","Girya","Strawberry","Golden Idol","Velvet Choker","ClockworkSouvenir","Oddly Smooth Stone","Anchor","Vajra","Cursed Key","OrangePellets"],"potions_floor_usage":[21,29,31,31,33,42],"damage_taken":[{"damage":5.0,"enemies":"Cultist","floor":1.0,"turns":5.0},{"damage":4.0,"enemies":"Small Slimes","floor":2.0,"turns":7.0},{"damage":9.0,"enemies":"Jaw Worm","floor":3.0,"turns":10.0},{"damage":0.0,"enemies":"3 Louse","floor":4.0,"turns":3.0},{"damage":23.0,"enemies":"Gremlin Nob","floor":7.0,"turns":5.0},{"damage":6.0,"enemies":"Red Slaver","floor":10.0,"turns":5.0},{"damage":0.0,"enemies":"Lagavulin","floor":12.0,"turns":8.0},{"damage":10.0,"enemies":"Large Slime","floor":13.0,"turns":7.0},{"damage":7.0,"enemies":"The Guardian","floor":16.0,"turns":12.0},{"damage":15,"enemies":"Shell Parasite","floor":18,"turns":8},{"damage":0,"enemies":"Spheric Guardian","floor":19,"turns":5},{"damage":15,"enemies":"Shelled Parasite and Fungi","floor":21,"turns":6},{"damage":9,"enemies":"Gremlin Leader","floor":23,"turns":10},{"damage":0,"enemies":"Slavers","floor":25,"turns":5},{"damage":2,"enemies":"Centurion and Healer","floor":27,"turns":6},{"damage":0,"enemies":"Gremlin Leader","floor":29,"turns":7},{"damage":0,"enemies":"Sentry and Sphere","floor":31,"turns":4},{"damage":0,"enemies":"Automaton","floor":33,"turns":3},{"damage":0,"enemies":"Orb Walker","floor":35,"turns":2},{"damage":0,"enemies":"3 Shapes","floor":36,"turns":3},{"damage":0,"enemies":"Jaw Worm Horde","floor":38,"turns":3},{"damage":0,"enemies":"Maw","floor":41,"turns":6},{"damage":69,"enemies":"Reptomancer","floor":42,"turns":2}],"seed_played":"2261326628691966403","potions_obtained":[{"floor":2.0,"key":"GhostInAJar"},{"floor":10.0,"key":"Weak Potion"},{"floor":12.0,"key":"GamblersBrew"},{"floor":13.0,"key":"LiquidBronze"},{"floor":20,"key":"Ancient Potion"},{"floor":20,"key":"EntropicBrew"},{"floor":21,"key":"GhostInAJar"},{"floor":31,"key":"SpeedPotion"},{"floor":36,"key":"PowerPotion"}],"is_trial":false,"path_per_floor":["M","M","M","M","T","R","E","R","T","M","?","E","M","?","R","B",null,"M","M","?","M","$","E","R","E","T","M","R","E","?","M","R","B",null,"M","M","?","M","$","R","M","E"],"character_chosen":"THE_SILENT","items_purchased":["ClockworkSouvenir","OrangePellets","PiercingWail"],"campfire_rested":0,"item_purchase_floors":[22,39,39],"current_hp_per_floor":[54,50,41,41,41,41,28,28,28,22,17,24,14,14,14,7,58,43,43,43,28,28,19,19,19,19,17,17,17,17,31,31,31,64,64,64,54,54,54,54,54,0],"gold":133,"neow_bonus":"TRANSFORM_CARD","is_prod":false,"is_daily":false,"chose_seed":false,"campfire_upgraded":7,"win_rate":0,"timestamp":1553314676,"path_taken":["M","M","?","M","?","R","E","R","T","M","?","E","M","?","R","BOSS","M","M","?","?","$","E","R","E","T","M","R","E","?","M","R","BOSS","M","M","?","M","$","R","M","E"],"build_version":"2019-03-15","purchased_purges":1,"victory":false,"max_hp_per_floor":[66,66,66,66,66,66,76,76,76,76,76,83,83,75,75,75,75,75,75,75,75,75,75,75,75,75,75,75,75,75,75,75,75,75,75,75,75,75,75,75,75,75],"card_choices":[{"not_picked":["Dodge and Roll","Deflect"],"picked":"PiercingWail","floor":1.0},{"not_picked":["Choke","Outmaneuver"],"picked":"Die Die Die","floor":2.0},{"not_picked":["Poisoned Stab","Calculated Gamble"],"picked":"Deadly Poison","floor":3.0},{"not_picked":["Outmaneuver","Flying Knee","Underhanded Strike"],"picked":"SKIP","floor":4.0},{"not_picked":["Bullet Time","Underhanded Strike"],"picked":"Well Laid Plans","floor":7.0},{"not_picked":["Prepared","Dash"],"picked":"Endless Agony","floor":10.0},{"not_picked":["Slice","Escape Plan"],"picked":"Backflip","floor":12.0},{"not_picked":["Prepared","Deflect"],"picked":"Blur","floor":13.0},{"not_picked":["Tools of the Trade","Unload"],"picked":"Corpse Explosion","floor":16.0},{"not_picked":["Deflect","Sucker Punch"],"picked":"Backflip","floor":18},{"not_picked":["Slice","Choke","Expertise"],"picked":"SKIP","floor":19},{"not_picked":["Blade Dance","Bane","Prepared"],"picked":"SKIP","floor":21},{"not_picked":["Cloak And Dagger+1","Prepared","Underhanded Strike+1"],"picked":"SKIP","floor":23},{"not_picked":["Escape Plan","Dagger Spray+1"],"picked":"Deflect+1","floor":25},{"not_picked":["Heel Hook","Poisoned Stab"],"picked":"PiercingWail","floor":27},{"not_picked":["Flying Knee","Dagger Throw","Deflect"],"picked":"SKIP","floor":29},{"not_picked":["Tactician","Concentrate"],"picked":"Catalyst","floor":31},{"not_picked":["Adrenaline","Tools of the Trade"],"picked":"Night Terror","floor":33},{"not_picked":["Expertise","Sucker Punch"],"picked":"Noxious Fumes","floor":35},{"not_picked":["Flechettes","Acrobatics"],"picked":"Crippling Poison+1","floor":36},{"not_picked":["Good Instincts","HandOfGreed"],"picked":"Dark Shackles","floor":37},{"not_picked":["Riddle With Holes","Underhanded Strike","Cloak And Dagger"],"picked":"SKIP","floor":38},{"not_picked":["Riddle With Holes+1","Masterful Stab+1"],"picked":"Poisoned Stab","floor":41}],"player_experience":1194660,"relics_obtained":[{"floor":5.0,"key":"Kunai"},{"floor":7.0,"key":"Pear"},{"floor":9.0,"key":"Art of War"},{"floor":12.0,"key":"Strawberry"},{"floor":23,"key":"Oddly Smooth Stone"},{"floor":25,"key":"Anchor"},{"floor":29,"key":"Vajra"}],"event_choices":[{"damage_healed":0.0,"max_hp_gain":0.0,"max_hp_loss":0.0,"gold_gain":0.0,"event_name":"Scrap Ooze","player_choice":"Success","floor":11.0,"gold_loss":0.0,"damage_taken":5.0,"relics_obtained":["Girya"]},{"damage_healed":0.0,"max_hp_gain":0.0,"max_hp_loss":8.0,"gold_gain":0.0,"event_name":"Golden Idol","player_choice":"Lose Max HP","floor":14.0,"gold_loss":0.0,"damage_taken":0.0,"relics_obtained":["Golden Idol"]},{"damage_healed":0,"gold_gain":0,"player_choice":"Bought 2 Potions","damage_taken":0,"max_hp_gain":0,"max_hp_loss":0,"event_name":"The Woman in Blue","floor":20,"gold_loss":0},{"cards_removed":["Strike_G"],"damage_healed":0,"gold_gain":0,"player_choice":"Gave Gold","damage_taken":0,"max_hp_gain":0,"max_hp_loss":0,"event_name":"Beggar","floor":30,"gold_loss":75},{"damage_healed":0,"gold_gain":0,"player_choice":"Memory 3","damage_taken":10,"max_hp_gain":0,"max_hp_loss":0,"event_name":"SensoryStone","floor":37,"gold_loss":0}],"is_beta":true,"boss_relics":[{"not_picked":["WristBlade","Astrolabe"],"picked":"Velvet Choker"},{"not_picked":["Orrery","Eternal Feather"],"picked":"Cursed Key"}],"items_purged_floors":[39],"is_endless":false,"potions_floor_spawned":[2,10,12,13,21,23,31,36,38,41],"killed_by":"Reptomancer","ascension_level":20}