{"gold_per_floor":[111,126,143,113,128,153,153,1,1,1,31,106,106,126,126,126],"floor_reached":16,"playtime":369,"items_purged":[],"score":176,"play_id":"5ef8cd56-3766-4eae-8af9-16944e4bee76","local_time":"20190205195307","is_ascension_mode":true,"campfire_choices":[{"data":"Bash","floor":7,"key":"SMITH"},{"data":"Carnage","floor":10,"key":"SMITH"},{"data":"Ghostly Armor","floor":15,"key":"SMITH"}],"neow_cost":"NONE","seed_source_timestamp":138777659565631,"circlet_count":0,"master_deck":["AscendersBane","Strike_R","Strike_R","Strike_R","Strike_R","Strike_R","Defend_R","Defend_R","Defend_R+1","Defend_R","Bash+1","Twin Strike","Headbutt","Intimidate+1","Carnage+1","Ghostly Armor+1","Power Through","Offering"],"relics":["Burning Blood","NeowsBlessing","Letter Opener","War Paint","Unceasing Top","StoneCalendar","Lantern"],"potions_floor_usage":[5,6,16],"damage_taken":[{"damage":0,"enemies":"Cultist","floor":1,"turns":1},{"damage":0,"enemies":"Small Slimes","floor":2,"turns":1},{"damage":0,"enemies":"2 Louse","floor":3,"turns":1},{"damage":18,"enemies":"Red Slaver","floor":5,"turns":4},{"damage":27,"enemies":"Lagavulin","floor":6,"turns":5},{"damage":6,"enemies":"Gremlin Nob","floor":11,"turns":3},{"damage":11,"enemies":"Large Slime","floor":14,"turns":5},{"damage":37,"enemies":"Slime Boss","floor":16,"turns":6}],"seed_played":"-1915608495131402295","potions_obtained":[{"floor":4,"key":"SkillPotion"},{"floor":4,"key":"Weak Potion"},{"floor":5,"key":"Fruit Juice"},{"floor":11,"key":"FearPotion"},{"floor":14,"key":"AttackPotion"}],"is_trial":false,"path_per_floor":["M","M","M","?","M","E","R","$","T","R","E","?","?","M","R","B"],"character_chosen":"IRONCLAD","items_purchased":["War Paint"],"campfire_rested":0,"item_purchase_floors":[8],"current_hp_per_floor":[78,80,80,80,73,52,52,52,52,52,52,41,41,36,36,0],"gold":126,"neow_bonus":"THREE_ENEMY_KILL","is_prod":false,"is_daily":false,"chose_seed":false,"campfire_upgraded":3,"win_rate":0,"timestamp":1549414387,"path_taken":["M","?","M","?","?","E","R","$","T","R","E","?","?","M","R","BOSS"],"build_version":"2019-01-23","purchased_purges":0,"victory":false,"max_hp_per_floor":[80,80,80,80,85,85,85,85,85,85,85,85,85,85,85,85],"card_choices":[{"not_picked":["Headbutt","Heavy Blade"],"picked":"Twin Strike","floor":1},{"not_picked":["Anger","Reckless Charge"],"picked":"Headbutt","floor":2},{"not_picked":["Rupture","Havoc"],"picked":"Intimidate","floor":3},{"not_picked":["Iron Wave","Combust"],"picked":"Carnage","floor":5},{"not_picked":["Flex","Uppercut"],"picked":"Ghostly Armor","floor":6},{"not_picked":["Sword Boomerang","Flex"],"picked":"Power Through","floor":11},{"not_picked":["Wild Strike","Headbutt"],"picked":"Offering","floor":14}],"player_experience":359782,"relics_obtained":[{"floor":6,"key":"Letter Opener"},{"floor":9,"key":"Unceasing Top"},{"floor":11,"key":"StoneCalendar"}],"event_choices":[{"damage_healed":0,"gold_gain":0,"player_choice":"Bought 2 Potions","damage_taken":0,"max_hp_gain":0,"max_hp_loss":0,"event_name":"The Woman in Blue","floor":4,"gold_loss":0},{"damage_healed":0,"gold_gain":75,"player_choice":"Gather Gold","damage_taken":11,"max_hp_gain":0,"max_hp_loss":0,"event_name":"World of Goop","floor":12,"gold_loss":0},{"damage_healed":0,"gold_gain":0,"player_choice":"Gave Potion","damage_taken":0,"relics_obtained":["Lantern"],"max_hp_gain":0,"max_hp_loss":0,"event_name":"WeMeetAgain","floor":13,"gold_loss":0}],"is_beta":true,"boss_relics":[],"items_purged_floors":[],"is_endless":false,"potions_floor_spawned":[5,11,14],"killed_by":"Slime Boss","ascension_level":12}