{"gold_per_floor":[113,129,148,148,223,223,278,278,301,336,336,336,347,376,376,451,451,468,220,239,257,257],"floor_reached":22,"playtime":1071,"items_purged":["Strike_G"],"score":438,"play_id":"6d987d4a-cf5a-464a-9ae2-e70f092985cd","local_time":"20181224201035","is_ascension_mode":true,"campfire_choices":[{"data":"Noxious Fumes","floor":6.0,"key":"SMITH"},{"floor":8.0,"key":"REST"},{"data":"Neutralize","floor":11.0,"key":"SMITH"},{"data":"Caltrops","floor":15.0,"key":"SMITH"}],"neow_cost":"NONE","seed_source_timestamp":0,"circlet_count":0,"master_deck":["AscendersBane","Defend_G","Defend_G","Defend_G","Defend_G","Defend_G","Strike_G","Strike_G","Strike_G","Survivor","Neutralize+1","Noxious Fumes+1","Backflip","Backflip","Backflip","Blur","Dodge and Roll","Caltrops+1","Bullet Time","Sucker Punch+1","After Image","PiercingWail","Corpse Explosion"],"special_seed":0,"relics":["Ring of the Snake","Pantograph","Snake Skull","Bag of Marbles","Dodecahedron","Eternal Feather"],"potions_floor_usage":[22,22],"damage_taken":[{"damage":6.0,"enemies":"Jaw Worm","floor":1.0,"turns":7.0},{"damage":2.0,"enemies":"2 Louse","floor":2.0,"turns":4.0},{"damage":6.0,"enemies":"Small Slimes","floor":3.0,"turns":5.0},{"damage":27.0,"enemies":"3 Sentries","floor":7.0,"turns":8.0},{"damage":5.0,"enemies":"Lagavulin","floor":10.0,"turns":8.0},{"damage":2.0,"enemies":"3 Louse","floor":13.0,"turns":3.0},{"damage":0.0,"enemies":"3 Sentries","floor":14.0,"turns":6.0},{"damage":41.0,"enemies":"Slime Boss","floor":16.0,"turns":12.0},{"damage":4.0,"enemies":"Spheric Guardian","floor":18.0,"turns":5.0},{"damage":9.0,"enemies":"Chosen","floor":20.0,"turns":6.0},{"damage":0.0,"enemies":"Snecko","floor":21.0,"turns":6.0},{"damage":2,"enemies":"Colosseum Slavers","floor":22,"turns":4},{"damage":43,"enemies":"Colosseum Nobs","floor":22,"turns":3}],"seed_played":"-5206904074611641784","potions_obtained":[{"floor":3.0,"key":"FearPotion"},{"floor":7.0,"key":"SpeedPotion"},{"floor":13.0,"key":"GamblersBrew"},{"floor":18.0,"key":"SpeedPotion"},{"floor":21.0,"key":"SkillPotion"}],"is_trial":false,"path_per_floor":["M","M","M","$","?","R","?","R","T","E","R","?","M","E","R","B",null,"M","$","M","M","?"],"character_chosen":"THE_SILENT","items_purchased":["After Image"],"campfire_rested":1,"item_purchase_floors":[19],"current_hp_per_floor":[59,57,51,51,40,40,13,34,34,29,29,22,20,20,20,4,55,51,51,42,42,0],"gold":257,"neow_bonus":"TEN_PERCENT_HP_BONUS","is_prod":false,"is_daily":false,"chose_seed":false,"campfire_upgraded":3,"win_rate":0,"timestamp":1545700235,"path_taken":["M","M","M","$","?","R","?","R","T","E","R","?","M","E","R","BOSS","M","$","M","M","?"],"build_version":"2018-12-20","purchased_purges":1,"victory":false,"max_hp_per_floor":[72,72,72,72,72,72,72,72,72,72,72,72,72,72,72,72,72,72,72,72,72,72],"card_choices":[{"not_picked":["Deadly Poison","Predator"],"picked":"Noxious Fumes","floor":1.0},{"not_picked":["Prepared","Distraction"],"picked":"Backflip","floor":2.0},{"not_picked":["Eviscerate","Slice"],"picked":"Backflip","floor":3.0},{"not_picked":["Deflect","Outmaneuver"],"picked":"Backflip","floor":7.0},{"not_picked":["Expertise","Sucker Punch"],"picked":"Blur","floor":10.0},{"not_picked":["Poisoned Stab","Finisher"],"picked":"Dodge and Roll","floor":13.0},{"not_picked":["Dodge and Roll","Deflect"],"picked":"Caltrops","floor":14.0},{"not_picked":["Envenom","Glass Knife"],"picked":"Bullet Time","floor":16.0},{"not_picked":["Dagger Spray","Infinite Blades"],"picked":"Sucker Punch+1","floor":18.0},{"not_picked":["Outmaneuver","Acrobatics"],"picked":"PiercingWail","floor":20.0},{"not_picked":["Dagger Spray+1","Blur"],"picked":"Corpse Explosion","floor":21.0}],"player_experience":918626,"relics_obtained":[{"floor":7.0,"key":"Pantograph"},{"floor":9.0,"key":"Snake Skull"},{"floor":10.0,"key":"Bag of Marbles"},{"floor":14.0,"key":"Dodecahedron"}],"event_choices":[{"damage_healed":0.0,"max_hp_gain":0.0,"max_hp_loss":0.0,"gold_gain":75.0,"event_name":"World of Goop","player_choice":"Gather Gold","floor":5.0,"gold_loss":0.0,"damage_taken":11.0},{"damage_healed":0.0,"max_hp_gain":0.0,"max_hp_loss":0.0,"gold_gain":30.0,"event_name":"Dead Adventurer","player_choice":"Searched \u00272\u0027 times","floor":7.0,"gold_loss":0.0,"damage_taken":0.0},{"cards_removed":["Strike_G"],"damage_healed":0.0,"max_hp_gain":0.0,"max_hp_loss":0.0,"gold_gain":0.0,"event_name":"Golden Wing","player_choice":"Card Removal","floor":12.0,"gold_loss":0.0,"damage_taken":7.0},{"damage_healed":0,"gold_gain":0,"player_choice":"Fight","damage_taken":0,"max_hp_gain":0,"max_hp_loss":0,"event_name":"Colosseum","floor":22,"gold_loss":0},{"damage_healed":0,"gold_gain":0,"player_choice":"Fought Nobs","damage_taken":0,"max_hp_gain":0,"max_hp_loss":0,"event_name":"Colosseum","floor":22,"gold_loss":0}],"is_beta":true,"boss_relics":[{"not_picked":["Coffee Dripper","Astrolabe"],"picked":"Eternal Feather"}],"items_purged_floors":[19],"is_endless":false,"potions_floor_spawned":[3,7,13,14,18,21,22],"killed_by":"Colosseum Nobs","ascension_level":20}