{"gold_per_floor":[365,376,426,444,444,444,478,478,478,490,515,515,532,551,551,626,626,638,638,298,312,330,330],"floor_reached":23,"playtime":980,"items_purged":["Regret"],"score":406,"play_id":"360a9134-96ae-4900-8efe-d4fb09af8a68","local_time":"20181104092331","is_ascension_mode":true,"campfire_choices":[{"data":"Bash","floor":6,"key":"SMITH"},{"data":"Clothesline","floor":8,"key":"SMITH"},{"data":"Evolve","floor":12,"key":"SMITH"},{"data":"Flex","floor":15,"key":"SMITH"}],"neow_cost":"TEN_PERCENT_HP_LOSS","seed_source_timestamp":87808781856707,"circlet_count":0,"master_deck":["AscendersBane","Strike_R","Strike_R","Strike_R","Strike_R","Strike_R","Defend_R","Defend_R","Defend_R","Defend_R","Bash+1","Infernal Blade","Evolve+1","Cleave","Clothesline+1","Battle Trance","Shrug It Off","Flex+1","Fiend Fire","Parasite","Regret","True Grit","Reckless Charge","Armaments","Inflame"],"special_seed":0,"relics":["Burning Blood","Darkstone Periapt","Meat on the Bone","Lantern","Calling Bell","Juzu Bracelet","The Courier","Bird Faced Urn","Enchiridion","Anchor","Red Skull"],"potions_floor_usage":[11,22,23],"damage_taken":[{"damage":7.0,"enemies":"Cultist","floor":1.0,"turns":4.0},{"damage":2.0,"enemies":"Jaw Worm","floor":2.0,"turns":4.0},{"damage":8,"enemies":"2 Louse","floor":4,"turns":3},{"damage":30,"enemies":"3 Sentries","floor":7,"turns":8},{"damage":11,"enemies":"Blue Slaver","floor":10,"turns":5},{"damage":20,"enemies":"Lagavulin","floor":11,"turns":5},{"damage":17,"enemies":"Large Slime","floor":13,"turns":5},{"damage":8,"enemies":"Looter","floor":14,"turns":3},{"damage":38,"enemies":"Slime Boss","floor":16,"turns":8},{"damage":20,"enemies":"Chosen","floor":18,"turns":4},{"damage":14,"enemies":"3 Byrds","floor":21,"turns":6},{"damage":40,"enemies":"Cultist and Chosen","floor":22,"turns":5},{"damage":42,"enemies":"Book of Stabbing","floor":23,"turns":4}],"seed_played":"-7313436431893859013","potions_obtained":[{"floor":2.0,"key":"AttackPotion"},{"floor":7,"key":"GamblersBrew"},{"floor":13,"key":"Regen Potion"},{"floor":14,"key":"Strength Potion"},{"floor":16,"key":"Fire Potion"}],"is_trial":false,"path_per_floor":["M","M","?","M","$","R","E","R","T","M","E","R","M","M","R","B",null,"M","?","$","M","M","E"],"character_chosen":"IRONCLAD","items_purchased":["Anchor","Red Skull","Reckless Charge"],"campfire_rested":0,"item_purchase_floors":[20,20,20],"current_hp_per_floor":[67,68,62,60,60,60,36,36,36,43,41,41,42,52,52,32,77,63,42,42,48,30,4],"gold":330,"neow_bonus":"TWO_FIFTY_GOLD","is_prod":false,"is_daily":false,"chose_seed":false,"campfire_upgraded":4,"win_rate":0,"timestamp":1541341411,"path_taken":["M","M","?","?","$","R","E","R","T","M","E","R","M","?","R","BOSS","M","?","$","M","M","E"],"build_version":"2018-11-02","purchased_purges":1,"victory":false,"max_hp_per_floor":[68,68,68,68,68,68,68,68,68,68,68,68,68,68,68,68,86,86,86,86,86,86,86],"card_choices":[{"not_picked":["Heavy Blade","Sword Boomerang"],"picked":"Infernal Blade","floor":1.0},{"not_picked":["Heavy Blade","Clash"],"picked":"Evolve","floor":2.0},{"not_picked":["Dropkick","Wild Strike"],"picked":"Cleave","floor":4},{"not_picked":["Spot Weakness","Entrench"],"picked":"Clothesline","floor":7},{"not_picked":["Armaments","Sword Boomerang"],"picked":"Battle Trance","floor":10},{"not_picked":["Twin Strike","Entrench","Sever Soul"],"picked":"SKIP","floor":11},{"not_picked":["Spot Weakness","Evolve"],"picked":"Shrug It Off","floor":13},{"not_picked":["Burning Pact","Pommel Strike"],"picked":"Flex","floor":14},{"not_picked":["Bludgeon","Impervious"],"picked":"Fiend Fire","floor":16},{"not_picked":["Dropkick","Rupture+1"],"picked":"True Grit","floor":18},{"not_picked":["Headbutt","Anger"],"picked":"Armaments","floor":21},{"not_picked":["Pommel Strike","Carnage"],"picked":"Inflame","floor":22}],"player_experience":835125,"relics_obtained":[{"floor":7,"key":"Darkstone Periapt"},{"floor":9,"key":"Meat on the Bone"},{"floor":11,"key":"Lantern"},{"floor":17,"key":"Juzu Bracelet"},{"floor":17,"key":"The Courier"},{"floor":17,"key":"Bird Faced Urn"},{"floor":19,"key":"Enchiridion"}],"event_choices":[{"damage_healed":0,"gold_gain":50,"player_choice":"Touch","damage_taken":6,"max_hp_gain":0,"max_hp_loss":0,"event_name":"FaceTrader","floor":3,"gold_loss":0},{"damage_healed":0,"gold_gain":0,"player_choice":"Obtained Book","damage_taken":21,"max_hp_gain":0,"max_hp_loss":0,"event_name":"Cursed Tome","floor":19,"gold_loss":0}],"is_beta":true,"boss_relics":[{"not_picked":["Empty Cage","Runic Cube"],"picked":"Calling Bell"}],"items_purged_floors":[20],"is_endless":false,"potions_floor_spawned":[2,7,13,14,16],"killed_by":"Book of Stabbing","ascension_level":20}