{"gold_per_floor":[112,112,187,187,187,214,12,22,22,49,142,169,169,188,188,260,260,280,294,64,83,98,131,131,156,156,166,166,186,219,20,20,92,92,112,23,23,23,23,23,58,92,92,92,123,0,26,37,37,37,37,37,37,37,68,68],"floor_reached":57,"playtime":4099,"items_purged":["Pain"],"score":3084,"play_id":"8bfe3ec2-9ec7-4511-b662-067de4635936","local_time":"20190323184138","is_ascension_mode":true,"campfire_choices":[{"floor":13,"key":"REST"},{"data":"Well Laid Plans","floor":15,"key":"SMITH"},{"floor":24,"key":"REST"},{"data":"Noxious Fumes","floor":28,"key":"SMITH"},{"floor":32,"key":"REST"},{"floor":40,"key":"REST"},{"floor":44,"key":"RECALL"},{"data":"Catalyst","floor":49,"key":"SMITH"},{"data":"Footwork","floor":53,"key":"SMITH"}],"neow_cost":"NONE","seed_source_timestamp":115961168150692,"circlet_count":0,"master_deck":["AscendersBane","Defend_G","Defend_G","Defend_G","Defend_G","Defend_G","Strike_G","Strike_G","Strike_G","Strike_G","Strike_G","Survivor","Neutralize","Bouncing Flask+1","PiercingWail","Dash","Well Laid Plans+1","Venomology","Backflip+1","Dash","Malaise","Bouncing Flask","Backflip","Predator","Noxious Fumes+1","Catalyst+1","Night Terror","Catalyst+1","Footwork+1"],"relics":["Ring of the Snake","NeowsBlessing","Snake Skull","WarpedTongs","Torii","Mercury Hourglass","Blood Vial","Tiny Chest","Juzu Bracelet","Black Star","TwistedFunnel","Calipers","Ninja Scroll","Mummified Hand","FossilizedHelix","Nunchaku","Turnip","WingedGreaves","Oddly Smooth Stone","Busted Crown","Pen Nib","Meat on the Bone","Shuriken","War Paint","Pear","PreservedInsect","Ornamental Fan","Red Mask","Regal Pillow","Smiling Mask","Pantograph","Paper Crane"],"potions_floor_usage":[11,11,12,12,16,18,19,19,21,21,22,22,22,23,25,27,29,30,30,30,33,33,41,42,47,48,50,50,51,51,56,56],"damage_taken":[{"damage":0,"enemies":"Jaw Worm","floor":1,"turns":1},{"damage":0,"enemies":"Lagavulin","floor":6,"turns":2},{"damage":0,"enemies":"Small Slimes","floor":8,"turns":1},{"damage":3,"enemies":"3 Sentries","floor":10,"turns":9},{"damage":13,"enemies":"Lagavulin Event","floor":11,"turns":4},{"damage":16,"enemies":"Gremlin Nob","floor":12,"turns":4},{"damage":0,"enemies":"2 Louse","floor":14,"turns":2},{"damage":9,"enemies":"Slime Boss","floor":16,"turns":12},{"damage":0,"enemies":"Chosen","floor":18,"turns":4},{"damage":2,"enemies":"Spheric Guardian","floor":19,"turns":4},{"damage":20,"enemies":"Cultist and Chosen","floor":21,"turns":5},{"damage":1,"enemies":"Centurion and Healer","floor":22,"turns":6},{"damage":40,"enemies":"Slavers","floor":23,"turns":5},{"damage":8,"enemies":"Gremlin Leader","floor":25,"turns":6},{"damage":0,"enemies":"3 Cultists","floor":27,"turns":3},{"damage":9,"enemies":"Sentry and Sphere","floor":29,"turns":5},{"damage":0,"enemies":"Slavers","floor":30,"turns":4},{"damage":16,"enemies":"Collector","floor":33,"turns":8},{"damage":29,"enemies":"3 Darklings","floor":35,"turns":4},{"damage":3,"enemies":"Nemesis","floor":41,"turns":5},{"damage":0,"enemies":"Giant Head","floor":42,"turns":4},{"damage":2,"enemies":"Nemesis","floor":45,"turns":5},{"damage":0,"enemies":"Giant Head","floor":47,"turns":4},{"damage":0,"enemies":"3 Shapes","floor":48,"turns":2},{"damage":16,"enemies":"Donu and Deca","floor":50,"turns":7},{"damage":2,"enemies":"Time Eater","floor":51,"turns":6},{"damage":31,"enemies":"Shield and Spear","floor":55,"turns":6},{"damage":48,"enemies":"The Heart","floor":56,"turns":11}],"seed_played":"-7382142631259384258","potions_obtained":[{"floor":10,"key":"GamblersBrew"},{"floor":11,"key":"LiquidBronze"},{"floor":14,"key":"Dexterity Potion"},{"floor":16,"key":"Ancient Potion"},{"floor":19,"key":"Dexterity Potion"},{"floor":21,"key":"GamblersBrew"},{"floor":23,"key":"Weak Potion"},{"floor":25,"key":"Swift Potion"},{"floor":30,"key":"Energy Potion"},{"floor":33,"key":"Poison Potion"}],"is_trial":false,"path_per_floor":["M","?","?","?","?","E","$","M","T","E","?","E","R","M","R","B",null,"M","M","$","M","M","E","R","E","T","M","R","M","E","$","R","B",null,"M","$","?","?","T","R","E","E","T","R","E","?","E","M","R","B","B",null,"R","$","E","B",null],"character_chosen":"THE_SILENT","items_purchased":["Dash","Well Laid Plans","TwistedFunnel","Oddly Smooth Stone","Catalyst","Catalyst"],"campfire_rested":4,"item_purchase_floors":[7,7,20,31,31,36],"current_hp_per_floor":[59,59,48,43,43,43,43,43,43,40,29,15,34,36,36,29,57,59,59,59,41,42,4,23,17,17,19,19,12,14,14,33,19,54,27,27,27,27,27,46,45,57,57,57,57,57,59,61,61,47,47,69,69,69,40,31],"gold":68,"neow_bonus":"THREE_ENEMY_KILL","is_prod":false,"is_daily":false,"chose_seed":false,"campfire_upgraded":4,"win_rate":0,"timestamp":1553380898,"path_taken":["M","?","?","?","?","E","$","?","T","E","?","E","R","M","R","BOSS","M","M","$","M","M","E","R","E","T","M","R","M","E","$","R","BOSS","M","$","?","?","?","R","E","E","T","R","E","?","E","M","R","BOSS","BOSS","R","$","E","BOSS"],"build_version":"2019-03-15","purchased_purges":1,"victory":true,"max_hp_per_floor":[66,66,66,66,66,66,66,66,66,66,66,66,66,66,66,66,66,66,66,66,66,66,66,66,66,66,66,66,66,66,66,66,66,66,66,66,66,66,66,66,66,76,76,76,76,76,76,76,76,76,76,76,76,76,76,76],"card_choices":[{"not_picked":["Blade Dance","Blur"],"picked":"Bouncing Flask","floor":1},{"not_picked":["Endless Agony","Blade Dance"],"picked":"PiercingWail","floor":6},{"not_picked":["Acrobatics","Eviscerate","Concentrate"],"picked":"SKIP","floor":8},{"not_picked":["Blade Dance","Flechettes"],"picked":"Venomology","floor":10},{"not_picked":["PiercingWail","Blade Dance"],"picked":"Backflip","floor":12},{"not_picked":["Predator","Distraction"],"picked":"Dash","floor":14},{"not_picked":["Glass Knife","Venomology"],"picked":"Malaise","floor":16},{"not_picked":["Deflect","Dagger Throw"],"picked":"Bouncing Flask","floor":18},{"not_picked":["Infinite Blades","Dagger Spray"],"picked":"Backflip","floor":19},{"not_picked":["Escape Plan","Deflect"],"picked":"Predator","floor":21},{"not_picked":["Eviscerate","PiercingWail+1","Blade Dance"],"picked":"SKIP","floor":22},{"not_picked":["Sucker Punch","Bane","Outmaneuver+1"],"picked":"SKIP","floor":23},{"not_picked":["Bane+1","Dagger Spray","Envenom"],"picked":"SKIP","floor":25},{"not_picked":["Sucker Punch","Deflect"],"picked":"Noxious Fumes","floor":27},{"not_picked":["Quick Slash+1","Poisoned Stab","Deadly Poison+1"],"picked":"SKIP","floor":29},{"not_picked":["Acrobatics","Flechettes","Eviscerate"],"picked":"SKIP","floor":30},{"not_picked":["Adrenaline","Storm of Steel"],"picked":"Night Terror","floor":33},{"not_picked":["Accuracy"],"picked":"SKIP","floor":35},{"not_picked":["Distraction+1"],"picked":"SKIP","floor":41},{"not_picked":["Acrobatics"],"picked":"SKIP","floor":42},{"not_picked":[],"picked":"Footwork","floor":45},{"not_picked":["Masterful Stab+1"],"picked":"SKIP","floor":47},{"not_picked":["PiercingWail"],"picked":"SKIP","floor":48},{"not_picked":["Blade Dance"],"picked":"SKIP","floor":55}],"player_experience":608666,"relics_obtained":[{"floor":6,"key":"Torii"},{"floor":9,"key":"Mercury Hourglass"},{"floor":10,"key":"Blood Vial"},{"floor":11,"key":"Tiny Chest"},{"floor":12,"key":"Juzu Bracelet"},{"floor":23,"key":"Calipers"},{"floor":23,"key":"Ninja Scroll"},{"floor":25,"key":"Mummified Hand"},{"floor":25,"key":"FossilizedHelix"},{"floor":26,"key":"Nunchaku"},{"floor":30,"key":"Turnip"},{"floor":30,"key":"WingedGreaves"},{"floor":39,"key":"Pen Nib"},{"floor":41,"key":"Meat on the Bone"},{"floor":41,"key":"Shuriken"},{"floor":42,"key":"War Paint"},{"floor":42,"key":"Pear"},{"floor":45,"key":"PreservedInsect"},{"floor":45,"key":"Ornamental Fan"},{"floor":47,"key":"Regal Pillow"},{"floor":47,"key":"Smiling Mask"},{"floor":55,"key":"Pantograph"},{"floor":55,"key":"Paper Crane"}],"event_choices":[{"damage_healed":0,"gold_gain":0,"player_choice":"Grow","damage_taken":0,"max_hp_gain":0,"max_hp_loss":0,"event_name":"Living Wall","floor":2,"gold_loss":0,"cards_upgraded":["Bouncing Flask"]},{"damage_healed":0,"gold_gain":75,"player_choice":"Gather Gold","damage_taken":11,"max_hp_gain":0,"max_hp_loss":0,"event_name":"World of Goop","floor":3,"gold_loss":0},{"damage_healed":0,"gold_gain":0,"player_choice":"Success","damage_taken":5,"relics_obtained":["Snake Skull"],"max_hp_gain":0,"max_hp_loss":0,"event_name":"Scrap Ooze","floor":4,"gold_loss":0},{"damage_healed":0,"gold_gain":0,"player_choice":"Rummage","damage_taken":0,"relics_obtained":["WarpedTongs"],"max_hp_gain":0,"max_hp_loss":0,"event_name":"Accursed Blacksmith","floor":5,"gold_loss":0,"cards_obtained":["Pain"]},{"damage_healed":0,"gold_gain":30,"player_choice":"Searched \u00272\u0027 times","damage_taken":0,"max_hp_gain":0,"max_hp_loss":0,"event_name":"Dead Adventurer","floor":11,"gold_loss":0},{"damage_healed":0,"gold_gain":0,"player_choice":"Memory 1","damage_taken":0,"max_hp_gain":0,"max_hp_loss":0,"event_name":"SensoryStone","floor":37,"gold_loss":0},{"damage_healed":0,"gold_gain":0,"player_choice":"Ignored","damage_taken":0,"max_hp_gain":0,"max_hp_loss":0,"event_name":"The Moai Head","floor":38,"gold_loss":0},{"damage_healed":0,"gold_gain":0,"player_choice":"Paid","damage_taken":0,"relics_obtained":["Red Mask"],"max_hp_gain":0,"max_hp_loss":0,"event_name":"Tomb of Lord Red Mask","floor":46,"gold_loss":123}],"is_beta":true,"boss_relics":[{"not_picked":["WristBlade","Snecko Eye"],"picked":"Black Star"},{"not_picked":["Astrolabe","Tiny House"],"picked":"Busted Crown"}],"items_purged_floors":[7],"is_endless":false,"potions_floor_spawned":[10,11,14,16,19,21,23,25,30,33,45,47,48],"ascension_level":20}