{"gold_per_floor":[119,119,67,67,67,67,101,101,101,130,130,130,150,170,170,243,243,262,262,282,299,299,330,330,359,359,359],"floor_reached":27,"playtime":703,"items_purged":[],"score":664,"play_id":"2819a099-2bd3-4027-838e-fba48c9f25da","local_time":"20181222133755","is_ascension_mode":true,"campfire_choices":[{"data":"Clothesline","floor":6,"key":"SMITH"},{"data":"Bash","floor":8,"key":"SMITH"},{"data":"Demon Form","floor":11,"key":"SMITH"},{"data":"Heavy Blade","floor":15,"key":"SMITH"},{"floor":24,"key":"REST"}],"neow_cost":"NONE","seed_source_timestamp":848608058025676,"circlet_count":0,"master_deck":["AscendersBane","Strike_R","Strike_R+1","Strike_R","Defend_R","Defend_R+1","Defend_R","Defend_R","Bash+1","Dropkick","Clothesline+1","Demon Form+1","Heavy Blade+1","Reaper","Limit Break","Cleave+1","Shockwave","Heavy Blade+1","Pommel Strike+1"],"relics":["Burning Blood","NeowsBlessing","Singing Bowl","The Courier","Shuriken","Anchor","Bag of Marbles","Mark of Pain","Dodecahedron","Matryoshka","Kunai","Red Skull","Pantograph"],"potions_floor_usage":[23,27],"damage_taken":[{"damage":0,"enemies":"Cultist","floor":1,"turns":1},{"damage":0,"enemies":"Lagavulin","floor":7,"turns":1},{"damage":0,"enemies":"Gremlin Nob","floor":10,"turns":1},{"damage":0,"enemies":"Jaw Worm","floor":13,"turns":3},{"damage":2,"enemies":"2 Louse","floor":14,"turns":3},{"damage":12,"enemies":"Hexaghost","floor":16,"turns":7},{"damage":22,"enemies":"Shell Parasite","floor":18,"turns":5},{"damage":19,"enemies":"Chosen","floor":20,"turns":4},{"damage":21,"enemies":"Snecko","floor":21,"turns":4},{"damage":44,"enemies":"Slavers","floor":23,"turns":7},{"damage":46,"enemies":"Gremlin Leader","floor":25,"turns":6},{"damage":8,"enemies":"Book of Stabbing","floor":27,"turns":2}],"seed_played":"-7061767409784998441","potions_obtained":[{"floor":1,"key":"Weak Potion"},{"floor":14,"key":"Explosive Potion"},{"floor":25,"key":"Block Potion"}],"is_trial":false,"path_per_floor":["M","?","$","?","T","R","E","R","T","E","R","?","M","M","R","B",null,"M","?","M","M","?","E","R","E","T","E"],"character_chosen":"IRONCLAD","items_purchased":["Clothesline"],"campfire_rested":1,"item_purchase_floors":[3],"current_hp_per_floor":[74,67,67,32,32,32,40,40,40,46,46,23,29,33,33,27,65,64,64,66,53,53,17,41,8,8,0],"gold":359,"neow_bonus":"THREE_ENEMY_KILL","is_prod":false,"is_daily":false,"chose_seed":false,"campfire_upgraded":4,"win_rate":0,"timestamp":1545503875,"path_taken":["M","?","$","?","?","R","E","R","T","E","R","?","?","M","R","BOSS","M","?","M","?","?","E","R","E","T","E"],"build_version":"2018-12-20","purchased_purges":0,"victory":false,"max_hp_per_floor":[75,75,75,75,75,75,77,77,77,77,77,77,77,77,77,77,77,77,77,77,79,79,81,81,81,81,81],"card_choices":[{"not_picked":["Havoc","Headbutt"],"picked":"Dropkick","floor":1},{"not_picked":["Wild Strike","Dual Wield","Thunderclap"],"picked":"Singing Bowl","floor":7},{"not_picked":["Flex","Disarm"],"picked":"Demon Form","floor":10},{"not_picked":["Perfected Strike","Power Through"],"picked":"Heavy Blade","floor":13},{"not_picked":["Havoc","Shrug It Off"],"picked":"Reaper","floor":14},{"not_picked":["Double Tap","Impervious"],"picked":"Limit Break","floor":16},{"not_picked":["Bloodletting","Heavy Blade"],"picked":"Cleave+1","floor":18},{"not_picked":["Anger","Cleave"],"picked":"Heavy Blade+1","floor":20},{"not_picked":["Double Tap","Body Slam+1","Intimidate+1"],"picked":"Singing Bowl","floor":21},{"not_picked":["Pommel Strike","Perfected Strike","Twin Strike"],"picked":"Singing Bowl","floor":23},{"not_picked":["Havoc","Heavy Blade"],"picked":"Pommel Strike+1","floor":25}],"player_experience":910443,"relics_obtained":[{"floor":5,"key":"The Courier"},{"floor":7,"key":"Shuriken"},{"floor":9,"key":"Anchor"},{"floor":10,"key":"Bag of Marbles"},{"floor":23,"key":"Matryoshka"},{"floor":25,"key":"Kunai"},{"floor":26,"key":"Red Skull"},{"floor":26,"key":"Pantograph"}],"event_choices":[{"cards_removed":["Strike_R"],"damage_healed":0,"gold_gain":0,"player_choice":"Card Removal","damage_taken":7,"max_hp_gain":0,"max_hp_loss":0,"event_name":"Golden Wing","floor":2,"gold_loss":0},{"damage_healed":0,"gold_gain":0,"player_choice":"Success","damage_taken":35,"relics_obtained":["Singing Bowl"],"max_hp_gain":0,"max_hp_loss":0,"event_name":"Scrap Ooze","floor":4,"gold_loss":0},{"damage_healed":0,"gold_gain":0,"player_choice":"Entered Light","damage_taken":23,"max_hp_gain":0,"max_hp_loss":0,"event_name":"Shining Light","floor":12,"gold_loss":0,"cards_upgraded":["Defend_R","Strike_R"]},{"damage_healed":0,"gold_gain":0,"cards_transformed":["Strike_R"],"player_choice":"Transformed","damage_taken":0,"max_hp_gain":0,"max_hp_loss":0,"event_name":"Transmorgrifier","floor":19,"gold_loss":0,"cards_obtained":["Shockwave"]},{"damage_healed":0,"gold_gain":0,"player_choice":"Gave Potion","damage_taken":0,"relics_obtained":["Dodecahedron"],"max_hp_gain":0,"max_hp_loss":0,"event_name":"WeMeetAgain","floor":22,"gold_loss":0}],"is_beta":true,"boss_relics":[{"not_picked":["Eternal Feather","Lizard Tail"],"picked":"Mark of Pain"}],"items_purged_floors":[],"is_endless":false,"potions_floor_spawned":[1,14,16,25],"killed_by":"Book of Stabbing","ascension_level":20}