{"gold_per_floor":[115,142,142,162,181,181,215,235,235,235,246,256,267,284,284,383,383,399,324,423,163,163,227,227],"floor_reached":24,"playtime":762,"items_purged":["Strike_R"],"score":243,"play_id":"f32fea68-ceb0-4985-b036-74c525f079df","local_time":"20190210022713","is_ascension_mode":false,"campfire_choices":[{"data":"Wild Strike","floor":6,"key":"SMITH"},{"data":"Anger","floor":10,"key":"SMITH"},{"data":"Perfected Strike","floor":15,"key":"SMITH"}],"neow_cost":"NONE","seed_source_timestamp":1193231717934901,"circlet_count":0,"master_deck":["Strike_R","Strike_R","Strike_R","Defend_R","Defend_R","Defend_R","Defend_R","Bash","Perfected Strike+1","Thunderclap","Wild Strike+1","Anger+1","Clothesline","Double Tap","Spot Weakness","Uppercut","Writhe","Corruption+1"],"relics":["Burning Blood","Potion Belt","Pear","Peace Pipe","Lizard Tail","Strawberry","Happy Flower","Tiny Chest"],"potions_floor_usage":[1,1,1,4,5,7,8,16,16,23],"damage_taken":[{"damage":6,"enemies":"Cultist","floor":1,"turns":5},{"damage":1,"enemies":"Jaw Worm","floor":4,"turns":3},{"damage":5,"enemies":"Small Slimes","floor":5,"turns":2},{"damage":26,"enemies":"3 Sentries","floor":7,"turns":6},{"damage":0,"enemies":"Blue Slaver","floor":8,"turns":1},{"damage":8,"enemies":"2 Fungi Beasts","floor":11,"turns":3},{"damage":10,"enemies":"Looter","floor":12,"turns":2},{"damage":6,"enemies":"3 Louse","floor":13,"turns":2},{"damage":3,"enemies":"Red Slaver","floor":14,"turns":2},{"damage":52,"enemies":"Hexaghost","floor":16,"turns":8},{"damage":10,"enemies":"Chosen","floor":18,"turns":3},{"damage":119,"enemies":"Slavers","floor":23,"turns":9},{"damage":44,"enemies":"Colosseum Slavers","floor":24,"turns":3}],"seed_played":"-1678471710555409736","potions_obtained":[{"floor":0,"key":"SneckoOil"},{"floor":0,"key":"EntropicBrew"},{"floor":0,"key":"Dexterity Potion"},{"floor":1,"key":"Energy Potion"},{"floor":5,"key":"EssenceOfSteel"},{"floor":7,"key":"Energy Potion"},{"floor":11,"key":"LiquidBronze"},{"floor":12,"key":"SpeedPotion"}],"is_trial":false,"path_per_floor":["M","T","$","M","M","R","E","M","T","R","M","M","M","M","R","B",null,"M","?","?","$","?","E","?"],"character_chosen":"IRONCLAD","items_purchased":["Uppercut","Strawberry"],"campfire_rested":0,"item_purchase_floors":[21,21],"current_hp_per_floor":[80,80,80,80,80,80,70,76,76,76,74,70,70,73,73,27,90,86,86,86,93,93,35,0],"gold":227,"neow_bonus":"THREE_SMALL_POTIONS","is_prod":false,"is_daily":false,"chose_seed":false,"campfire_upgraded":3,"win_rate":0,"timestamp":1549794433,"path_taken":["M","?","$","M","M","R","E","M","T","R","M","?","M","M","R","BOSS","M","?","?","$","?","E","?"],"build_version":"2019-01-23","purchased_purges":1,"victory":false,"max_hp_per_floor":[80,80,80,80,80,80,90,90,90,90,90,90,90,90,90,90,90,90,90,90,97,97,97,97],"card_choices":[{"not_picked":["Heavy Blade","Power Through"],"picked":"Perfected Strike","floor":1},{"not_picked":["Battle Trance","Sever Soul"],"picked":"Thunderclap","floor":4},{"not_picked":["Power Through","Cleave"],"picked":"Wild Strike","floor":5},{"not_picked":["Brutality","Whirlwind"],"picked":"Anger","floor":7},{"not_picked":["Wild Strike","Burning Pact","Clash"],"picked":"SKIP","floor":8},{"not_picked":["Entrench","Warcry"],"picked":"Clothesline","floor":11},{"not_picked":["Perfected Strike","Evolve","Shrug It Off"],"picked":"SKIP","floor":12},{"not_picked":["Fiend Fire","True Grit","Headbutt"],"picked":"SKIP","floor":13},{"not_picked":["Pommel Strike","Wild Strike","Feel No Pain"],"picked":"SKIP","floor":14},{"not_picked":["Demon Form","Brutality"],"picked":"Double Tap","floor":16},{"not_picked":["Iron Wave","Heavy Blade"],"picked":"Spot Weakness","floor":18},{"not_picked":["Shockwave","Thunderclap"],"picked":"Corruption+1","floor":23}],"player_experience":248912,"relics_obtained":[{"floor":2,"key":"Potion Belt"},{"floor":7,"key":"Pear"},{"floor":9,"key":"Peace Pipe"},{"floor":23,"key":"Tiny Chest"}],"event_choices":[{"cards_removed":["Strike_R"],"damage_healed":0,"gold_gain":0,"player_choice":"Gave Gold","damage_taken":0,"max_hp_gain":0,"max_hp_loss":0,"event_name":"Beggar","floor":19,"gold_loss":75},{"damage_healed":0,"gold_gain":99,"player_choice":"Stole From Cult","damage_taken":0,"max_hp_gain":0,"max_hp_loss":0,"event_name":"Nest","floor":20,"gold_loss":0},{"damage_healed":0,"gold_gain":0,"player_choice":"Opened","damage_taken":0,"relics_obtained":["Happy Flower"],"max_hp_gain":0,"max_hp_loss":0,"event_name":"The Mausoleum","floor":22,"gold_loss":0,"cards_obtained":["Writhe"]},{"damage_healed":0,"gold_gain":0,"player_choice":"Fight","damage_taken":0,"max_hp_gain":0,"max_hp_loss":0,"event_name":"Colosseum","floor":24,"gold_loss":0}],"is_beta":false,"boss_relics":[{"not_picked":["Sozu","Runic Dome"],"picked":"Lizard Tail"}],"items_purged_floors":[21],"is_endless":false,"potions_floor_spawned":[1,5,7,11,12],"killed_by":"Colosseum Slavers","ascension_level":0}