{"path_per_floor":["M","M","M","?","$","R","E","$","T","M","E","R","M","M","R","B",null,"M","M","$","?","?","R","M","?","T","R","$","M","M","M","R","B",null,"M","$","M","?","M","R","M","E","T","R"],"character_chosen":"DEFECT","items_purchased":["Defragment","Capacitor","Happy Flower","Cold Snap","Sunder","Omamori","Capacitor"],"gold_per_floor":[115,128,141,141,72,72,102,0,24,34,62,62,82,99,99,197,197,207,218,14,14,14,14,29,29,84,84,47,64,79,92,92,189,189,201,8,19,19,33,33,53,83,83,83,83],"floor_reached":45,"campfire_rested":2,"playtime":2481,"current_hp_per_floor":[38,37,37,75,75,75,55,55,55,38,1,25,25,25,25,24,82,56,47,47,47,41,41,32,32,32,32,32,21,14,14,26,20,41,41,41,27,27,27,27,14,14,14,14,0],"items_purged":["Strike_B"],"gold":83,"score":557,"play_id":"f2a2128c-d4ec-45e7-8ade-28da8be2e4de","local_time":"20180503162740","is_prod":false,"is_daily":false,"chose_seed":false,"is_ascension_mode":false,"campfire_upgraded":6,"timestamp":1525379260,"path_taken":["M","M","M","?","?","R","E","$","T","M","E","R","M","?","R","BOSS","M","M","$","?","?","R","M","?","T","R","$","M","?","M","R","BOSS","M","$","M","?","M","R","M","E","T","R","M"],"build_version":"2018-05-02","seed_source_timestamp":60705805404609,"purchased_purges":1,"victory":false,"master_deck":["Defend_B","Defend_B","Defend_B","Defend_B","Zap+1","Dualcast","BootSequence","Heatsinks+1","Reinforced Body","Force Field","Defragment","Tempest","Capacitor","Darkness","Chaos+1","Cold Snap","Leap","Creative AI+1","Coolheaded","Hologram","Cold Snap","Zap","Ghostly","Ghostly","Ghostly","Ghostly+1","Ghostly+1","Glacier","Sunder","Rebound","Capacitor+1","Creative AI","Ball Lightning","Capacitor","Stack+1","Capacitor+1","Cold Snap","Capacitor+1"],"max_hp_per_floor":[75,75,75,75,75,75,82,82,82,82,82,82,82,82,82,82,82,82,82,82,82,41,41,41,41,41,41,41,41,41,41,41,41,41,41,41,41,41,41,41,41,41,41,41,41],"relics":["Cracked Core","Strawberry","Bag of Preparation","Bronze Scales","Lizard Tail","Happy Flower","Orichalcum","Sozu","Omamori","Bag of Marbles","Gremlin Horn"],"card_choices":[{"not_picked":["Turbo","Axe Kick"],"picked":"Steam Power","floor":1},{"not_picked":["Reprogram","Impulse"],"picked":"Reinforced Body","floor":2},{"not_picked":["Axe Kick","Blizzard"],"picked":"Force Field","floor":3},{"not_picked":["Scrape","Capacitor"],"picked":"Tempest","floor":7},{"not_picked":["Reprogram","Beam Cell"],"picked":"Darkness","floor":10},{"not_picked":["Barrage","Sweeping Beam"],"picked":"Chaos","floor":11},{"not_picked":["Rebound","Leap"],"picked":"Cold Snap","floor":13},{"not_picked":["Hello World","Loop"],"picked":"Leap","floor":14},{"not_picked":["Seek","Fusion"],"picked":"Creative AI","floor":16},{"not_picked":["Static Discharge","Axe Kick"],"picked":"Coolheaded","floor":18},{"not_picked":["Go for the Eyes","Impulse"],"picked":"Hologram","floor":19},{"not_picked":["Darkness","Go for the Eyes"],"picked":"Glacier","floor":24},{"not_picked":["Hello World","White Noise"],"picked":"Streamline","floor":29},{"not_picked":["Sweeping Beam","Streamline"],"picked":"Rebound","floor":30},{"not_picked":["Amplify","Reprogram"],"picked":"Capacitor","floor":31},{"not_picked":["Biased Cognition","Reboot"],"picked":"Creative AI","floor":33},{"not_picked":["Rebound","Static Discharge"],"picked":"Ball Lightning","floor":35},{"not_picked":["Genetic Algorithm","Streamline"],"picked":"Stack","floor":37},{"not_picked":["Melter","Scrape"],"picked":"Capacitor","floor":39},{"not_picked":["Reinforced Body","Undo"],"picked":"Cold Snap","floor":41},{"not_picked":["Cold Snap","Hologram"],"picked":"Capacitor","floor":42}],"player_experience":82624,"potions_floor_usage":[11,16,19,19,33,33,45],"damage_taken":[{"damage":0,"enemies":"Jaw Worm","floor":1,"turns":4},{"damage":1,"enemies":"Cultist","floor":2,"turns":3},{"damage":0,"enemies":"Small Slimes","floor":3,"turns":4},{"damage":27,"enemies":"Lagavulin","floor":7,"turns":8},{"damage":17,"enemies":"Looter","floor":10,"turns":4},{"damage":37,"enemies":"Gremlin Nob","floor":11,"turns":5},{"damage":0,"enemies":"Large Slime","floor":13,"turns":4},{"damage":0,"enemies":"Blue Slaver","floor":14,"turns":3},{"damage":1,"enemies":"Hexaghost","floor":16,"turns":9},{"damage":26,"enemies":"Spheric Guardian","floor":18,"turns":5},{"damage":9,"enemies":"2 Thieves","floor":19,"turns":5},{"damage":9,"enemies":"Chosen and Byrds","floor":24,"turns":6},{"damage":11,"enemies":"Centurion and Healer","floor":29,"turns":8},{"damage":7,"enemies":"Snake Plant","floor":30,"turns":6},{"damage":0,"enemies":"Snecko","floor":31,"turns":4},{"damage":31,"enemies":"Automaton","floor":33,"turns":13},{"damage":0,"enemies":"3 Darklings","floor":35,"turns":8},{"damage":14,"enemies":"Orb Walker","floor":37,"turns":5},{"damage":0,"enemies":"Sphere and 2 Shapes","floor":39,"turns":8},{"damage":13,"enemies":"Maw","floor":41,"turns":8},{"damage":0,"enemies":"Nemesis","floor":42,"turns":11},{"damage":24,"enemies":"Spire Growth","floor":45,"turns":3}],"event_choices":[{"event_name":"Bonfire Elementals","player_choice":"UNCOMMON","floor":4,"damage_taken":0},{"event_name":"Match and Keep!","player_choice":"1 cards matched","floor":21,"damage_taken":0},{"event_name":"Ghosts","player_choice":"Became a Ghost","floor":22,"damage_taken":0},{"event_name":"Back to Basics","player_choice":"Elegance","floor":25,"damage_taken":0}],"boss_relics":[{"not_picked":["Orrery","Calling Bell"],"picked":"Lizard Tail"},{"not_picked":["Runic Dome","Astrolabe"],"picked":"Sozu"}],"potions_floor_spawned":[1,7,11,13,14,18,19,24,29,31,35],"seed_played":"2149375441414258507","killed_by":"Spire Growth","ascension_level":0,"is_trial":false}