{"gold_per_floor":[111,111,111,6,19,51,51,85,85,85,50,60,60,76,76,76],"floor_reached":16,"playtime":454,"items_purged":[],"score":113,"play_id":"48d7a697-aba1-4c43-a2f6-744c80d2f4fd","local_time":"20190306042809","is_ascension_mode":true,"campfire_choices":[{"floor":7,"key":"REST"},{"floor":10,"key":"REST"},{"data":"Cloak And Dagger","floor":15,"key":"SMITH"}],"neow_cost":"NONE","seed_source_timestamp":45318184374073,"circlet_count":0,"master_deck":["Defend_G","Defend_G","Defend_G","Defend_G","Defend_G","Strike_G+1","Strike_G","Strike_G","Strike_G+1","Survivor","Neutralize","Deflect","Dagger Spray","Infinite Blades+1","Poisoned Stab","Accuracy+1","Bouncing Flask","Cloak And Dagger+1"],"relics":["Ring of the Snake","Frozen Egg 2","Snake Skull","Nunchaku","Mercury Hourglass","Golden Idol"],"potions_floor_usage":[6,16],"damage_taken":[{"damage":3,"enemies":"Jaw Worm","floor":1,"turns":6},{"damage":6,"enemies":"Small Slimes","floor":5,"turns":3},{"damage":15,"enemies":"Gremlin Nob","floor":6,"turns":4},{"damage":19,"enemies":"3 Sentries","floor":8,"turns":6},{"damage":1,"enemies":"2 Louse","floor":12,"turns":2},{"damage":7,"enemies":"Blue Slaver","floor":14,"turns":3},{"damage":37,"enemies":"The Guardian","floor":16,"turns":7}],"seed_played":"7664016557179526635","potions_obtained":[{"floor":1,"key":"Block Potion"},{"floor":12,"key":"Energy Potion"}],"is_trial":false,"path_per_floor":["M","?","?","$","M","E","R","E","T","R","?","M","?","M","R","B"],"character_chosen":"THE_SILENT","items_purchased":["Infinite Blades+1","Poisoned Stab"],"campfire_rested":2,"item_purchase_floors":[4,4],"current_hp_per_floor":[67,55,41,41,35,20,41,22,22,43,60,59,42,35,35,0],"gold":76,"neow_bonus":"TRANSFORM_CARD","is_prod":false,"is_daily":false,"chose_seed":false,"campfire_upgraded":1,"win_rate":0,"timestamp":1551875289,"path_taken":["M","?","?","?","?","E","R","E","T","R","?","M","?","M","R","BOSS"],"build_version":"2019-01-23","purchased_purges":0,"victory":false,"max_hp_per_floor":[70,70,70,70,70,70,70,70,70,70,70,70,70,70,70,70],"card_choices":[{"not_picked":["Tactician","Prepared"],"picked":"Dagger Spray","floor":1},{"not_picked":["Cloak And Dagger","Dodge and Roll"],"picked":"Accuracy+1","floor":5},{"not_picked":["Deadly Poison","Deflect"],"picked":"Bouncing Flask","floor":6},{"not_picked":["Deadly Poison","Acrobatics","Finisher"],"picked":"SKIP","floor":8},{"not_picked":["Predator","Underhanded Strike","PiercingWail"],"picked":"SKIP","floor":12},{"not_picked":["Slice","Blur"],"picked":"Cloak And Dagger","floor":14}],"player_experience":309708,"relics_obtained":[{"floor":6,"key":"Snake Skull"},{"floor":8,"key":"Nunchaku"},{"floor":9,"key":"Mercury Hourglass"}],"event_choices":[{"damage_healed":0,"gold_gain":0,"player_choice":"Success","damage_taken":12,"relics_obtained":["Frozen Egg 2"],"max_hp_gain":0,"max_hp_loss":0,"event_name":"Scrap Ooze","floor":2,"gold_loss":0},{"damage_healed":0,"gold_gain":0,"player_choice":"Entered Light","damage_taken":14,"max_hp_gain":0,"max_hp_loss":0,"event_name":"Shining Light","floor":3,"gold_loss":0,"cards_upgraded":["Strike_G","Strike_G"]},{"damage_healed":17,"gold_gain":0,"player_choice":"Healed","damage_taken":0,"max_hp_gain":0,"max_hp_loss":0,"event_name":"The Cleric","floor":11,"gold_loss":35},{"damage_healed":0,"gold_gain":0,"player_choice":"Take Damage","damage_taken":17,"relics_obtained":["Golden Idol"],"max_hp_gain":0,"max_hp_loss":0,"event_name":"Golden Idol","floor":13,"gold_loss":0}],"is_beta":false,"boss_relics":[],"items_purged_floors":[],"is_endless":false,"potions_floor_spawned":[1,12],"killed_by":"The Guardian","ascension_level":1}