{"gold_per_floor":[118,131,151,165,182,182,216,230,230,249,269,269,303,35,35,137,137,154,173,92,105,124,124,154,154,199,199,199,199,228,256,256,354,354,374,390,403,403,32,32,32,49,49,68,68,85,95,95,95,95,95,95,3,29,29],"floor_reached":55,"playtime":4833,"items_purged":["Strike_B"],"score":1113,"play_id":"a5beaf38-8bdf-4ad8-a341-7afdb2ce5231","local_time":"20190129043456","is_ascension_mode":true,"campfire_choices":[{"data":"Zap","floor":6,"key":"SMITH"},{"floor":12,"key":"REST"},{"data":"Double Energy","floor":15,"key":"SMITH"},{"data":"Echo Form","floor":23,"key":"SMITH"},{"data":"Echo Form","floor":25,"key":"SMITH"},{"data":"White Noise","floor":28,"key":"SMITH"},{"data":"Hologram","floor":32,"key":"SMITH"},{"data":"Madness","floor":40,"key":"SMITH"},{"data":"Creative AI","floor":41,"key":"SMITH"},{"data":"FTL","floor":45,"key":"SMITH"},{"floor":49,"key":"RECALL"},{"data":"White Noise","floor":52,"key":"SMITH"}],"neow_cost":"PERCENT_DAMAGE","seed_source_timestamp":8673885364626,"circlet_count":0,"master_deck":["Defend_B","Defend_B","Defend_B","Zap+1","Dualcast","Multi-Cast","Hello World","Conserve Battery","Consume","FTL+1","Ball Lightning","Coolheaded","Hologram+1","Double Energy+1","Self Repair","Steam","Echo Form+1","White Noise+1","Echo Form+1","All For One","Cold Snap","Force Field","Finesse","Gash","Chill+1","Streamline","Rebound","Scrape","Scrape","Creative AI+1","Go for the Eyes","Go for the Eyes+1","Madness+1","Madness","Steam","Hologram+1","Aggregate+1","Turbo+1","White Noise+1","Echo Form+1","Gash","FTL"],"relics":["Cracked Core","Prayer Wheel","Unceasing Top","Bag of Preparation","DollysMirror","Busted Crown","The Courier","Centennial Puzzle","WingedGreaves","Pantograph","Nuclear Battery","Incense Burner","Oddly Smooth Stone","Strawberry"],"potions_floor_usage":[5,11,13,22,30,33,33,37,50,50,55,55],"damage_taken":[{"damage":1,"enemies":"Cultist","floor":1,"turns":3},{"damage":0,"enemies":"Small Slimes","floor":2,"turns":3},{"damage":1,"enemies":"2 Louse","floor":3,"turns":3},{"damage":11,"enemies":"Large Slime","floor":4,"turns":5},{"damage":7,"enemies":"3 Louse","floor":5,"turns":2},{"damage":21,"enemies":"3 Sentries","floor":7,"turns":8},{"damage":4,"enemies":"Red Slaver","floor":8,"turns":2},{"damage":0,"enemies":"Blue Slaver","floor":10,"turns":2},{"damage":7,"enemies":"Exordium Wildlife","floor":11,"turns":3},{"damage":2,"enemies":"Lagavulin","floor":13,"turns":6},{"damage":31,"enemies":"The Guardian","floor":16,"turns":9},{"damage":1,"enemies":"3 Byrds","floor":18,"turns":4},{"damage":10,"enemies":"Shell Parasite","floor":19,"turns":5},{"damage":12,"enemies":"Snecko","floor":21,"turns":5},{"damage":0,"enemies":"Sentry and Sphere","floor":22,"turns":4},{"damage":0,"enemies":"Gremlin Leader","floor":24,"turns":6},{"damage":11,"enemies":"Book of Stabbing","floor":30,"turns":5},{"damage":4,"enemies":"Gremlin Leader","floor":31,"turns":4},{"damage":29,"enemies":"Collector","floor":33,"turns":8},{"damage":2,"enemies":"3 Darklings","floor":35,"turns":3},{"damage":0,"enemies":"Orb Walker","floor":36,"turns":2},{"damage":7,"enemies":"Sphere and 2 Shapes","floor":37,"turns":4},{"damage":0,"enemies":"3 Darklings","floor":42,"turns":3},{"damage":0,"enemies":"Maw","floor":44,"turns":6},{"damage":0,"enemies":"Jaw Worm Horde","floor":46,"turns":3},{"damage":0,"enemies":"Spire Growth","floor":47,"turns":4},{"damage":0,"enemies":"Donu and Deca","floor":50,"turns":6},{"damage":0,"enemies":"Shield and Spear","floor":54,"turns":1},{"damage":95,"enemies":"The Heart","floor":55,"turns":6}],"seed_played":"8136639646892470632","potions_obtained":[{"floor":1,"key":"LiquidBronze"},{"floor":2,"key":"FairyPotion"},{"floor":3,"key":"Explosive Potion"},{"floor":7,"key":"Strength Potion"},{"floor":16,"key":"AttackPotion"},{"floor":19,"key":"Energy Potion"},{"floor":21,"key":"Weak Potion"},{"floor":24,"key":"SpeedPotion"},{"floor":31,"key":"Weak Potion"},{"floor":36,"key":"Fruit Juice"},{"floor":44,"key":"AttackPotion"},{"floor":47,"key":"AttackPotion"},{"floor":54,"key":"FearPotion"}],"is_trial":false,"path_per_floor":["M","M","M","M","M","R","E","M","T","M","M","R","E","$","R","B",null,"M","M","$","M","M","R","E","R","T","?","R","?","E","E","R","B",null,"M","M","M","?","$","R","R","M","T","M","R","M","M","?","R","B",null,"R","$","E","B"],"character_chosen":"DEFECT","items_purchased":["DollysMirror","Finesse","Incense Burner","Oddly Smooth Stone","Gash","FTL"],"campfire_rested":1,"item_purchase_floors":[14,20,39,39,53,53],"current_hp_per_floor":[49,49,48,37,30,30,9,5,5,5,14,36,48,48,48,24,62,75,75,75,70,75,75,75,75,75,75,75,61,57,60,60,58,75,80,80,85,74,74,74,74,81,81,85,85,85,85,85,85,85,85,85,85,92,0],"gold":29,"neow_bonus":"TRANSFORM_TWO_CARDS","is_prod":false,"is_daily":false,"chose_seed":false,"campfire_upgraded":10,"win_rate":0,"timestamp":1548754496,"path_taken":["M","M","M","M","M","R","E","M","T","?","M","R","E","$","R","BOSS","M","M","$","M","M","R","E","R","T","?","R","?","E","E","R","BOSS","M","M","M","?","$","R","R","M","T","M","R","M","M","?","R","BOSS","R","$","E","BOSS"],"build_version":"2019-01-23","purchased_purges":1,"victory":false,"max_hp_per_floor":[75,75,75,75,75,75,75,75,75,75,75,75,75,75,75,75,75,75,75,75,75,75,75,75,75,75,75,75,80,80,80,80,80,80,80,80,85,85,85,85,85,85,85,85,85,85,85,85,85,85,85,85,85,92,92],"card_choices":[{"not_picked":["Skim","Scrape"],"picked":"Conserve Battery","floor":1},{"not_picked":["Turbo","Beam Cell"],"picked":"Consume","floor":2},{"not_picked":["Ball Lightning","Turbo"],"picked":"FTL","floor":3},{"not_picked":["Turbo","Leap"],"picked":"Ball Lightning","floor":4},{"not_picked":["Beam Cell","Rebound"],"picked":"Coolheaded","floor":5},{"not_picked":["Static Discharge","Consume","Chaos"],"picked":"SKIP","floor":7},{"not_picked":["Hyperbeam","Coolheaded"],"picked":"Hologram","floor":8},{"not_picked":["Lockon","Blizzard"],"picked":"Double Energy","floor":8},{"not_picked":["Cold Snap","Stack"],"picked":"Self Repair","floor":10},{"not_picked":["Gash","Undo"],"picked":"Steam","floor":10},{"not_picked":["Gash","Stack"],"picked":"Echo Form","floor":11},{"not_picked":["Consume","Barrage","Rip and Tear"],"picked":"SKIP","floor":11},{"not_picked":["Lockon","FTL"],"picked":"White Noise","floor":13},{"not_picked":["Reboot","Hyperbeam"],"picked":"All For One","floor":16},{"not_picked":[],"picked":"Cold Snap","floor":18},{"not_picked":["Stack+1"],"picked":"SKIP","floor":18},{"not_picked":[],"picked":"Force Field","floor":19},{"not_picked":["Static Discharge"],"picked":"SKIP","floor":19},{"not_picked":[],"picked":"Gash","floor":21},{"not_picked":["Blizzard"],"picked":"SKIP","floor":21},{"not_picked":[],"picked":"Chill+1","floor":22},{"not_picked":["Stack"],"picked":"SKIP","floor":22},{"not_picked":[],"picked":"Streamline","floor":24},{"not_picked":[],"picked":"Scrape","floor":30},{"not_picked":["Rebound"],"picked":"SKIP","floor":31},{"not_picked":[],"picked":"Creative AI","floor":33},{"not_picked":["Compile Driver+1"],"picked":"SKIP","floor":35},{"not_picked":["Skim"],"picked":"SKIP","floor":35},{"not_picked":[],"picked":"Go for the Eyes","floor":36},{"not_picked":["Barrage"],"picked":"SKIP","floor":36},{"not_picked":[],"picked":"Go for the Eyes+1","floor":37},{"not_picked":["Recycle"],"picked":"SKIP","floor":37},{"not_picked":[],"picked":"Steam","floor":42},{"not_picked":[],"picked":"Hologram+1","floor":42},{"not_picked":[],"picked":"Aggregate+1","floor":44},{"not_picked":["Coolheaded"],"picked":"SKIP","floor":44},{"not_picked":[],"picked":"Turbo+1","floor":46},{"not_picked":["Melter"],"picked":"SKIP","floor":46},{"not_picked":[],"picked":"White Noise","floor":47},{"not_picked":[],"picked":"Echo Form","floor":47},{"not_picked":["Compile Driver+1"],"picked":"SKIP","floor":54}],"player_experience":285858,"relics_obtained":[{"floor":7,"key":"Prayer Wheel"},{"floor":9,"key":"Unceasing Top"},{"floor":13,"key":"Bag of Preparation"},{"floor":24,"key":"The Courier"},{"floor":26,"key":"Centennial Puzzle"},{"floor":30,"key":"WingedGreaves"},{"floor":31,"key":"Pantograph"},{"floor":54,"key":"Strawberry"}],"event_choices":[{"damage_healed":0,"gold_gain":0,"cards_transformed":["Strike_B","Defend_B"],"player_choice":"Became Test Subject","damage_taken":0,"max_hp_gain":0,"max_hp_loss":0,"event_name":"Drug Dealer","floor":27,"gold_loss":0,"cards_obtained":["Rebound","Scrape"]},{"damage_healed":0,"gold_gain":0,"player_choice":"Shed Blood","damage_taken":19,"max_hp_gain":5,"max_hp_loss":0,"event_name":"Forgotten Altar","floor":29,"gold_loss":0},{"damage_healed":0,"gold_gain":0,"player_choice":"Embrace Madness","damage_taken":11,"max_hp_gain":0,"max_hp_loss":0,"event_name":"Winding Halls","floor":38,"gold_loss":0,"cards_obtained":["Madness","Madness"]},{"damage_healed":0,"gold_gain":0,"player_choice":"Upgraded","damage_taken":0,"max_hp_gain":0,"max_hp_loss":0,"event_name":"Upgrade Shrine","floor":48,"gold_loss":0,"cards_upgraded":["Echo Form"]}],"is_beta":true,"boss_relics":[{"not_picked":["Calling Bell","Fusion Hammer"],"picked":"Busted Crown"},{"not_picked":["Empty Cage","FrozenCore"],"picked":"Nuclear Battery"}],"items_purged_floors":[14],"is_endless":false,"potions_floor_spawned":[1,2,3,7,8,16,19,21,24,31,36,44,47,54],"killed_by":"The Heart","ascension_level":6}