{"path_per_floor":["M","M","M","M","?","R","?","?","T","M","M","?","R","M","R","B",null,"M","?","M"],"character_chosen":"DEFECT","items_purchased":[],"gold_per_floor":[115,133,151,168,168,168,168,198,198,212,228,403,403,417,417,542,542,565,565,588,588],"floor_reached":21,"campfire_rested":2,"playtime":696,"item_purchase_floors":[],"current_hp_per_floor":[73,69,63,52,34,56,61,61,61,61,56,56,56,34,58,2,80,67,67,31,0],"items_purged":[],"gold":588,"score":173,"play_id":"bf906919-981f-4dea-9166-1fd6273ba4f9","local_time":"20180608090325","is_prod":false,"is_daily":false,"chose_seed":false,"is_ascension_mode":false,"campfire_upgraded":1,"win_rate":0.0,"timestamp":1528473805,"campfire_choices":[{"floor":6,"key":"REST"},{"data":"Zap","floor":13,"key":"SMITH"},{"floor":15,"key":"REST"}],"path_taken":["M","M","M","M","?","R","?","?","T","M","M","?","R","M","R","BOSS","M","?","M","M"],"build_version":"2018-06-07","seed_source_timestamp":1414227098681013,"purchased_purges":0,"victory":false,"master_deck":["Strike_B","Strike_B","Strike_B+1","Strike_B","Defend_B","Defend_B","Defend_B","Defend_B","Zap+1","Dualcast","Melter+1","Ball Lightning","Beam Cell","Storm","Doubt","Sunder","Electrodynamics","Decay","Redo+1"],"max_hp_per_floor":[75,75,75,75,75,75,80,80,80,80,80,80,80,80,80,80,80,80,80,80,80],"relics":["Cracked Core","Golden Idol","Whetstone","Inserter"],"card_choices":[{"not_picked":["Turbo","Beam Cell"],"picked":"Melter","floor":0},{"not_picked":["Cold Snap","Force Field","Auto Shields"],"picked":"SKIP","floor":1},{"not_picked":["Beam Cell","Darkness"],"picked":"Ball Lightning","floor":2},{"not_picked":["Aggregate","Steam Power"],"picked":"Beam Cell","floor":3},{"not_picked":["Steam","Chaos","Multi-Cast"],"picked":"SKIP","floor":4},{"not_picked":["Aggregate","Cold Snap","Steam"],"picked":"SKIP","floor":10},{"not_picked":["Glacier","Reinforced Body"],"picked":"Storm","floor":11},{"not_picked":["Streamline","Compile Driver"],"picked":"Sunder","floor":14},{"not_picked":["Thunder Strike","Buffer"],"picked":"Electrodynamics","floor":16},{"not_picked":["Coolheaded","Turbo","Beam Cell"],"picked":"SKIP","floor":18},{"not_picked":["Sweeping Beam","Turbo"],"picked":"Redo+1","floor":20}],"player_experience":160122,"potions_floor_usage":[14,21,21],"damage_taken":[{"damage":2,"enemies":"Jaw Worm","floor":1,"turns":4},{"damage":4,"enemies":"Small Slimes","floor":2,"turns":4},{"damage":6,"enemies":"Cultist","floor":3,"turns":3},{"damage":11,"enemies":"2 Fungi Beasts","floor":4,"turns":3},{"damage":0,"enemies":"Large Slime","floor":10,"turns":3},{"damage":5,"enemies":"Looter","floor":11,"turns":2},{"damage":22,"enemies":"Exordium Thugs","floor":14,"turns":5},{"damage":56,"enemies":"The Guardian","floor":16,"turns":10},{"damage":13,"enemies":"Chosen","floor":18,"turns":4},{"damage":36,"enemies":"Shell Parasite","floor":20,"turns":5},{"damage":32,"enemies":"Centurion and Healer","floor":21,"turns":4}],"relics_obtained":[{"floor":9,"key":"Whetstone"}],"event_choices":[{"event_name":"Golden Idol","player_choice":"Take Damage","floor":5,"damage_taken":0},{"event_name":"Big Fish","player_choice":"Donut","floor":7,"damage_taken":0},{"event_name":"Dead Adventurer","player_choice":"Searched \u00272\u0027 times","floor":8,"damage_taken":0},{"event_name":"Liars Game","player_choice":"agreed","floor":12,"damage_taken":0},{"event_name":"Wheel of Change","player_choice":"Curse","floor":19,"damage_taken":0}],"boss_relics":[{"not_picked":["Calling Bell","Cursed Key"],"picked":"Inserter"}],"items_purged_floors":[],"potions_floor_spawned":[3,10,18,20],"seed_played":"-5835974764583201092","killed_by":"Centurion and Healer","ascension_level":0,"potions_obtained":[{"floor":3,"key":"Dexterity Potion"},{"floor":10,"key":"SteroidPotion"},{"floor":18,"key":"LiquidBronze"},{"floor":20,"key":"Explosive Potion"}],"is_trial":false}