{"gold_per_floor":[116,116,133,133,147,185,185,42,42,42,67,67,67,83,83,204,204,220,210,210,210,210,210,254,254,322,322,356,183,183,202,202,332,332,353,377,41,59,79,79,79],"floor_reached":41,"playtime":1642,"items_purged":[],"score":475,"play_id":"cc8829a1-3c23-488a-9320-afaff0736927","local_time":"20190228044030","is_ascension_mode":true,"campfire_choices":[{"floor":7,"key":"REST"},{"data":"Deadly Poison","floor":10,"key":"SMITH"},{"data":"Dash","floor":13,"key":"SMITH"},{"data":"Bouncing Flask","floor":15,"key":"SMITH"},{"data":"Deadly Poison","floor":23,"key":"SMITH"},{"data":"Leg Sweep","floor":27,"key":"SMITH"},{"data":"Poisoned Stab","floor":30,"key":"SMITH"},{"data":"Poisoned Stab","floor":32,"key":"SMITH"},{"floor":40,"key":"REST"}],"neow_cost":"NONE","seed_source_timestamp":649719568359307,"circlet_count":0,"master_deck":["Defend_G","Defend_G","Defend_G","Defend_G","Strike_G","Strike_G","Strike_G","Strike_G","Survivor+1","Neutralize+1","Deadly Poison+1","Poisoned Stab+1","Dash+1","Bouncing Flask+1","Deadly Poison+1","Poisoned Stab+1","Riddle With Holes","Leg Sweep+1","Bane+1","Caltrops+1","Tools of the Trade+1","Prepared+1","Well Laid Plans+1","Bandage Up+1","Backstab","Dagger Spray+1"],"relics":["Ring of the Serpent","Golden Idol","Matryoshka","PreservedInsect","Frozen Egg 2","Sundial","White Beast Statue","Calipers","Dream Catcher","Du-Vu Doll","Toxic Egg 2"],"potions_floor_usage":[6,22,24,28,31,31,33,33,38,38,39,41],"damage_taken":[{"damage":1,"enemies":"Small Slimes","floor":1,"turns":4},{"damage":1,"enemies":"Cultist","floor":3,"turns":4},{"damage":0,"enemies":"2 Louse","floor":5,"turns":2},{"damage":21,"enemies":"Gremlin Nob","floor":6,"turns":4},{"damage":0,"enemies":"Looter","floor":11,"turns":3},{"damage":0,"enemies":"Blue Slaver","floor":14,"turns":3},{"damage":21,"enemies":"Hexaghost","floor":16,"turns":7},{"damage":0,"enemies":"Chosen","floor":18,"turns":4},{"damage":19,"enemies":"2 Thieves","floor":19,"turns":4},{"damage":20,"enemies":"Colosseum Slavers","floor":22,"turns":5},{"damage":31,"enemies":"Gremlin Leader","floor":24,"turns":4},{"damage":11,"enemies":"Book of Stabbing","floor":28,"turns":5},{"damage":14,"enemies":"Snake Plant","floor":31,"turns":4},{"damage":62,"enemies":"Automaton","floor":33,"turns":8},{"damage":22,"enemies":"Orb Walker","floor":35,"turns":4},{"damage":27,"enemies":"3 Darklings","floor":36,"turns":6},{"damage":24,"enemies":"Sphere and 2 Shapes","floor":38,"turns":3},{"damage":20,"enemies":"Maw","floor":39,"turns":8},{"damage":59,"enemies":"Giant Head","floor":41,"turns":8}],"seed_played":"-5487160700193150978","potions_obtained":[{"floor":3,"key":"SteroidPotion"},{"floor":14,"key":"Regen Potion"},{"floor":18,"key":"Ancient Potion"},{"floor":19,"key":"SpeedPotion"},{"floor":24,"key":"LiquidBronze"},{"floor":28,"key":"Fruit Juice"},{"floor":31,"key":"Energy Potion"},{"floor":33,"key":"SteroidPotion"},{"floor":35,"key":"GamblersBrew"},{"floor":36,"key":"Explosive Potion"},{"floor":38,"key":"AttackPotion"},{"floor":39,"key":"SpeedPotion"}],"is_trial":false,"path_per_floor":["M","?","M","?","M","E","R","$","T","R","M","?","R","M","R","B",null,"M","M","?","?","?","R","E","?","T","R","E","$","R","M","R","B",null,"M","M","$","M","M","R","E"],"character_chosen":"THE_SILENT","items_purchased":["PreservedInsect","Caltrops+1","Fruit Juice","Toxic Egg 2","Bandage Up+1"],"campfire_rested":2,"item_purchase_floors":[8,29,29,37,37],"current_hp_per_floor":[69,69,68,51,51,30,51,51,51,51,51,51,51,51,51,30,70,70,51,51,51,46,46,15,80,80,80,69,69,69,65,65,3,90,68,41,41,23,9,36,0],"gold":79,"neow_bonus":"UPGRADE_CARD","is_prod":false,"is_daily":false,"chose_seed":false,"campfire_upgraded":7,"win_rate":0,"timestamp":1551357630,"path_taken":["M","?","?","?","M","E","R","$","T","R","M","?","R","M","R","BOSS","M","M","?","?","?","R","E","?","T","R","E","$","R","M","R","BOSS","M","M","$","M","M","R","E"],"build_version":"2019-01-23","purchased_purges":0,"victory":false,"max_hp_per_floor":[70,70,70,70,70,70,70,70,70,70,70,70,70,70,70,70,70,70,70,70,70,70,70,70,80,80,80,80,80,80,90,90,90,90,90,90,90,90,90,90,90],"card_choices":[{"not_picked":["Blade Dance","Deflect"],"picked":"Deadly Poison","floor":1},{"not_picked":["Acrobatics","Sucker Punch"],"picked":"Poisoned Stab","floor":3},{"not_picked":["Heel Hook","Acrobatics","Deflect"],"picked":"SKIP","floor":5},{"not_picked":["Expertise","Footwork"],"picked":"Dash","floor":6},{"not_picked":["Heel Hook","Flying Knee","Terror"],"picked":"SKIP","floor":11},{"not_picked":["Tactician","Calculated Gamble"],"picked":"Bouncing Flask","floor":14},{"not_picked":["Acrobatics","Dagger Throw"],"picked":"Deadly Poison","floor":18},{"not_picked":["Underhanded Strike","Outmaneuver+1"],"picked":"Poisoned Stab","floor":19},{"not_picked":["Prepared","Footwork+1"],"picked":"Leg Sweep","floor":24},{"not_picked":["Concentrate","Flechettes+1"],"picked":"Bane+1","floor":28},{"not_picked":["Blade Dance","Acrobatics","Backflip"],"picked":"SKIP","floor":31},{"not_picked":["Storm of Steel","Adrenaline"],"picked":"Tools of the Trade+1","floor":33},{"not_picked":["Deflect","Cloak And Dagger+1"],"picked":"Prepared+1","floor":35},{"not_picked":["Acrobatics+1","Backflip"],"picked":"Well Laid Plans+1","floor":36},{"not_picked":["Blade Dance+1","Footwork+1"],"picked":"Backstab","floor":38},{"not_picked":["Dodge and Roll+1","Cloak And Dagger+1"],"picked":"Dagger Spray+1","floor":39}],"player_experience":287919,"relics_obtained":[{"floor":6,"key":"Matryoshka"},{"floor":9,"key":"Frozen Egg 2"},{"floor":9,"key":"Sundial"},{"floor":24,"key":"Calipers"},{"floor":26,"key":"Dream Catcher"},{"floor":28,"key":"Du-Vu Doll"}],"event_choices":[{"damage_healed":0,"gold_gain":0,"player_choice":"Upgraded","damage_taken":0,"max_hp_gain":0,"max_hp_loss":0,"event_name":"Upgrade Shrine","floor":2,"gold_loss":0,"cards_upgraded":["Neutralize"]},{"damage_healed":0,"gold_gain":0,"player_choice":"Take Damage","damage_taken":17,"relics_obtained":["Golden Idol"],"max_hp_gain":0,"max_hp_loss":0,"event_name":"Golden Idol","floor":4,"gold_loss":0},{"damage_healed":0,"gold_gain":0,"player_choice":"Ignored","damage_taken":0,"max_hp_gain":0,"max_hp_loss":0,"event_name":"Shining Light","floor":12,"gold_loss":0},{"damage_healed":0,"gold_gain":0,"player_choice":"Ignored","damage_taken":0,"max_hp_gain":0,"max_hp_loss":0,"event_name":"Vampires","floor":20,"gold_loss":0},{"damage_healed":0,"gold_gain":0,"cards_transformed":["Defend_G","Strike_G"],"player_choice":"Became Test Subject","damage_taken":0,"max_hp_gain":0,"max_hp_loss":0,"event_name":"Drug Dealer","floor":21,"gold_loss":0,"cards_obtained":["Riddle With Holes","Adrenaline"]},{"damage_healed":0,"gold_gain":0,"player_choice":"Fight","damage_taken":0,"max_hp_gain":0,"max_hp_loss":0,"event_name":"Colosseum","floor":22,"gold_loss":0},{"damage_healed":0,"gold_gain":0,"player_choice":"Fled From Nobs","damage_taken":0,"max_hp_gain":0,"max_hp_loss":0,"event_name":"Colosseum","floor":22,"gold_loss":0},{"cards_removed":["Adrenaline"],"damage_healed":55,"gold_gain":0,"player_choice":"Offered Rare","damage_taken":0,"max_hp_gain":10,"max_hp_loss":0,"event_name":"Bonfire Elementals","floor":25,"gold_loss":0}],"is_beta":false,"boss_relics":[{"not_picked":["Orrery","Cursed Key"],"picked":"White Beast Statue"},{"not_picked":["Fusion Hammer","Snecko Eye"],"picked":"Ring of the Serpent"}],"items_purged_floors":[],"is_endless":false,"potions_floor_spawned":[3,14,18,19,22,24,28,31,33,35,36,38,39],"killed_by":"Giant Head","ascension_level":1}