{"path_per_floor":["M","?","$","M","M","E","M","?","T","$","M","?","E","M","R","B",null,"M","?","?","M","M","R","?","R","T","M","M","?","$","M","R"],"character_chosen":"THE_SILENT","items_purchased":["Dagger Spray"],"gold_per_floor":[117,117,70,80,96,128,142,142,142,67,83,83,118,133,133,229,229,229,229,144,144,144,144,144,144,144,144,144,144,44,44,44,44],"floor_reached":33,"campfire_rested":3,"playtime":1524,"current_hp_per_floor":[41,70,70,68,65,36,36,29,43,43,39,39,27,27,52,22,84,66,50,50,40,24,50,79,79,79,58,38,45,45,42,70,0],"items_purged":["Defend_G","Writhe"],"gold":44,"score":284,"play_id":"a6716b00-45db-4bf1-8150-930c6164ef57","local_time":"20180403031833","is_prod":false,"is_daily":false,"is_ascension_mode":false,"campfire_upgraded":0,"timestamp":1522750713,"path_taken":["M","?","$","M","M","E","M","?","T","$","M","?","E","M","R","BOSS","M","?","?","?","M","R","?","R","T","M","M","?","$","M","R","BOSS"],"build_version":"2018-03-29v2","purchased_purges":2,"victory":false,"master_deck":["Defend_G","Defend_G","Defend_G","Defend_G","Strike_G","Strike_G","Strike_G","Strike_G","Survivor","Neutralize","Dagger Spray","PiercingWail","Wraith Form","After Image","Footwork","Terror","Predator","All Out Attack","Night Terror","All Out Attack","Dagger Spray+1","Outmaneuver","Underhanded Strike","After Image","Crippling Poison"],"max_hp_per_floor":[70,70,70,70,70,70,70,70,84,84,84,84,84,84,84,84,84,84,89,89,89,89,89,89,89,89,89,89,96,96,96,96,96],"relics":["Snecko Eye","Art of War","Mango","Tingsha","Ectoplasm","Shovel","Gambling Chip","Snake Skull","Strawberry"],"card_choices":[{"not_picked":["Endless Agony","Underhanded Strike"],"picked":"Riddle With Holes","floor":1},{"not_picked":["Setup","Acrobatics"],"picked":"PiercingWail","floor":4},{"not_picked":["Riddle With Holes","Malaise"],"picked":"Wraith Form","floor":5},{"not_picked":["Deflect","Masterful Stab"],"picked":"After Image","floor":6},{"not_picked":["Leg Sweep","Backflip"],"picked":"Footwork","floor":7},{"not_picked":["Dagger Throw","Blur"],"picked":"Terror","floor":11},{"not_picked":["A Thousand Cuts","Caltrops"],"picked":"Predator","floor":13},{"not_picked":["Acrobatics","Cloak And Dagger"],"picked":"All Out Attack","floor":14},{"not_picked":["Venomology","Envenom"],"picked":"Night Terror","floor":16},{"not_picked":["Deadly Poison","Outmaneuver"],"picked":"All Out Attack","floor":18},{"not_picked":["Slice","Cloak And Dagger"],"picked":"Dagger Spray","floor":21},{"not_picked":["Sucker Punch","Deflect"],"picked":"Outmaneuver","floor":22},{"not_picked":["Poisoned Stab","Slice"],"picked":"Underhanded Strike","floor":27},{"not_picked":["Accuracy","Underhanded Strike"],"picked":"After Image","floor":28},{"not_picked":["Dodge and Roll","Malaise"],"picked":"Crippling Poison","floor":31}],"player_experience":127017,"potions_floor_usage":[13,13,14,16,18,28,33,33],"damage_taken":[{"damage":29,"enemies":"Cultist","floor":1,"turns":9},{"damage":2,"enemies":"Small Slimes","floor":4,"turns":3},{"damage":3,"enemies":"2 Louse","floor":5,"turns":3},{"damage":29,"enemies":"3 Sentries","floor":6,"turns":10},{"damage":0,"enemies":"Lots of Slimes","floor":7,"turns":3},{"damage":4,"enemies":"2 Fungi Beasts","floor":11,"turns":5},{"damage":12,"enemies":"Lagavulin","floor":13,"turns":5},{"damage":0,"enemies":"Gremlin Gang","floor":14,"turns":2},{"damage":30,"enemies":"Slime Boss","floor":16,"turns":8},{"damage":18,"enemies":"Chosen","floor":18,"turns":5},{"damage":10,"enemies":"Shell Parasite","floor":21,"turns":5},{"damage":16,"enemies":"Snecko","floor":22,"turns":5},{"damage":21,"enemies":"Snake Plant","floor":27,"turns":3},{"damage":20,"enemies":"Slaver and Parasite","floor":28,"turns":4},{"damage":3,"enemies":"Snecko","floor":31,"turns":3},{"damage":75,"enemies":"Automaton","floor":33,"turns":8}],"event_choices":[{"event_name":"Bonfire Elementals","player_choice":"UNCOMMON","floor":2,"damage_taken":0},{"event_name":"Golden Wing","player_choice":"Card Removal","floor":8,"damage_taken":0},{"event_name":"Purifier","player_choice":"Skipped","floor":12,"damage_taken":0},{"event_name":"Forgotten Altar","player_choice":"Shed Blood","floor":19,"damage_taken":0},{"event_name":"Addict","player_choice":"Obtained Relic","floor":20,"damage_taken":0},{"event_name":"The Library","player_choice":"Heal","floor":24,"damage_taken":0},{"event_name":"The Mausoleum","player_choice":"Yes","floor":29,"damage_taken":0}],"boss_relics":[{"not_picked":["Calling Bell","Astrolabe"],"picked":"Ectoplasm"}],"potions_floor_spawned":[1,4,7,14,16,27,28,31],"seed_played":"-8449223252342598426","killed_by":"Automaton","ascension_level":0,"is_trial":false}