{"gold_per_floor":[366,366,381,399,414,414,428,428,428,223,255,271,271,271],"floor_reached":14,"playtime":466,"items_purged":[],"score":184,"play_id":"7e3ea84d-4e53-4932-b588-09caa5dfceec","local_time":"20190317151834","is_ascension_mode":true,"campfire_choices":[{"data":"Zap","floor":6,"key":"SMITH"},{"floor":13,"key":"REST"}],"neow_cost":"PERCENT_DAMAGE","seed_source_timestamp":384901559575027,"circlet_count":0,"master_deck":["AscendersBane","Strike_B","Strike_B","Strike_B","Defend_B","Defend_B","Defend_B","Defend_B","Zap+1","Dualcast","Genetic Algorithm","Ball Lightning","Sunder","Conserve Battery","Leap"],"relics":["Cracked Core","Frozen Egg 2","Art of War","Mummified Hand"],"potions_floor_usage":[11,11,12],"damage_taken":[{"damage":7,"enemies":"Jaw Worm","floor":1,"turns":3},{"damage":1,"enemies":"Cultist","floor":3,"turns":4},{"damage":2,"enemies":"Small Slimes","floor":4,"turns":3},{"damage":10,"enemies":"Gremlin Gang","floor":5,"turns":6},{"damage":13,"enemies":"Lots of Slimes","floor":7,"turns":3},{"damage":11,"enemies":"Lagavulin","floor":11,"turns":6},{"damage":0,"enemies":"Large Slime","floor":12,"turns":4},{"damage":25,"enemies":"Gremlin Nob","floor":14,"turns":3}],"seed_played":"-8122076444380604003","potions_obtained":[{"floor":1,"key":"FocusPotion"},{"floor":7,"key":"LiquidBronze"},{"floor":11,"key":"Block Potion"}],"is_trial":false,"path_per_floor":["M","?","M","M","M","R","M","T","T","$","E","M","R","E"],"character_chosen":"DEFECT","items_purchased":["Sunder","Art of War"],"campfire_rested":1,"item_purchase_floors":[10,10],"current_hp_per_floor":[39,39,38,36,26,26,13,13,13,13,2,2,23,0],"gold":271,"neow_bonus":"TWO_FIFTY_GOLD","is_prod":false,"is_daily":false,"chose_seed":false,"campfire_upgraded":1,"win_rate":0,"timestamp":1552850314,"path_taken":["M","?","?","M","M","R","M","?","T","$","E","M","R","E"],"build_version":"2019-03-15","purchased_purges":0,"victory":false,"max_hp_per_floor":[71,71,71,71,71,71,71,71,71,71,71,71,71,71],"card_choices":[{"not_picked":["Consume","Streamline"],"picked":"Genetic Algorithm","floor":1},{"not_picked":["White Noise","Cold Snap"],"picked":"Ball Lightning","floor":3},{"not_picked":["Lockon","Blizzard","Stack"],"picked":"SKIP","floor":4},{"not_picked":["Loop","Beam Cell","Go for the Eyes"],"picked":"SKIP","floor":5},{"not_picked":["Hello World","Aggregate","Streamline"],"picked":"SKIP","floor":7},{"not_picked":["Double Energy","Tempest"],"picked":"Conserve Battery","floor":11},{"not_picked":["Rebound","Hello World+1"],"picked":"Leap","floor":12}],"player_experience":1129566,"relics_obtained":[{"floor":9,"key":"Frozen Egg 2"},{"floor":11,"key":"Mummified Hand"}],"event_choices":[{"cards_removed":["Strike_B"],"damage_healed":0,"gold_gain":0,"player_choice":"Purged","damage_taken":0,"max_hp_gain":0,"max_hp_loss":0,"event_name":"Purifier","floor":2,"gold_loss":0}],"is_beta":true,"boss_relics":[],"items_purged_floors":[],"is_endless":false,"potions_floor_spawned":[1,7,11],"killed_by":"Gremlin Nob","ascension_level":20}