{"gold_per_floor":[215,215,235,235,310,310,335,335,362,381,413,413,428,58,58,130,130,140,140,190,24,34,34,62,74,99,199,199,219,246,144,144,144],"floor_reached":33,"playtime":1428,"items_purged":["Strike_B","Strike_B"],"score":553,"play_id":"619495eb-2c7f-48d1-96b8-7892d1548585","local_time":"20181101205605","is_ascension_mode":true,"campfire_choices":[{"floor":6.0,"key":"REST"},{"floor":12.0,"key":"REST"},{"data":"Zap","floor":15.0,"key":"SMITH"},{"data":"Hyperbeam","floor":23.0,"key":"SMITH"},{"floor":32.0,"key":"REST"}],"neow_cost":"NONE","seed_source_timestamp":214327455298931,"circlet_count":0,"master_deck":["AscendersBane","Strike_B","Defend_B","Defend_B","Defend_B","Defend_B","Zap+1","Dualcast","Glacier","Sweeping Beam","Self Repair","Ball Lightning","Cold Snap","Cold Snap","Hyperbeam+1","Melter","Dark Shackles","Coolheaded","Echo Form","Defragment","Conserve Battery","Double Energy+1","Conserve Battery","Conserve Battery"],"special_seed":0,"relics":["Cracked Core","Lantern","Nunchaku","Letter Opener","Happy Flower","Oddly Smooth Stone","Torii","Bronze Scales","ClockworkSouvenir","Empty Cage","Boot","Anchor","WingedGreaves","The Courier","Omamori"],"potions_floor_usage":[],"damage_taken":[{"damage":10.0,"enemies":"Small Slimes","floor":1.0,"turns":3.0},{"damage":2.0,"enemies":"2 Louse","floor":3.0,"turns":4.0},{"damage":34.0,"enemies":"3 Sentries","floor":7.0,"turns":8.0},{"damage":8.0,"enemies":"Cultist","floor":10.0,"turns":3.0},{"damage":7.0,"enemies":"Gremlin Nob","floor":11.0,"turns":3.0},{"damage":1.0,"enemies":"2 Fungi Beasts","floor":13.0,"turns":3.0},{"damage":14.0,"enemies":"Hexaghost","floor":16.0,"turns":11.0},{"damage":3.0,"enemies":"3 Byrds","floor":18.0,"turns":2.0},{"damage":2.0,"enemies":"Shell Parasite","floor":22.0,"turns":5.0},{"damage":13.0,"enemies":"Slavers","floor":24.0,"turns":4.0},{"damage":2.0,"enemies":"Snake Plant","floor":25.0,"turns":5.0},{"damage":0.0,"enemies":"Colosseum Slavers","floor":27.0,"turns":2.0},{"damage":43.0,"enemies":"Colosseum Nobs","floor":27.0,"turns":6.0},{"damage":24.0,"enemies":"Centurion and Healer","floor":29.0,"turns":10.0},{"damage":16.0,"enemies":"Book of Stabbing","floor":30.0,"turns":4.0},{"damage":48,"enemies":"Champ","floor":33,"turns":11}],"seed_played":"-3843657029695245848","potions_obtained":[{"floor":1.0,"key":"Block Potion"},{"floor":3.0,"key":"Fruit Juice"},{"floor":10.0,"key":"Fire Potion"},{"floor":13.0,"key":"Block Potion"},{"floor":22.0,"key":"LiquidBronze"},{"floor":25.0,"key":"Strength Potion"},{"floor":28.0,"key":"FearPotion"},{"floor":30.0,"key":"Energy Potion"}],"is_trial":false,"path_per_floor":["M","?","M","?","?","R","E","?","T","M","E","R","M","$","R","B",null,"M","?","?","$","M","R","E","M","T","?","?","M","E","$","R","B"],"character_chosen":"DEFECT","items_purchased":["Bronze Scales","ClockworkSouvenir","Dark Shackles","Conserve Battery"],"campfire_rested":3,"item_purchase_floors":[14,14,21,31],"current_hp_per_floor":[54,54,52,34,23,44,15,15,15,14,7,29,35,35,35,28,64,68,68,68,68,73,73,60,65,65,29,29,19,10,10,32,0],"gold":144,"neow_bonus":"HUNDRED_GOLD","is_prod":false,"is_daily":false,"chose_seed":false,"campfire_upgraded":2,"win_rate":0,"timestamp":1541120165,"path_taken":["M","?","M","?","?","R","E","?","T","M","E","R","M","$","R","BOSS","M","?","?","$","?","R","E","M","T","?","?","?","E","?","R","BOSS"],"build_version":"2018-11-01","purchased_purges":2,"victory":false,"max_hp_per_floor":[71,71,71,71,71,71,76,76,76,76,76,76,76,76,76,76,76,76,76,76,76,76,76,76,76,76,76,76,76,76,76,76,76],"card_choices":[{"not_picked":["Scrape","Consume"],"picked":"Glacier","floor":1.0},{"not_picked":["Rip and Tear","Scrape"],"picked":"Sweeping Beam","floor":3.0},{"not_picked":["Multi-Cast","Chill"],"picked":"Self Repair","floor":7.0},{"not_picked":["Beam Cell","Undo"],"picked":"Ball Lightning","floor":10.0},{"not_picked":["Leap","White Noise"],"picked":"Cold Snap","floor":11.0},{"not_picked":["Barrage","Heatsinks"],"picked":"Cold Snap","floor":13.0},{"not_picked":["Thunder Strike","Creative AI"],"picked":"Hyperbeam","floor":16.0},{"not_picked":["Fusion","Sweeping Beam"],"picked":"Melter","floor":18.0},{"not_picked":["Go for the Eyes","Chaos"],"picked":"Coolheaded","floor":22.0},{"not_picked":["Go for the Eyes","Stack"],"picked":"Echo Form","floor":24.0},{"not_picked":["Steam","Heatsinks"],"picked":"Defragment","floor":25.0},{"not_picked":["Rebound","Coolheaded"],"picked":"Conserve Battery","floor":27.0},{"not_picked":["Doom and Gloom","Compile Driver"],"picked":"Double Energy+1","floor":29.0},{"not_picked":["Creative AI","Storm"],"picked":"Conserve Battery","floor":30.0}],"player_experience":805343,"relics_obtained":[{"floor":7.0,"key":"Letter Opener"},{"floor":9.0,"key":"Oddly Smooth Stone"},{"floor":11.0,"key":"Torii"},{"floor":24.0,"key":"Boot"},{"floor":26.0,"key":"Anchor"},{"floor":27.0,"key":"WingedGreaves"},{"floor":27.0,"key":"The Courier"},{"floor":30.0,"key":"Omamori"}],"event_choices":[{"damage_healed":0.0,"max_hp_gain":0.0,"max_hp_loss":0.0,"gold_gain":0.0,"event_name":"Big Fish","player_choice":"Box","floor":2.0,"gold_loss":0.0,"damage_taken":0.0,"relics_obtained":["Lantern"],"cards_obtained":["Regret"]},{"damage_healed":0.0,"max_hp_gain":0.0,"max_hp_loss":0.0,"gold_gain":0.0,"event_name":"Scrap Ooze","player_choice":"Success","floor":4.0,"gold_loss":0.0,"damage_taken":18.0,"relics_obtained":["Nunchaku"]},{"damage_healed":0.0,"max_hp_gain":0.0,"max_hp_loss":0.0,"gold_gain":75.0,"event_name":"World of Goop","player_choice":"Gather Gold","floor":5.0,"gold_loss":0.0,"damage_taken":11.0},{"damage_healed":0.0,"max_hp_gain":0.0,"max_hp_loss":0.0,"gold_gain":0.0,"event_name":"WeMeetAgain","player_choice":"Gave Potion","floor":8.0,"gold_loss":0.0,"damage_taken":0.0,"relics_obtained":["Happy Flower"]},{"damage_healed":0.0,"max_hp_gain":0.0,"max_hp_loss":0.0,"gold_gain":0.0,"event_name":"Ghosts","player_choice":"Ignored","floor":19.0,"gold_loss":0.0,"damage_taken":0.0},{"damage_healed":0.0,"max_hp_gain":0.0,"max_hp_loss":0.0,"gold_gain":100.0,"event_name":"The Joust","player_choice":"Bet on Murderer","floor":20.0,"gold_loss":50.0,"damage_taken":0.0},{"damage_healed":0.0,"max_hp_gain":0.0,"max_hp_loss":0.0,"gold_gain":0.0,"event_name":"Colosseum","player_choice":"Fight","floor":27.0,"gold_loss":0.0,"damage_taken":0.0},{"damage_healed":0.0,"max_hp_gain":0.0,"max_hp_loss":0.0,"gold_gain":0.0,"event_name":"Colosseum","player_choice":"Fought Nobs","floor":27.0,"gold_loss":0.0,"damage_taken":0.0},{"damage_healed":0.0,"max_hp_gain":0.0,"max_hp_loss":0.0,"gold_gain":0.0,"event_name":"Lab","player_choice":"Got Potions","floor":28.0,"gold_loss":0.0,"damage_taken":0.0}],"is_beta":true,"boss_relics":[{"not_picked":["Calling Bell","Black Star"],"picked":"Empty Cage"}],"items_purged_floors":[21,31],"is_endless":false,"potions_floor_spawned":[1,3,10,13,22,25,30],"killed_by":"Champ","ascension_level":18}