{"gold_per_floor":[209,209,225,225,243,243,256,279,363,48,48,62,62],"floor_reached":13,"playtime":401,"items_purged":["Strike_G"],"score":77,"play_id":"df7d590b-eb0d-409b-b260-c81181132b27","local_time":"20190127062930","is_ascension_mode":false,"campfire_choices":[{"data":"Neutralize","floor":6,"key":"SMITH"}],"neow_cost":"NONE","seed_source_timestamp":837514781552682,"circlet_count":0,"master_deck":["Defend_G","Defend_G","Defend_G","Defend_G","Defend_G","Strike_G","Strike_G","Strike_G","Strike_G","Survivor","Neutralize+1","Injury","Infinite Blades"],"relics":["Ring of the Snake","Golden Idol","Shuriken","Tiny Chest","Pantograph"],"potions_floor_usage":[12,13],"damage_taken":[{"damage":10,"enemies":"Jaw Worm","floor":1,"turns":5},{"damage":3,"enemies":"2 Louse","floor":3,"turns":3},{"damage":0,"enemies":"Cultist","floor":5,"turns":3},{"damage":3,"enemies":"2 Fungi Beasts","floor":7,"turns":4},{"damage":10,"enemies":"Looter","floor":8,"turns":4},{"damage":34,"enemies":"Gremlin Gang","floor":12,"turns":6},{"damage":18,"enemies":"3 Sentries","floor":13,"turns":4}],"seed_played":"443848703357561810","potions_obtained":[{"floor":3,"key":"FearPotion"},{"floor":8,"key":"Block Potion"},{"floor":12,"key":"Strength Potion"}],"is_trial":false,"path_per_floor":["M","?","M","?","M","R","M","M","T","$","?","M","E"],"character_chosen":"THE_SILENT","items_purchased":["Pantograph"],"campfire_rested":0,"item_purchase_floors":[10],"current_hp_per_floor":[60,60,57,57,57,57,54,44,44,44,49,15,0],"gold":62,"neow_bonus":"HUNDRED_GOLD","is_prod":false,"is_daily":false,"chose_seed":false,"campfire_upgraded":1,"win_rate":0,"timestamp":1548599370,"path_taken":["M","?","M","?","?","R","M","M","T","$","?","M","E"],"build_version":"2019-01-23","purchased_purges":1,"victory":false,"max_hp_per_floor":[70,70,70,70,70,70,70,70,70,70,75,75,75],"card_choices":[{"not_picked":["Poisoned Stab","Dash","Bane"],"picked":"SKIP","floor":1},{"not_picked":["Acrobatics","Well Laid Plans"],"picked":"Infinite Blades","floor":3},{"not_picked":["Predator","Setup","Outmaneuver"],"picked":"SKIP","floor":5},{"not_picked":["Poisoned Stab","Outmaneuver","Dash"],"picked":"SKIP","floor":7},{"not_picked":["Deflect","Dodge and Roll","Skewer"],"picked":"SKIP","floor":8},{"not_picked":["Acrobatics","Dagger Spray","Quick Slash"],"picked":"SKIP","floor":12}],"player_experience":195076,"relics_obtained":[{"floor":9,"key":"Tiny Chest"}],"event_choices":[{"damage_healed":0,"gold_gain":0,"player_choice":"Take Wound","damage_taken":0,"relics_obtained":["Golden Idol"],"max_hp_gain":0,"max_hp_loss":0,"event_name":"Golden Idol","floor":2,"gold_loss":0,"cards_obtained":["Injury"]},{"damage_healed":0,"gold_gain":0,"player_choice":"Gave Potion","damage_taken":0,"relics_obtained":["Shuriken"],"max_hp_gain":0,"max_hp_loss":0,"event_name":"WeMeetAgain","floor":4,"gold_loss":0},{"damage_healed":0,"gold_gain":0,"player_choice":"Donut","damage_taken":0,"max_hp_gain":5,"max_hp_loss":0,"event_name":"Big Fish","floor":11,"gold_loss":0}],"is_beta":false,"boss_relics":[],"items_purged_floors":[10],"is_endless":false,"potions_floor_spawned":[3,8,12],"killed_by":"3 Sentries","ascension_level":0}