{"gold_per_floor":[117,117,129,144,163,188,188,199,276,276,306,207,207,223,223,301,301,313,327,327,345,345,345],"floor_reached":23,"playtime":768,"items_purged":["Strike_B"],"score":406,"play_id":"5b43e21a-a57b-48c3-acab-8163dc82ad51","local_time":"20190218085152","is_ascension_mode":true,"campfire_choices":[{"data":"Melter","floor":7.0,"key":"SMITH"},{"data":"Steam","floor":10.0,"key":"SMITH"},{"data":"Dualcast","floor":13.0,"key":"SMITH"},{"floor":15.0,"key":"REST"}],"neow_cost":"NONE","seed_source_timestamp":0,"circlet_count":0,"master_deck":["AscendersBane","Strike_B","Strike_B","Strike_B","Defend_B","Defend_B","Defend_B","Defend_B","Zap+1","Dualcast+1","Compile Driver","Melter+1","Gash","FTL","All For One+1","Steam+1","Turbo","Streamline+1","Beam Cell+1","Fission","Defragment+1","Ghostly","Ghostly","Ghostly"],"special_seed":0,"relics":["Cracked Core","Strawberry","Molten Egg 2","Matryoshka","Calipers","Snecko Eye"],"potions_floor_usage":[23,23,23,23,23,23],"damage_taken":[{"damage":9.0,"enemies":"2 Louse","floor":1.0,"turns":2.0},{"damage":0.0,"enemies":"Cultist","floor":3.0,"turns":3.0},{"damage":0.0,"enemies":"Small Slimes","floor":4.0,"turns":3.0},{"damage":8.0,"enemies":"Blue Slaver","floor":5.0,"turns":2.0},{"damage":25.0,"enemies":"Lagavulin","floor":6.0,"turns":5.0},{"damage":0.0,"enemies":"Exordium Thugs","floor":8.0,"turns":2.0},{"damage":15.0,"enemies":"3 Sentries","floor":11.0,"turns":6.0},{"damage":1.0,"enemies":"Looter","floor":14.0,"turns":2.0},{"damage":15.0,"enemies":"Slime Boss","floor":16.0,"turns":6.0},{"damage":3,"enemies":"Shell Parasite","floor":18,"turns":2},{"damage":0,"enemies":"Chosen","floor":19,"turns":3},{"damage":24,"enemies":"Snake Plant","floor":21,"turns":3},{"damage":53,"enemies":"Slavers","floor":23,"turns":9}],"seed_played":"-6768693987903033079","potions_obtained":[{"floor":1.0,"key":"Swift Potion"},{"floor":5.0,"key":"Regen Potion"},{"floor":8.0,"key":"Swift Potion"},{"floor":14.0,"key":"Strength Potion"},{"floor":16.0,"key":"SpeedPotion"},{"floor":20,"key":"EntropicBrew"}],"is_trial":false,"path_per_floor":["M","?","M","M","M","E","R","M","T","R","E","$","R","M","R","B",null,"M","M","?","M","?","E"],"character_chosen":"DEFECT","items_purchased":["Streamline+1"],"campfire_rested":1,"item_purchase_floors":[12],"current_hp_per_floor":[62,62,62,62,54,43,43,43,43,43,28,28,28,27,50,35,67,64,64,64,40,39,1],"gold":345,"neow_bonus":"RANDOM_COMMON_RELIC","is_prod":false,"is_daily":false,"chose_seed":false,"campfire_upgraded":3,"win_rate":0,"timestamp":1550497912,"path_taken":["M","?","?","M","M","E","R","M","T","R","E","$","R","M","R","BOSS","M","M","?","?","?","E"],"build_version":"2019-02-06","purchased_purges":1,"victory":false,"max_hp_per_floor":[78,78,78,78,78,78,78,78,78,78,78,78,78,78,78,78,78,78,78,78,78,39,39],"card_choices":[{"not_picked":["Fusion","Redo"],"picked":"Compile Driver","floor":1.0},{"not_picked":["Conserve Battery","Steam"],"picked":"Melter","floor":3.0},{"not_picked":["Storm","Chaos"],"picked":"Gash","floor":4.0},{"not_picked":["Rip and Tear","Ball Lightning"],"picked":"FTL","floor":5.0},{"not_picked":["Chaos","Cold Snap"],"picked":"All For One","floor":6.0},{"not_picked":["Conserve Battery","Ball Lightning+1"],"picked":"Steam","floor":8.0},{"not_picked":["Leap","Rebound+1"],"picked":"Turbo","floor":11.0},{"not_picked":["Double Energy","Leap"],"picked":"Beam Cell+1","floor":14.0},{"not_picked":["Biased Cognition","Hyperbeam+1"],"picked":"Fission","floor":16.0},{"not_picked":["Compile Driver+1","Rebound+1","Coolheaded"],"picked":"SKIP","floor":18},{"not_picked":["Compile Driver+1","Rebound+1","Coolheaded"],"picked":"SKIP","floor":18},{"not_picked":["Tempest","Hologram"],"picked":"Defragment+1","floor":19},{"not_picked":["Turbo","Steam","Stack"],"picked":"SKIP","floor":21}],"player_experience":935462,"relics_obtained":[{"floor":6.0,"key":"Molten Egg 2"},{"floor":9.0,"key":"Matryoshka"},{"floor":11.0,"key":"Calipers"}],"event_choices":[{"damage_healed":0.0,"max_hp_gain":0.0,"max_hp_loss":0.0,"gold_gain":0.0,"event_name":"Upgrade Shrine","player_choice":"Upgraded","floor":2.0,"gold_loss":0.0,"damage_taken":0.0,"cards_upgraded":["Zap"]},{"damage_healed":0,"gold_gain":0,"player_choice":"Got Potions","damage_taken":0,"max_hp_gain":0,"max_hp_loss":0,"event_name":"Lab","floor":20,"gold_loss":0},{"damage_healed":0,"gold_gain":0,"player_choice":"Became a Ghost","damage_taken":0,"max_hp_gain":0,"max_hp_loss":39,"event_name":"Ghosts","floor":22,"gold_loss":0,"cards_obtained":["Ghostly","Ghostly","Ghostly"]}],"is_beta":true,"boss_relics":[{"not_picked":["Runic Pyramid","FrozenCore"],"picked":"Snecko Eye"}],"items_purged_floors":[12],"is_endless":false,"potions_floor_spawned":[1,5,8,14,16,21],"killed_by":"Slavers","ascension_level":20}