{"gold_per_floor":[116,8,25,43,43,43,43,69,69,69,99,99,111,111,111,111],"floor_reached":16,"playtime":611,"items_purged":[],"score":216,"play_id":"19803806-95f4-460e-b69d-d5a39a212ee8","local_time":"20190324201255","is_ascension_mode":true,"campfire_choices":[{"data":"Blind","floor":6.0,"key":"SMITH"},{"data":"Flame Barrier","floor":12.0,"key":"SMITH"},{"data":"Whirlwind","floor":15.0,"key":"SMITH"}],"neow_cost":"TEN_PERCENT_HP_LOSS","seed_source_timestamp":1007060035679604,"circlet_count":0,"master_deck":["AscendersBane","Strike_R","Strike_R","Defend_R","Defend_R","Defend_R","Defend_R","Bash+1","Pommel Strike+1","Flame Barrier+1","Headbutt","Blind+1","Ghostly Armor","Whirlwind+1","Burning Pact","Dark Embrace"],"special_seed":0,"relics":["Burning Blood","Smiling Mask","Strawberry","The Courier","Ancient Tea Set"],"potions_floor_usage":[16,16],"damage_taken":[{"damage":0.0,"enemies":"Cultist","floor":1.0,"turns":4.0},{"damage":0.0,"enemies":"2 Louse","floor":3.0,"turns":3.0},{"damage":2.0,"enemies":"Small Slimes","floor":4.0,"turns":4.0},{"damage":14.0,"enemies":"3 Sentries","floor":8.0,"turns":11.0},{"damage":25.0,"enemies":"Gremlin Nob","floor":11.0,"turns":4.0},{"damage":4.0,"enemies":"Red Slaver","floor":13.0,"turns":3.0},{"damage":33,"enemies":"Slime Boss","floor":16,"turns":8}],"seed_played":"-7173627530102013326","potions_obtained":[{"floor":3.0,"key":"Explosive Potion"},{"floor":8.0,"key":"GamblersBrew"},{"floor":13.0,"key":"Swift Potion"}],"is_trial":false,"path_per_floor":["M","$","M","M","T","R","?","E","T","?","E","R","M","?","R","B"],"character_chosen":"IRONCLAD","items_purchased":["Blind"],"campfire_rested":0,"item_purchase_floors":[2],"current_hp_per_floor":[68,68,68,68,68,68,68,67,67,67,48,48,50,50,50,17],"gold":111,"neow_bonus":"TRANSFORM_TWO_CARDS","is_prod":false,"is_daily":false,"chose_seed":false,"campfire_upgraded":3,"win_rate":0,"timestamp":1553472775,"path_taken":["M","?","?","?","?","R","?","E","T","?","E","R","?","?","R","BOSS"],"build_version":"2019-03-15","purchased_purges":0,"victory":false,"max_hp_per_floor":[68,68,68,68,68,68,68,75,75,75,75,75,75,75,75,75],"card_choices":[{"not_picked":["Reckless Charge","Pommel Strike"],"picked":"Headbutt","floor":1.0},{"not_picked":["Sword Boomerang","Perfected Strike","Sentinel"],"picked":"SKIP","floor":3.0},{"not_picked":["Headbutt","Second Wind"],"picked":"Ghostly Armor","floor":4.0},{"not_picked":["Cleave","Rampage","Headbutt"],"picked":"SKIP","floor":8.0},{"not_picked":["Clothesline","Hemokinesis"],"picked":"Whirlwind","floor":11.0},{"not_picked":["Warcry","Corruption"],"picked":"Burning Pact","floor":13.0}],"player_experience":1242125,"relics_obtained":[{"floor":5.0,"key":"Smiling Mask"},{"floor":8.0,"key":"Strawberry"},{"floor":9.0,"key":"The Courier"},{"floor":11.0,"key":"Ancient Tea Set"}],"event_choices":[{"damage_healed":0.0,"max_hp_gain":0.0,"max_hp_loss":0.0,"gold_gain":0.0,"event_name":"Living Wall","player_choice":"Grow","floor":7.0,"gold_loss":0.0,"damage_taken":0.0,"cards_upgraded":["Bash"]},{"damage_healed":0.0,"max_hp_gain":0.0,"max_hp_loss":0.0,"gold_gain":0.0,"event_name":"Accursed Blacksmith","player_choice":"Forge","floor":10.0,"gold_loss":0.0,"damage_taken":0.0,"cards_upgraded":["Pommel Strike"]},{"damage_healed":0.0,"max_hp_gain":0.0,"max_hp_loss":0.0,"gold_gain":0.0,"cards_transformed":["Strike_R"],"event_name":"Transmorgrifier","player_choice":"Transformed","floor":14.0,"gold_loss":0.0,"damage_taken":0.0,"cards_obtained":["Dark Embrace"]}],"is_beta":true,"boss_relics":[],"items_purged_floors":[],"is_endless":false,"potions_floor_spawned":[3,8,13],"killed_by":"Slime Boss","ascension_level":20}