{"path_per_floor":["M","M","?","M","$","R","E","?","T","R","M","?","$","M","R"],"character_chosen":"THE_SILENT","items_purchased":["Noxious Fumes","Singing Bowl","Endless Agony"],"gold_per_floor":[109,123,123,135,99,99,127,202,202,202,214,214,72,87,87,87],"floor_reached":16,"campfire_rested":2,"playtime":519,"current_hp_per_floor":[70,70,70,70,70,70,41,30,30,51,33,19,19,19,40,0],"items_purged":[],"gold":87,"score":100,"play_id":"0d679490-49ef-4b90-9ceb-5472fb339e25","local_time":"20180331182506","is_prod":false,"is_daily":false,"is_ascension_mode":false,"campfire_upgraded":1,"timestamp":1522545906,"path_taken":["M","M","?","?","$","R","E","?","T","R","M","?","$","M","R","BOSS"],"build_version":"2018-03-29v2","purchased_purges":0,"victory":false,"master_deck":["Defend_G","Defend_G+1","Defend_G+1","Defend_G","Strike_G+1","Strike_G","Strike_G","Strike_G","Strike_G","Survivor","Neutralize+1","Deadly Poison","Cloak And Dagger","Cloak And Dagger+1","Noxious Fumes","Catalyst","Backstab","Endless Agony","Well Laid Plans"],"max_hp_per_floor":[70,70,70,70,70,70,70,70,70,70,70,70,70,70,70,70],"relics":["Ring of the Snake","Whetstone","The Courier","Prayer Wheel","Singing Bowl"],"card_choices":[{"not_picked":["Tactician","Well Laid Plans"],"picked":"Deadly Poison","floor":1},{"not_picked":["PiercingWail","Endless Agony"],"picked":"Cloak And Dagger","floor":2},{"not_picked":["PiercingWail","Skewer"],"picked":"Cloak And Dagger","floor":4},{"not_picked":["Crippling Poison","Slice"],"picked":"Catalyst","floor":7},{"not_picked":["Underhanded Strike","Sucker Punch"],"picked":"Backstab","floor":11},{"not_picked":["Dagger Spray","Choke"],"picked":"Well Laid Plans","floor":14}],"player_experience":76589,"potions_floor_usage":[16],"damage_taken":[{"damage":0,"enemies":"Small Slimes","floor":1,"turns":4},{"damage":0,"enemies":"Cultist","floor":2,"turns":4},{"damage":0,"enemies":"Jaw Worm","floor":4,"turns":4},{"damage":29,"enemies":"Gremlin Nob","floor":7,"turns":5},{"damage":18,"enemies":"Large Slime","floor":11,"turns":6},{"damage":0,"enemies":"3 Louse","floor":14,"turns":3},{"damage":54,"enemies":"Slime Boss","floor":16,"turns":7}],"event_choices":[{"event_name":"Bonfire Elementals","player_choice":"BASIC","floor":3,"damage_taken":0},{"event_name":"World of Goop","player_choice":"Gather Gold","floor":8,"damage_taken":0},{"event_name":"Shining Light","player_choice":"Entered Light","floor":12,"damage_taken":0}],"boss_relics":[],"potions_floor_spawned":[1,14],"seed_played":"4752360970463798112","killed_by":"Slime Boss","ascension_level":0,"is_trial":false}