{"gold_per_floor":[113,25,35,45,45,45,65,65,65,65,82,82,111,134,134,238,238,252,167,178,178,195,195,222,222],"floor_reached":25,"playtime":1039,"items_purged":[],"score":309,"play_id":"27b47856-26a0-4abe-8397-8fbc8068d5a8","local_time":"20190129234209","is_ascension_mode":true,"campfire_choices":[{"data":"Defragment","floor":6,"key":"SMITH"},{"data":"Zap","floor":8,"key":"SMITH"},{"floor":12,"key":"REST"},{"data":"Defragment","floor":15,"key":"SMITH"},{"data":"Loop","floor":23,"key":"SMITH"}],"neow_cost":"NONE","seed_source_timestamp":25439529945599,"circlet_count":0,"master_deck":["Strike_B","Strike_B","Defend_B","Defend_B","Defend_B","Defend_B","Zap+1","Dualcast","Sweeping Beam","Defragment+1","Hologram","Coolheaded","Cold Snap","PanicButton","Hologram","Defragment+1","Conserve Battery","Core Surge","Multi-Cast","Genetic Algorithm","Loop+1","FTL","Double Energy+1"],"relics":["Cracked Core","Regal Pillow","Symbiotic Virus","Pocketwatch","Odd Mushroom","Empty Cage","Strawberry","Sundial"],"potions_floor_usage":[11,13,14,16,22,24,24],"damage_taken":[{"damage":7,"enemies":"Jaw Worm","floor":1,"turns":3},{"damage":0,"enemies":"Small Slimes","floor":3,"turns":2},{"damage":4,"enemies":"2 Louse","floor":4,"turns":2},{"damage":9,"enemies":"Blue Slaver","floor":7,"turns":4},{"damage":12,"enemies":"Lots of Slimes","floor":11,"turns":3},{"damage":9,"enemies":"3 Sentries","floor":13,"turns":5},{"damage":5,"enemies":"The Mushroom Lair","floor":14,"turns":3},{"damage":6,"enemies":"Slime Boss","floor":16,"turns":9},{"damage":0,"enemies":"Spheric Guardian","floor":18,"turns":4},{"damage":37,"enemies":"2 Thieves","floor":20,"turns":4},{"damage":14,"enemies":"Snecko","floor":22,"turns":5},{"damage":6,"enemies":"Book of Stabbing","floor":24,"turns":6},{"damage":13,"enemies":"Centurion and Healer","floor":25,"turns":1}],"seed_played":"5807419376939003462","potions_obtained":[{"floor":4,"key":"GamblersBrew"},{"floor":11,"key":"AttackPotion"},{"floor":13,"key":"SteroidPotion"},{"floor":14,"key":"AttackPotion"},{"floor":20,"key":"AttackPotion"},{"floor":21,"key":"PowerPotion"},{"floor":21,"key":"Ancient Potion"},{"floor":22,"key":"Weak Potion"}],"is_trial":false,"path_per_floor":["M","$","M","M","?","R","M","R","T","?","M","R","E","?","R","B",null,"M","?","M","?","M","R","E","M"],"character_chosen":"DEFECT","items_purchased":["Defragment","Hologram"],"campfire_rested":1,"item_purchase_floors":[2,2],"current_hp_per_floor":[61,61,61,57,57,57,48,48,48,23,11,48,39,34,34,28,63,63,70,33,33,19,19,13,0],"gold":222,"neow_bonus":"RANDOM_COLORLESS","is_prod":false,"is_daily":false,"chose_seed":false,"campfire_upgraded":4,"win_rate":0,"timestamp":1548823329,"path_taken":["M","$","M","M","?","R","M","R","T","?","M","R","E","?","R","BOSS","M","?","M","?","M","R","E","M"],"build_version":"2019-01-23","purchased_purges":0,"victory":false,"max_hp_per_floor":[75,75,75,75,75,75,75,75,75,75,75,75,75,75,75,75,75,75,82,82,82,82,82,82,82],"card_choices":[{"not_picked":["Stack","Rebound"],"picked":"Sweeping Beam","floor":1},{"not_picked":["Turbo","Undo"],"picked":"Coolheaded","floor":3},{"not_picked":["Scrape","Rebound"],"picked":"Cold Snap","floor":4},{"not_picked":["Stack","Rip and Tear"],"picked":"Hologram","floor":7},{"not_picked":["Beam Cell","Rebound"],"picked":"Defragment","floor":11},{"not_picked":["Go for the Eyes","Chaos"],"picked":"Conserve Battery","floor":13},{"not_picked":["Recycle","Rip and Tear"],"picked":"Core Surge","floor":14},{"not_picked":["Rainbow","Meteor Strike"],"picked":"Multi-Cast","floor":16},{"not_picked":["Scrape+1","Reprogram"],"picked":"Genetic Algorithm","floor":18},{"not_picked":["Glacier","Stack"],"picked":"Loop","floor":20},{"not_picked":["Barrage","Leap"],"picked":"FTL","floor":22},{"not_picked":["Hyperbeam","Sweeping Beam+1"],"picked":"Double Energy+1","floor":24}],"player_experience":298244,"relics_obtained":[{"floor":9,"key":"Regal Pillow"},{"floor":13,"key":"Pocketwatch"},{"floor":14,"key":"Odd Mushroom"},{"floor":24,"key":"Sundial"}],"event_choices":[{"damage_healed":0,"gold_gain":0,"cards_transformed":["Purity"],"player_choice":"Change","damage_taken":0,"max_hp_gain":0,"max_hp_loss":0,"event_name":"Living Wall","floor":5,"gold_loss":0,"cards_obtained":["PanicButton"]},{"damage_healed":0,"gold_gain":0,"player_choice":"Success","damage_taken":25,"relics_obtained":["Symbiotic Virus"],"max_hp_gain":0,"max_hp_loss":0,"event_name":"Scrap Ooze","floor":10,"gold_loss":0},{"damage_healed":0,"gold_gain":0,"player_choice":"Fought Mushrooms","damage_taken":0,"max_hp_gain":0,"max_hp_loss":0,"event_name":"Mushrooms","floor":14,"gold_loss":0},{"damage_healed":0,"gold_gain":0,"player_choice":"Obtained Relic","damage_taken":0,"relics_obtained":["Strawberry"],"max_hp_gain":0,"max_hp_loss":0,"event_name":"Addict","floor":19,"gold_loss":85},{"damage_healed":0,"gold_gain":0,"player_choice":"Got Potions","damage_taken":0,"max_hp_gain":0,"max_hp_loss":0,"event_name":"Lab","floor":21,"gold_loss":0}],"is_beta":true,"boss_relics":[{"not_picked":["Fusion Hammer","Astrolabe"],"picked":"Empty Cage"}],"items_purged_floors":[],"is_endless":false,"potions_floor_spawned":[4,11,13,14,20,22],"killed_by":"Centurion and Healer","ascension_level":8}