{"gold_per_floor":[112,127,142,43,43,43,76,86,86,111,111,137,137,150,150,223,223,241,166,441,451,25,56,66,66,136,167,183,183,108,108,108,180,180,196,206,206,206,223,223,233,268,320,320,352,352,8,8,8,8,8],"floor_reached":52,"playtime":3615,"items_purged":["Strike_B","Regret","Zap"],"score":2132,"play_id":"78e70635-619e-4b24-8abe-c151b196fbe3","local_time":"20181024200234","is_ascension_mode":true,"campfire_choices":[{"data":"Electrodynamics","floor":6.0,"key":"SMITH"},{"data":"Capacitor","floor":13.0,"key":"SMITH"},{"data":"Chill","floor":15.0,"key":"SMITH"},{"data":"Go for the Eyes","floor":25,"key":"SMITH"},{"floor":32,"key":"REST"},{"floor":40,"key":"REST"},{"floor":44,"key":"REST"},{"floor":46,"key":"REST"},{"data":"Consume","floor":49,"key":"SMITH"}],"neow_cost":"NONE","seed_source_timestamp":1124955155152955,"circlet_count":0,"master_deck":["Strike_B+1","Defend_B+1","Defend_B+1","Defend_B+1","Defend_B+1","Dualcast","AscendersBane","Capacitor+1","Ball Lightning","Chill+1","Dark Shackles","Electrodynamics+1","Melter","Barrage","BootSequence","Glacier","BootSequence","Electrodynamics+1","Go for the Eyes+1","Skim","Barrage","Leap+1","Echo Form+1","Skim+1","Defragment+1","Consume+1","Buffer+1","Skim"],"special_seed":0,"relics":["Cracked Core","NeowsBlessing","Gambling Chip","Frozen Egg 2","Question Card","PreservedInsect","Inserter","DataDisk","Bronze Scales","Ginger","Gremlin Horn","Incense Burner","Sozu","Kunai","Bag of Preparation","Pen Nib","Lee\u0027s Waffle"],"potions_floor_usage":[24,33,51],"damage_taken":[{"damage":0.0,"enemies":"Cultist","floor":1.0,"turns":1.0},{"damage":0.0,"enemies":"Small Slimes","floor":2.0,"turns":1.0},{"damage":0.0,"enemies":"Jaw Worm","floor":3.0,"turns":1.0},{"damage":8.0,"enemies":"Gremlin Nob","floor":7.0,"turns":3.0},{"damage":0.0,"enemies":"Looter","floor":8.0,"turns":2.0},{"damage":2.0,"enemies":"3 Sentries","floor":10.0,"turns":4.0},{"damage":8.0,"enemies":"Gremlin Nob","floor":12.0,"turns":3.0},{"damage":7.0,"enemies":"Large Slime","floor":14.0,"turns":4.0},{"damage":15.0,"enemies":"Hexaghost","floor":16.0,"turns":9.0},{"damage":1.0,"enemies":"3 Byrds","floor":18.0,"turns":2.0},{"damage":12.0,"enemies":"Chosen","floor":21.0,"turns":5.0},{"damage":0,"enemies":"Slavers","floor":23,"turns":2},{"damage":3,"enemies":"Snake Plant","floor":24,"turns":4},{"damage":0,"enemies":"Gremlin Leader","floor":27,"turns":4},{"damage":12,"enemies":"3 Cultists","floor":28,"turns":3},{"damage":33,"enemies":"Automaton","floor":33,"turns":8},{"damage":0,"enemies":"Orb Walker","floor":35,"turns":4},{"damage":0,"enemies":"3 Shapes","floor":36,"turns":5},{"damage":43,"enemies":"Writhing Mass","floor":39,"turns":6},{"damage":0,"enemies":"Jaw Worm Horde","floor":41,"turns":2},{"damage":25,"enemies":"Reptomancer","floor":42,"turns":5},{"damage":11,"enemies":"Nemesis","floor":45,"turns":6},{"damage":0,"enemies":"Awakened One","floor":50,"turns":31},{"damage":0,"enemies":"Time Eater","floor":51,"turns":18}],"seed_played":"-7229992980589700704","potions_obtained":[{"floor":1.0,"key":"AttackPotion"},{"floor":7.0,"key":"EssenceOfSteel"},{"floor":10.0,"key":"LiquidBronze"},{"floor":12.0,"key":"SkillPotion"},{"floor":16.0,"key":"SteroidPotion"},{"floor":18.0,"key":"Weak Potion"},{"floor":27,"key":"Ancient Potion"},{"floor":28,"key":"SteroidPotion"}],"is_trial":false,"path_per_floor":["M","M","M","$","?","R","E","M","T","E","?","E","R","M","R","B",null,"M","$","?","M","$","E","M","R","T","E","M","$","?","?","R","B",null,"M","M","?","?","M","R","M","E","T","R","E","R","$","?","R","B","B"],"character_chosen":"DEFECT","items_purchased":["Dark Shackles","DataDisk","Bronze Scales","Lee\u0027s Waffle"],"campfire_rested":4,"item_purchase_floors":[4,22,22,47],"current_hp_per_floor":[64,64,64,64,64,64,56,56,56,54,59,51,51,44,44,29,64,63,63,63,51,51,51,48,48,48,48,36,36,36,36,58,25,63,63,63,63,63,20,41,41,16,16,37,26,47,79,79,79,79,79],"gold":8,"neow_bonus":"THREE_ENEMY_KILL","is_prod":false,"is_daily":false,"chose_seed":false,"campfire_upgraded":5,"win_rate":0,"timestamp":1540425754,"path_taken":["M","?","M","?","?","R","E","M","T","E","?","E","R","M","R","BOSS","M","$","?","M","$","E","?","R","T","E","?","?","?","?","R","BOSS","M","?","?","?","M","R","M","E","T","R","E","R","$","?","R","BOSS","BOSS"],"build_version":"2018-10-18","purchased_purges":3,"victory":true,"max_hp_per_floor":[71,71,71,71,71,71,71,71,71,71,76,76,76,76,76,76,76,76,76,76,76,76,76,76,76,76,76,76,76,76,76,76,76,76,76,76,72,72,72,72,72,72,72,72,72,72,79,79,79,79,79],"card_choices":[{"not_picked":["FTL","Beam Cell"],"picked":"Capacitor","floor":1.0},{"not_picked":["Recycle","Fusion"],"picked":"Ball Lightning","floor":2.0},{"not_picked":["Hologram","Barrage"],"picked":"Chill","floor":3.0},{"not_picked":["Streamline","Force Field"],"picked":"BootSequence","floor":7.0},{"not_picked":["Turbo","Sweeping Beam","Rebound"],"picked":"SKIP","floor":8.0},{"not_picked":["Steam Power","Compile Driver","Sweeping Beam"],"picked":"SKIP","floor":10.0},{"not_picked":["Fusion","Blizzard","Lockon"],"picked":"Glacier","floor":12.0},{"not_picked":["Cold Snap","Ball Lightning","Steam"],"picked":"BootSequence","floor":14.0},{"not_picked":["Amplify","Fission","Seek"],"picked":"Electrodynamics+1","floor":16.0},{"not_picked":["Redo","Hello World+1","Beam Cell"],"picked":"Go for the Eyes","floor":18.0},{"not_picked":["Melter","Turbo","Aggregate"],"picked":"Skim","floor":21},{"not_picked":["Scrape","FTL","Amplify","Go for the Eyes"],"picked":"SKIP","floor":23},{"not_picked":["Fusion","Auto Shields","Beam Cell"],"picked":"Barrage","floor":24},{"not_picked":["Redo","Darkness","Ball Lightning","Heatsinks+1"],"picked":"SKIP","floor":27},{"not_picked":["Chaos","Force Field+1","Turbo"],"picked":"Leap+1","floor":28},{"not_picked":["Buffer+1","Multi-Cast","Thunder Strike"],"picked":"Echo Form+1","floor":33},{"not_picked":["Sunder+1","Conserve Battery","Lockon","White Noise+1"],"picked":"SKIP","floor":35},{"not_picked":["Redo","Stack","Rebound"],"picked":"Skim+1","floor":36},{"not_picked":["Skim+1","Hologram+1","Force Field"],"picked":"Defragment+1","floor":39},{"not_picked":["Recycle","Ball Lightning","Beam Cell"],"picked":"Consume","floor":41},{"not_picked":["Heatsinks+1","Redo","Double Energy","Go for the Eyes"],"picked":"SKIP","floor":42},{"not_picked":["Go for the Eyes","Turbo","Conserve Battery"],"picked":"Buffer+1","floor":45}],"player_experience":1010973,"relics_obtained":[{"floor":7.0,"key":"Gambling Chip"},{"floor":9.0,"key":"Frozen Egg 2"},{"floor":10.0,"key":"Question Card"},{"floor":12.0,"key":"PreservedInsect"},{"floor":23,"key":"Ginger"},{"floor":26,"key":"Gremlin Horn"},{"floor":27,"key":"Incense Burner"},{"floor":42,"key":"Kunai"},{"floor":43,"key":"Bag of Preparation"},{"floor":45,"key":"Pen Nib"}],"event_choices":[{"damage_healed":0.0,"max_hp_gain":0.0,"max_hp_loss":0.0,"gold_gain":0.0,"event_name":"Match and Keep!","player_choice":"3 cards matched","floor":5.0,"gold_loss":0.0,"damage_taken":0.0,"cards_obtained":["Electrodynamics","Melter","Barrage"]},{"damage_healed":0.0,"max_hp_gain":5.0,"max_hp_loss":0.0,"gold_gain":0.0,"event_name":"Big Fish","player_choice":"Donut","floor":11.0,"gold_loss":0.0,"damage_taken":0.0},{"damage_healed":0.0,"max_hp_gain":0.0,"max_hp_loss":0.0,"gold_gain":275.0,"event_name":"Golden Shrine","player_choice":"Desecrate","floor":20.0,"gold_loss":0.0,"damage_taken":0.0,"cards_obtained":["Regret"]},{"cards_removed":["Strike_B"],"damage_healed":0,"gold_gain":0,"player_choice":"Gave Gold","damage_taken":0,"max_hp_gain":0,"max_hp_loss":0,"event_name":"Beggar","floor":30,"gold_loss":75},{"damage_healed":0,"gold_gain":0,"player_choice":"Simplicity","damage_taken":0,"max_hp_gain":0,"max_hp_loss":0,"event_name":"Back to Basics","floor":31,"gold_loss":0,"cards_upgraded":["Strike_B","Strike_B","Defend_B","Defend_B","Defend_B","Defend_B"]},{"damage_healed":0,"gold_gain":0,"player_choice":"Max HP","damage_taken":0,"max_hp_gain":0,"max_hp_loss":4,"event_name":"Winding Halls","floor":37,"gold_loss":0},{"damage_healed":0,"gold_gain":0,"player_choice":"Ignored","damage_taken":0,"max_hp_gain":0,"max_hp_loss":0,"event_name":"Tomb of Lord Red Mask","floor":38,"gold_loss":0},{"damage_healed":0,"gold_gain":0,"cards_transformed":["Strike_B"],"player_choice":"Transformed","damage_taken":0,"max_hp_gain":0,"max_hp_loss":0,"event_name":"Transmorgrifier","floor":48,"gold_loss":0,"cards_obtained":["Skim"]}],"is_beta":false,"boss_relics":[{"not_picked":["Philosopher\u0027s Stone","White Beast Statue"],"picked":"Inserter"},{"not_picked":["Busted Crown","Nuclear Battery"],"picked":"Sozu"}],"items_purged_floors":[19,22,47],"is_endless":false,"potions_floor_spawned":[1,7,10,12,16,18,21,27,28,36,41,45],"ascension_level":20}