{"gold_per_floor":[117,117,42,52,68,68,68,101,154,154,172,172,172,189,189,291,291,308,33,47,47],"floor_reached":21,"playtime":789,"items_purged":["Strike_R","Strike_R"],"score":179,"play_id":"6d9b5816-0831-4398-9ce9-5e5b20e5de34","local_time":"20190203041623","is_ascension_mode":false,"campfire_choices":[{"data":"Uppercut","floor":6,"key":"SMITH"},{"data":"Bash","floor":10,"key":"SMITH"},{"data":"Flex","floor":12,"key":"SMITH"},{"data":"Bash","floor":15,"key":"SMITH"}],"neow_cost":"NONE","seed_source_timestamp":594903331435304,"circlet_count":0,"master_deck":["Strike_R","Strike_R","Defend_R","Defend_R","Defend_R","Bash+1","Uppercut+1","Defend_G","Flex+1","Bash+1","Heavy Blade","Clothesline","Limit Break","Clothesline"],"relics":["Burning Blood","Orichalcum","Potion Belt","Tiny Chest","White Beast Statue"],"potions_floor_usage":[8,11,16,16,20,21],"damage_taken":[{"damage":6,"enemies":"2 Louse","floor":1,"turns":3},{"damage":1,"enemies":"Cultist","floor":4,"turns":3},{"damage":1,"enemies":"Small Slimes","floor":5,"turns":3},{"damage":14,"enemies":"Lagavulin","floor":8,"turns":5},{"damage":14,"enemies":"Gremlin Gang","floor":11,"turns":4},{"damage":2,"enemies":"Large Slime","floor":14,"turns":5},{"damage":59,"enemies":"Slime Boss","floor":16,"turns":14},{"damage":15,"enemies":"2 Thieves","floor":18,"turns":4},{"damage":55,"enemies":"3 Byrds","floor":20,"turns":9},{"damage":24,"enemies":"3 Cultists","floor":21,"turns":4}],"seed_played":"8285450815652750921","potions_obtained":[{"floor":4,"key":"Fire Potion"},{"floor":8,"key":"Fire Potion"},{"floor":11,"key":"Poison Potion"},{"floor":14,"key":"GamblersBrew"},{"floor":18,"key":"FearPotion"},{"floor":20,"key":"Weak Potion"}],"is_trial":false,"path_per_floor":["M","?","$","M","M","R","?","E","T","R","M","R","?","M","R","B",null,"M","$","M","M"],"character_chosen":"IRONCLAD","items_purchased":["Limit Break","Clothesline"],"campfire_rested":0,"item_purchase_floors":[19,19],"current_hp_per_floor":[80,80,80,80,80,80,80,72,72,72,64,64,64,68,68,15,80,71,71,22,0],"gold":47,"neow_bonus":"RANDOM_COMMON_RELIC","is_prod":false,"is_daily":false,"chose_seed":false,"campfire_upgraded":4,"win_rate":0,"timestamp":1549196183,"path_taken":["M","?","$","?","M","R","?","E","T","R","?","R","?","M","R","BOSS","M","$","?","?"],"build_version":"2019-01-23","purchased_purges":2,"victory":false,"max_hp_per_floor":[80,80,80,80,80,80,80,80,80,80,80,80,80,80,80,80,80,80,80,80,80],"card_choices":[{"not_picked":["True Grit","Evolve"],"picked":"Uppercut","floor":1},{"not_picked":["Evolve","Battle Trance","Body Slam"],"picked":"SKIP","floor":4},{"not_picked":["Headbutt","Burning Pact","Iron Wave"],"picked":"SKIP","floor":5},{"not_picked":["Headbutt","Searing Blow"],"picked":"Flex","floor":8},{"not_picked":["Corruption","Entrench","Havoc"],"picked":"SKIP","floor":11},{"not_picked":["Shockwave","Rage"],"picked":"Heavy Blade","floor":14},{"not_picked":["Sever Soul","Perfected Strike"],"picked":"Clothesline","floor":18},{"not_picked":["Searing Blow","Heavy Blade","Burning Pact"],"picked":"SKIP","floor":20}],"player_experience":232672,"relics_obtained":[{"floor":8,"key":"Potion Belt"},{"floor":9,"key":"Tiny Chest"}],"event_choices":[{"cards_removed":["Strike_R"],"damage_healed":0,"gold_gain":0,"player_choice":"Card Removal","damage_taken":0,"max_hp_gain":0,"max_hp_loss":0,"event_name":"Wheel of Change","floor":2,"gold_loss":0},{"cards_removed":["Defend_R"],"damage_healed":0,"gold_gain":0,"player_choice":"Took Card","damage_taken":0,"max_hp_gain":0,"max_hp_loss":0,"event_name":"NoteForYourself","floor":7,"gold_loss":0,"cards_obtained":["Defend_G"]},{"damage_healed":0,"gold_gain":0,"player_choice":"1 cards matched","damage_taken":0,"max_hp_gain":0,"max_hp_loss":0,"event_name":"Match and Keep!","floor":13,"gold_loss":0,"cards_obtained":["Bash"]}],"is_beta":false,"boss_relics":[{"not_picked":["Ectoplasm","Cursed Key"],"picked":"White Beast Statue"}],"items_purged_floors":[3,19],"is_endless":false,"potions_floor_spawned":[4,8,11,14,18,20],"killed_by":"3 Cultists","ascension_level":0}