{"path_per_floor":["M","M","?","?","M","R","M","M","T","M","E","?","$","M","R","B",null,"M","M","?","?","M","R"],"character_chosen":"THE_SILENT","items_purchased":["Molten Egg 2"],"gold_per_floor":[115,128,228,228,238,238,254,274,301,320,347,312,59,71,71,171,171,153,163,63,63,78,78,78],"floor_reached":24,"campfire_rested":2,"playtime":1402,"current_hp_per_floor":[66,66,66,66,66,66,56,38,38,38,20,37,37,37,58,29,70,65,51,51,51,24,45,0],"items_purged":[],"gold":78,"score":200,"play_id":"e26272e3-1e71-41d9-b486-c7689bf52e83","local_time":"20180330034936","is_prod":false,"is_daily":false,"is_ascension_mode":false,"campfire_upgraded":1,"timestamp":1522406976,"path_taken":["M","?","?","?","M","R","M","?","T","M","E","?","$","M","R","BOSS","M","M","?","?","M","R","M"],"build_version":"2018-03-29v2","purchased_purges":0,"victory":false,"master_deck":["Defend_G","Defend_G","Defend_G","Defend_G","Defend_G","Strike_G","Strike_G","Strike_G","Strike_G","Strike_G","Survivor","Neutralize+1","Slice","Poisoned Stab+1","Dash","Acrobatics","Adrenaline","Prepared","Deadly Poison","Underhanded Strike+1","Corpse Explosion+1","Catalyst+1","Well Laid Plans","J.A.X.","Eviscerate+1"],"max_hp_per_floor":[70,70,70,70,70,70,70,70,70,70,70,70,70,70,70,70,70,70,70,70,70,70,70,70],"relics":["Ring of the Snake","Prayer Wheel","Sundial","Molten Egg 2","Snecko Eye"],"card_choices":[{"not_picked":["Dash","Prepared"],"picked":"Slice","floor":1},{"not_picked":["Eviscerate","Reflex"],"picked":"Poisoned Stab","floor":2},{"not_picked":["Heel Hook","Calculated Gamble"],"picked":"Dash","floor":5},{"not_picked":["Riddle With Holes","PiercingWail"],"picked":"Acrobatics","floor":7},{"not_picked":["Sucker Punch","Dagger Throw"],"picked":"Adrenaline","floor":8},{"not_picked":["Heel Hook","Eviscerate"],"picked":"Prepared","floor":10},{"not_picked":["Distraction","Caltrops"],"picked":"Deadly Poison","floor":11},{"not_picked":["PiercingWail","Sucker Punch"],"picked":"Underhanded Strike","floor":14},{"not_picked":["Night Terror","Unload"],"picked":"Corpse Explosion","floor":16},{"not_picked":["PiercingWail","Poisoned Stab"],"picked":"Catalyst","floor":18},{"not_picked":["Acrobatics","Terror"],"picked":"Well Laid Plans","floor":19},{"not_picked":["All Out Attack","Finisher"],"picked":"Eviscerate","floor":22}],"player_experience":39288,"potions_floor_usage":[16,19,22,22,24],"damage_taken":[{"damage":4,"enemies":"Cultist","floor":1,"turns":5},{"damage":0,"enemies":"Jaw Worm","floor":2,"turns":4},{"damage":0,"enemies":"Small Slimes","floor":5,"turns":3},{"damage":10,"enemies":"Exordium Wildlife","floor":7,"turns":7},{"damage":18,"enemies":"Exordium Thugs","floor":8,"turns":6},{"damage":0,"enemies":"Blue Slaver","floor":10,"turns":3},{"damage":18,"enemies":"3 Sentries","floor":11,"turns":9},{"damage":0,"enemies":"3 Louse","floor":14,"turns":5},{"damage":29,"enemies":"Slime Boss","floor":16,"turns":12},{"damage":5,"enemies":"2 Thieves","floor":18,"turns":4},{"damage":14,"enemies":"Shell Parasite","floor":19,"turns":4},{"damage":42,"enemies":"Centurion and Healer","floor":22,"turns":6},{"damage":54,"enemies":"Sentry and Sphere","floor":24,"turns":5}],"event_choices":[{"event_name":"Golden Shrine","player_choice":"Pray","floor":3,"damage_taken":0},{"event_name":"Accursed Blacksmith","player_choice":"Forge","floor":4,"damage_taken":0},{"event_name":"The Cleric","player_choice":"Healed","floor":12,"damage_taken":0},{"event_name":"Drug Dealer","player_choice":"Got JAXXED","floor":20,"damage_taken":0},{"event_name":"The Lab","player_choice":"Got Potions","floor":21,"damage_taken":0}],"boss_relics":[{"not_picked":["Philosopher\u0027s Stone","Sozu"],"picked":"Snecko Eye"}],"potions_floor_spawned":[1,10,11,19],"seed_played":"6025884711464188680","killed_by":"Sentry and Sphere","ascension_level":0,"is_trial":false}