{"path_per_floor":["M","?","$","M","M","E","M","?","T","M","?","M","R","M","R","B",null,"M","?","?","$","M","R","E","M","T","M"],"character_chosen":"THE_SILENT","items_purchased":["Noxious Fumes","Mercury Hourglass"],"gold_per_floor":[109,109,31,47,64,96,115,115,115,135,135,150,150,170,170,266,266,283,253,253,15,31,31,63,76,147,163,163],"floor_reached":28,"campfire_rested":2,"playtime":1695,"current_hp_per_floor":[68,68,68,68,68,45,36,22,22,22,27,27,49,49,49,3,75,46,46,30,30,13,35,13,10,10,5,0],"items_purged":[],"gold":163,"score":242,"play_id":"223fe9f7-d716-47c8-b209-ae4f697e129a","local_time":"20180330022414","is_prod":false,"is_daily":false,"is_ascension_mode":false,"campfire_upgraded":1,"timestamp":1522401854,"path_taken":["M","?","$","?","M","E","M","?","T","M","?","M","R","M","R","BOSS","M","?","?","$","M","R","E","M","T","M","M"],"build_version":"2018-03-29v2","purchased_purges":0,"victory":false,"master_deck":["Defend_G+1","Defend_G","Defend_G","Defend_G","Defend_G","Strike_G","Strike_G","Strike_G","Strike_G","Strike_G","Survivor","Neutralize+1","Sucker Punch","Noxious Fumes+1","Well Laid Plans","Prepared","Backstab+1","Dagger Throw","Decay","Deflect","Deadly Poison","Prepared","A Thousand Cuts","Backflip","Backflip","Deadly Poison","Prepared","All Out Attack","After Image","Endless Agony+1","Underhanded Strike","Slice","Parasite","Bouncing Flask"],"max_hp_per_floor":[70,70,70,70,70,70,70,70,70,70,75,75,75,75,75,75,75,75,75,75,75,75,75,75,75,75,75,75],"relics":["Cursed Key","Pantograph","Orrery","Mercury Hourglass","Gremlin Horn","Tough Bandages"],"card_choices":[{"not_picked":["Dagger Throw","Masterful Stab"],"picked":"Sucker Punch","floor":1},{"not_picked":["Dagger Spray","Underhanded Strike"],"picked":"Well Laid Plans","floor":4},{"not_picked":["Sucker Punch","Flying Knee"],"picked":"Prepared","floor":5},{"not_picked":["Bane","Quick Slash"],"picked":"Backstab","floor":6},{"not_picked":["Finisher","Well Laid Plans"],"picked":"Dagger Throw","floor":7},{"not_picked":["Burst","Underhanded Strike"],"picked":"Deflect","floor":10},{"not_picked":["Catalyst","Escape Plan"],"picked":"Deadly Poison","floor":12},{"not_picked":["Poisoned Stab","Acrobatics"],"picked":"Prepared","floor":14},{"not_picked":["Bullet Time","Tools of the Trade"],"picked":"A Thousand Cuts","floor":16},{"not_picked":["Bane","Dodge and Roll"],"picked":"Backflip","floor":17},{"not_picked":["Riddle With Holes","Dagger Throw"],"picked":"Backflip","floor":17},{"not_picked":["Leg Sweep","Flying Knee"],"picked":"Deadly Poison","floor":17},{"not_picked":["Calculated Gamble","Distraction"],"picked":"Prepared","floor":17},{"not_picked":["Blade Dance","Dagger Spray"],"picked":"All Out Attack","floor":17},{"not_picked":["Terror","Heel Hook"],"picked":"After Image","floor":18},{"not_picked":["Distraction","Flying Knee"],"picked":"Endless Agony","floor":22},{"not_picked":["Dash","Poisoned Stab"],"picked":"Underhanded Strike","floor":24},{"not_picked":["Poisoned Stab","PiercingWail"],"picked":"Slice","floor":25},{"not_picked":["Well Laid Plans","Masterful Stab"],"picked":"Bouncing Flask","floor":27}],"player_experience":33946,"potions_floor_usage":[7,12,16,18,24,24,24,25,27],"damage_taken":[{"damage":2,"enemies":"Jaw Worm","floor":1,"turns":6},{"damage":0,"enemies":"Cultist","floor":4,"turns":5},{"damage":0,"enemies":"2 Louse","floor":5,"turns":3},{"damage":23,"enemies":"3 Sentries","floor":6,"turns":9},{"damage":9,"enemies":"Lots of Slimes","floor":7,"turns":4},{"damage":0,"enemies":"2 Fungi Beasts","floor":10,"turns":3},{"damage":0,"enemies":"3 Louse","floor":12,"turns":3},{"damage":0,"enemies":"Exordium Thugs","floor":14,"turns":5},{"damage":71,"enemies":"Slime Boss","floor":16,"turns":15},{"damage":29,"enemies":"Chosen","floor":18,"turns":5},{"damage":17,"enemies":"Spheric Guardian","floor":22,"turns":4},{"damage":37,"enemies":"Slavers","floor":24,"turns":5},{"damage":3,"enemies":"Snake Plant","floor":25,"turns":5},{"damage":5,"enemies":"Centurion and Healer","floor":27,"turns":6},{"damage":12,"enemies":"Snecko","floor":28,"turns":2}],"event_choices":[{"event_name":"Living Wall","player_choice":"Grow","floor":2,"damage_taken":0},{"event_name":"Shining Light","player_choice":"Entered Light","floor":8,"damage_taken":0},{"event_name":"Big Fish","player_choice":"Donut","floor":11,"damage_taken":0},{"event_name":"The Woman in Blue","player_choice":"Bought 2 Potions","floor":19,"damage_taken":0},{"event_name":"Cursed Tome","player_choice":"Obtained Book","floor":20,"damage_taken":0}],"boss_relics":[{"not_picked":["Black Star","Philosopher\u0027s Stone"],"picked":"Orrery"}],"potions_floor_spawned":[4,7,10,16,22,24,25,27],"seed_played":"-5166516020953088693","killed_by":"Snecko","ascension_level":0,"is_trial":false}