{"gold_per_floor":[112,130,149,167,217,217,244,244,244,273,273,308,319,332,332,407,407,426,426,446,456,288,323,323,338,338,338,338,371,371,158,158,230,230,243,243,243,243,259,259,277,277,277,277,303,321,356,376,376,376,376,376,376,62,93,93],"floor_reached":57,"playtime":2818,"items_purged":["Pain"],"score":2815,"play_id":"5c1cd50d-26e3-4588-9688-9e0d99f1dec3","local_time":"20181223113900","is_ascension_mode":true,"campfire_choices":[{"data":"Clothesline","floor":6,"key":"SMITH"},{"floor":8,"key":"REST"},{"floor":11,"key":"REST"},{"data":"True Grit","floor":15,"key":"SMITH"},{"data":"Bash","floor":24,"key":"SMITH"},{"data":"Inflame","floor":27,"key":"SMITH"},{"floor":30,"key":"RECALL"},{"data":"Fiend Fire","floor":32,"key":"SMITH"},{"data":"Headbutt","floor":40,"key":"SMITH"},{"data":"Defend_R","floor":42,"key":"SMITH"},{"data":"Defend_R","floor":44,"key":"SMITH"},{"data":"Defend_R","floor":49,"key":"SMITH"},{"data":"Warcry","floor":53,"key":"SMITH"}],"neow_cost":"NONE","seed_source_timestamp":27784715932389,"circlet_count":0,"master_deck":["AscendersBane","Strike_R","Strike_R","Strike_R","Strike_R","Strike_R","Defend_R+1","Defend_R+1","Defend_R+1","Defend_R+1","Bash+1","Clothesline+1","Inflame+1","Thunderclap","Fiend Fire+1","Demon Form+1","True Grit+1","Dark Embrace+1","Feel No Pain+1","Headbutt+1","Whirlwind+1","Sentinel","Flex+1","Necronomicurse","Barricade+1","Reaper","Evolve+1","Warcry+1","Dark Shackles","Dual Wield"],"special_seed":0,"relics":["Burning Blood","Lantern","Centennial Puzzle","Frozen Egg 2","Magic Flower","Runic Pyramid","WarpedTongs","Meat on the Bone","Orichalcum","Necronomicon","War Paint","Lee\u0027s Waffle","Busted Crown","Potion Belt","Vajra","Red Skull","Anchor"],"potions_floor_usage":[10,13,50,55,56,56],"damage_taken":[{"damage":5.0,"enemies":"Cultist","floor":1.0,"turns":4.0},{"damage":1.0,"enemies":"2 Louse","floor":2.0,"turns":3.0},{"damage":10.0,"enemies":"Small Slimes","floor":3.0,"turns":4.0},{"damage":18.0,"enemies":"Gremlin Gang","floor":4.0,"turns":5.0},{"damage":26,"enemies":"Gremlin Nob","floor":7,"turns":4},{"damage":39,"enemies":"3 Sentries","floor":10,"turns":6},{"damage":8,"enemies":"Gremlin Nob","floor":12,"turns":3},{"damage":2,"enemies":"3 Louse","floor":13,"turns":2},{"damage":6,"enemies":"Exordium Wildlife","floor":14,"turns":2},{"damage":48,"enemies":"The Guardian","floor":16,"turns":9},{"damage":0,"enemies":"Chosen","floor":18,"turns":3},{"damage":21,"enemies":"Spheric Guardian","floor":20,"turns":4},{"damage":28,"enemies":"Snecko","floor":21,"turns":6},{"damage":0,"enemies":"Gremlin Leader","floor":23,"turns":6},{"damage":24,"enemies":"Snake Plant","floor":25,"turns":2},{"damage":12,"enemies":"Book of Stabbing","floor":29,"turns":4},{"damage":79,"enemies":"Collector","floor":33,"turns":10},{"damage":2,"enemies":"Orb Walker","floor":35,"turns":2},{"damage":24,"enemies":"3 Darklings","floor":39,"turns":5},{"damage":89,"enemies":"4 Shapes","floor":41,"turns":5},{"damage":8,"enemies":"Maw","floor":46,"turns":7},{"damage":35,"enemies":"Reptomancer","floor":47,"turns":5},{"damage":40,"enemies":"Jaw Worm Horde","floor":48,"turns":4},{"damage":76,"enemies":"Donu and Deca","floor":50,"turns":9},{"damage":20,"enemies":"Time Eater","floor":51,"turns":3},{"damage":50,"enemies":"Shield and Spear","floor":55,"turns":5},{"damage":222,"enemies":"The Heart","floor":56,"turns":9}],"seed_played":"5646854575967596999","potions_obtained":[{"floor":3.0,"key":"SteroidPotion"},{"floor":7,"key":"Explosive Potion"},{"floor":12,"key":"Fire Potion"},{"floor":16,"key":"Fire Potion"},{"floor":46,"key":"Energy Potion"}],"is_trial":false,"path_per_floor":["M","M","M","M","M","?","R","E","R","T","E","R","E","M","M","R","B",null,"M","?","M","M","$","E","R","M","T","R","?","E","R","$","R","B",null,"M","?","?","?","M","R","M","R","T","R","T","M","E","M","R","B","B",null,"R","$","E","B",null],"character_chosen":"IRONCLAD","items_purchased":["Whirlwind","Fire Potion","Lee\u0027s Waffle","Red Skull","SteroidPotion","Dark Shackles"],"campfire_rested":2,"item_purchase_floors":[22,22,31,54,54,54],"current_hp_per_floor":[69,74,70,58,51,51,31,53,53,20,42,40,47,50,50,11,59,68,68,56,37,37,46,46,49,49,49,28,43,43,82,82,30,69,76,76,76,76,78,78,65,65,65,65,65,78,78,78,78,29,36,68,68,68,72,54],"gold":93,"neow_bonus":"RANDOM_COLORLESS","is_prod":false,"is_daily":false,"chose_seed":false,"campfire_upgraded":10,"win_rate":0,"timestamp":1545583140,"path_taken":["M","M","M","?","?","R","E","R","T","E","R","E","?","M","R","BOSS","M","?","M","M","$","E","R","?","T","R","?","E","R","?","R","BOSS","M","?","?","?","M","R","?","R","T","R","?","M","E","M","R","BOSS","BOSS","R","$","E","BOSS"],"build_version":"2018-12-20","purchased_purges":1,"victory":true,"max_hp_per_floor":[75,75,75,75,75,75,75,75,75,75,75,75,75,75,75,75,75,75,75,75,75,75,75,75,75,75,75,75,75,75,82,82,82,82,82,78,78,78,78,78,78,78,78,78,78,78,78,78,78,78,78,78,78,78,78,78],"card_choices":[{"not_picked":["Shockwave","Armaments"],"picked":"Clothesline","floor":1.0},{"not_picked":["Pommel Strike","Corruption"],"picked":"Inflame","floor":2.0},{"not_picked":["Cleave","Dark Embrace"],"picked":"Thunderclap","floor":3.0},{"not_picked":["Pommel Strike","Flex","Heavy Blade"],"picked":"SKIP","floor":4.0},{"not_picked":["Entrench","Clothesline"],"picked":"Fiend Fire","floor":7},{"not_picked":["Hemokinesis","Clash","Iron Wave"],"picked":"SKIP","floor":10},{"not_picked":["True Grit","Bloodletting"],"picked":"Demon Form+1","floor":12},{"not_picked":["Clothesline","Entrench","Wild Strike"],"picked":"SKIP","floor":13},{"not_picked":["Clothesline","Headbutt"],"picked":"True Grit","floor":14},{"not_picked":["Bludgeon","Limit Break"],"picked":"Dark Embrace+1","floor":16},{"not_picked":["Sever Soul","Twin Strike"],"picked":"Feel No Pain+1","floor":18},{"not_picked":["Clothesline","Anger"],"picked":"Headbutt","floor":20},{"not_picked":["Reckless Charge","Iron Wave","Body Slam"],"picked":"SKIP","floor":21},{"not_picked":["Havoc+1","Pommel Strike"],"picked":"Sentinel","floor":23},{"not_picked":["Heavy Blade","Wild Strike"],"picked":"Flex+1","floor":25},{"not_picked":["Flex","Iron Wave"],"picked":"Barricade+1","floor":29},{"not_picked":["Berserk+1","Barricade+1"],"picked":"Reaper","floor":33},{"not_picked":["Clothesline+1"],"picked":"SKIP","floor":35},{"not_picked":["Clothesline"],"picked":"SKIP","floor":39},{"not_picked":[],"picked":"Evolve+1","floor":41},{"not_picked":["Searing Blow+1"],"picked":"SKIP","floor":46},{"not_picked":[],"picked":"Warcry","floor":47},{"not_picked":["Wild Strike"],"picked":"SKIP","floor":48},{"not_picked":[],"picked":"Dual Wield","floor":55}],"player_experience":915338,"relics_obtained":[{"floor":7,"key":"Lantern"},{"floor":9,"key":"Centennial Puzzle"},{"floor":10,"key":"Frozen Egg 2"},{"floor":12,"key":"Magic Flower"},{"floor":23,"key":"Meat on the Bone"},{"floor":26,"key":"Orichalcum"},{"floor":28,"key":"Necronomicon"},{"floor":29,"key":"War Paint"},{"floor":45,"key":"Potion Belt"},{"floor":47,"key":"Vajra"},{"floor":55,"key":"Anchor"}],"event_choices":[{"damage_healed":0,"gold_gain":50,"player_choice":"Touch","damage_taken":7,"max_hp_gain":0,"max_hp_loss":0,"event_name":"FaceTrader","floor":5,"gold_loss":0},{"damage_healed":0,"gold_gain":0,"player_choice":"Rummage","damage_taken":0,"relics_obtained":["WarpedTongs"],"max_hp_gain":0,"max_hp_loss":0,"event_name":"Accursed Blacksmith","floor":19,"gold_loss":0,"cards_obtained":["Pain"]},{"damage_healed":0,"gold_gain":0,"player_choice":"Obtained Book","damage_taken":21,"max_hp_gain":0,"max_hp_loss":0,"event_name":"Cursed Tome","floor":28,"gold_loss":0},{"damage_healed":0,"gold_gain":0,"player_choice":"Max HP","damage_taken":0,"max_hp_gain":0,"max_hp_loss":4,"event_name":"Winding Halls","floor":36,"gold_loss":0},{"cards_removed":["Finesse"],"damage_healed":0,"gold_gain":0,"player_choice":"Removed Skill","damage_taken":0,"max_hp_gain":0,"max_hp_loss":0,"event_name":"Falling","floor":37,"gold_loss":0},{"damage_healed":0,"gold_gain":0,"player_choice":"Upgraded","damage_taken":0,"max_hp_gain":0,"max_hp_loss":0,"event_name":"Upgrade Shrine","floor":38,"gold_loss":0,"cards_upgraded":["Whirlwind"]}],"is_beta":true,"boss_relics":[{"not_picked":["White Beast Statue","Runic Dome"],"picked":"Runic Pyramid"},{"not_picked":["Calling Bell","Cursed Key"],"picked":"Busted Crown"}],"items_purged_floors":[22],"is_endless":false,"potions_floor_spawned":[3,7,12,16,25,29,35,46],"ascension_level":20}