{"gold_per_floor":[119,119,30,105,105,160,171,186,186,186,199,215,215,232,232,331,331,349,120,134,34,34,34,34,47,70,83,83,83,83,96,96,96],"floor_reached":33,"playtime":922,"items_purged":["Doubt","Decay"],"score":249,"play_id":"2ee49fda-469e-43cf-b326-481eccc5673d","local_time":"20190130044037","is_ascension_mode":false,"campfire_choices":[{"data":"Limit Break","floor":10,"key":"SMITH"},{"floor":15,"key":"REST"},{"floor":23,"key":"REST"},{"floor":29,"key":"REST"},{"floor":32,"key":"REST"}],"neow_cost":"NONE","seed_source_timestamp":250595209841134,"circlet_count":0,"master_deck":["Strike_R","Strike_R","Strike_R","Strike_R","Strike_R","Defend_R","Defend_R","Defend_R","Defend_R","Bash","Bandage Up","Limit Break+1","Heavy Blade","Inflame","Demon Form","Injury","Heavy Blade","Inflame","Heavy Blade+1","Flex"],"relics":["Burning Blood","Ancient Tea Set","Tiny Chest","Gremlin Horn","Mummified Hand","Calling Bell","Anchor","Pear","Calipers","Dream Catcher","Blood Vial","Orichalcum"],"potions_floor_usage":[12,14,16,18,22,25,27,31],"damage_taken":[{"damage":5,"enemies":"2 Louse","floor":1,"turns":3},{"damage":36,"enemies":"Gremlin Nob","floor":6,"turns":5},{"damage":11,"enemies":"Small Slimes","floor":7,"turns":3},{"damage":6,"enemies":"Jaw Worm","floor":8,"turns":3},{"damage":22,"enemies":"Exordium Thugs","floor":11,"turns":5},{"damage":2,"enemies":"Blue Slaver","floor":12,"turns":2},{"damage":21,"enemies":"3 Louse","floor":14,"turns":4},{"damage":55,"enemies":"The Guardian","floor":16,"turns":8},{"damage":34,"enemies":"Spheric Guardian","floor":18,"turns":5},{"damage":26,"enemies":"Chosen","floor":20,"turns":6},{"damage":0,"enemies":"Shelled Parasite and Fungi","floor":22,"turns":1},{"damage":24,"enemies":"Centurion and Healer","floor":25,"turns":6},{"damage":28,"enemies":"Snecko","floor":27,"turns":5},{"damage":25,"enemies":"Snake Plant","floor":31,"turns":4},{"damage":82,"enemies":"Collector","floor":33,"turns":6}],"seed_played":"627496952046440511","potions_obtained":[{"floor":7,"key":"LiquidBronze"},{"floor":8,"key":"Poison Potion"},{"floor":11,"key":"AttackPotion"},{"floor":12,"key":"BloodPotion"},{"floor":16,"key":"SteroidPotion"},{"floor":20,"key":"SmokeBomb"},{"floor":25,"key":"Weak Potion"},{"floor":27,"key":"PowerPotion"}],"is_trial":false,"path_per_floor":["M","?","$","?","$","E","M","M","T","R","M","M","T","M","R","B",null,"M","$","M","$","M","R","?","M","T","M","$","R","T","M","R","B"],"character_chosen":"IRONCLAD","items_purchased":["Bandage Up","Dream Catcher"],"campfire_rested":4,"item_purchase_floors":[3,19],"current_hp_per_floor":[80,80,80,69,69,43,42,46,46,46,34,42,42,39,63,18,90,62,62,46,46,52,79,63,49,49,33,33,60,60,47,74,0],"gold":96,"neow_bonus":"RANDOM_COMMON_RELIC","is_prod":false,"is_daily":false,"chose_seed":false,"campfire_upgraded":1,"win_rate":0,"timestamp":1548852037,"path_taken":["M","?","$","?","$","E","M","M","T","R","M","M","?","M","R","BOSS","M","$","M","$","M","R","?","M","T","M","$","R","?","M","R","BOSS"],"build_version":"2019-01-23","purchased_purges":2,"victory":false,"max_hp_per_floor":[80,80,80,80,80,80,80,80,80,80,80,80,80,80,80,80,90,90,90,90,90,90,90,90,90,90,90,90,90,90,90,90,90],"card_choices":[{"not_picked":["Twin Strike","Sword Boomerang","Anger"],"picked":"SKIP","floor":1},{"not_picked":["Cleave","Dropkick","Uppercut"],"picked":"SKIP","floor":6},{"not_picked":["Sword Boomerang","Twin Strike","True Grit"],"picked":"SKIP","floor":7},{"not_picked":["Thunderclap","Headbutt"],"picked":"Limit Break","floor":8},{"not_picked":["Ghostly Armor","Cleave","Shrug It Off"],"picked":"SKIP","floor":11},{"not_picked":["Rage","Reckless Charge"],"picked":"Heavy Blade","floor":12},{"not_picked":["Twin Strike","Perfected Strike"],"picked":"Inflame","floor":14},{"not_picked":["Impervious","Exhume"],"picked":"Demon Form","floor":16},{"not_picked":["Clash","Iron Wave+1","Anger"],"picked":"SKIP","floor":18},{"not_picked":["Seeing Red+1","Pommel Strike"],"picked":"Heavy Blade","floor":20},{"not_picked":["Entrench","Feel No Pain+1"],"picked":"Inflame","floor":23},{"not_picked":["Corruption","True Grit"],"picked":"Heavy Blade+1","floor":25},{"not_picked":["Shrug It Off","Wild Strike","Twin Strike"],"picked":"SKIP","floor":27},{"not_picked":["Anger","Pommel Strike","Thunderclap"],"picked":"SKIP","floor":31},{"not_picked":["Wild Strike+1","Perfected Strike"],"picked":"Flex","floor":32}],"player_experience":226329,"relics_obtained":[{"floor":6,"key":"Tiny Chest"},{"floor":9,"key":"Gremlin Horn"},{"floor":13,"key":"Mummified Hand"},{"floor":17,"key":"Anchor"},{"floor":17,"key":"Pear"},{"floor":17,"key":"Calipers"},{"floor":26,"key":"Blood Vial"},{"floor":30,"key":"Orichalcum"}],"event_choices":[{"damage_healed":0,"gold_gain":0,"player_choice":"Leave","damage_taken":0,"max_hp_gain":0,"max_hp_loss":0,"event_name":"The Cleric","floor":2,"gold_loss":0},{"damage_healed":0,"gold_gain":75,"player_choice":"Gather Gold","damage_taken":11,"max_hp_gain":0,"max_hp_loss":0,"event_name":"World of Goop","floor":4,"gold_loss":0},{"damage_healed":0,"gold_gain":0,"player_choice":"Obtained Book","damage_taken":16,"max_hp_gain":0,"max_hp_loss":0,"event_name":"Cursed Tome","floor":24,"gold_loss":0}],"is_beta":false,"boss_relics":[{"not_picked":["Cursed Key","Astrolabe"],"picked":"Calling Bell"}],"items_purged_floors":[19,21],"is_endless":false,"potions_floor_spawned":[7,8,11,12,16,20,25,27],"killed_by":"Collector","ascension_level":0}