{"gold_per_floor":[109,109,123,139,151,151,176,187,214,214,229,13,43,67,67,141,141,158,158,34,34,45,45,64,64,139,35,64,64,64],"floor_reached":30,"playtime":1451,"items_purged":["Strike_G","Strike_G"],"score":464,"play_id":"9f993e20-1909-45e9-8ca1-c1b56a20974e","local_time":"20190311144438","is_ascension_mode":true,"campfire_choices":[{"floor":6,"key":"REST"},{"floor":10,"key":"REST"},{"data":"Bouncing Flask","floor":15,"key":"SMITH"},{"data":"Terror","floor":23,"key":"SMITH"},{"data":"Prepared","floor":25,"key":"SMITH"}],"neow_cost":"NONE","seed_source_timestamp":199157961870442,"circlet_count":0,"master_deck":["AscendersBane","Defend_G","Defend_G","Defend_G","Defend_G","Defend_G","Strike_G+1","Strike_G+1","Strike_G","Survivor","Neutralize","Bouncing Flask+1","Terror+1","Dagger Throw","Deadly Poison","Deadly Poison","Dodge and Roll","Dagger Spray","Prepared+1","Underhanded Strike","Malaise","Well Laid Plans+1","Crippling Poison","Dagger Throw","Tactician","Shame"],"relics":["Eternal Feather","Whetstone","Vajra","TwistedFunnel","Smiling Mask","Odd Mushroom","Coffee Dripper","Blue Candle","Boot","Dead Branch"],"potions_floor_usage":[13,14,16,24],"damage_taken":[{"damage":0,"enemies":"2 Louse","floor":1,"turns":4},{"damage":1,"enemies":"Jaw Worm","floor":3,"turns":4},{"damage":12,"enemies":"Small Slimes","floor":4,"turns":4},{"damage":28,"enemies":"Exordium Wildlife","floor":5,"turns":6},{"damage":30,"enemies":"Lagavulin","floor":7,"turns":7},{"damage":4,"enemies":"2 Fungi Beasts","floor":8,"turns":4},{"damage":5,"enemies":"Looter","floor":11,"turns":3},{"damage":18,"enemies":"Gremlin Nob","floor":13,"turns":3},{"damage":9,"enemies":"The Mushroom Lair","floor":14,"turns":2},{"damage":3,"enemies":"Hexaghost","floor":16,"turns":7},{"damage":6,"enemies":"Shell Parasite","floor":18,"turns":5},{"damage":2,"enemies":"Chosen","floor":22,"turns":3},{"damage":11,"enemies":"Snake Plant","floor":24,"turns":3},{"damage":35,"enemies":"Slavers","floor":28,"turns":6},{"damage":10,"enemies":"Colosseum Slavers","floor":30,"turns":1}],"seed_played":"-1085876941216615386","potions_obtained":[{"floor":3,"key":"Swift Potion"},{"floor":5,"key":"Strength Potion"},{"floor":14,"key":"Explosive Potion"},{"floor":16,"key":"LiquidBronze"},{"floor":22,"key":"Block Potion"}],"is_trial":false,"path_per_floor":["M","?","M","M","M","R","E","M","T","R","M","$","E","?","R","B",null,"M","?","$","?","M","R","M","R","T","$","E","?","?"],"character_chosen":"THE_SILENT","items_purchased":["TwistedFunnel","Crippling Poison","Dagger Throw"],"campfire_rested":2,"item_purchase_floors":[12,20,27],"current_hp_per_floor":[59,64,63,51,23,53,23,19,19,49,44,44,26,17,29,26,60,54,54,54,34,32,44,33,45,45,45,10,10,0],"gold":64,"neow_bonus":"BOSS_RELIC","is_prod":false,"is_daily":false,"chose_seed":false,"campfire_upgraded":3,"win_rate":0,"timestamp":1552329878,"path_taken":["M","?","M","M","M","R","E","M","T","R","M","$","E","?","R","BOSS","M","?","$","?","M","R","M","R","T","$","E","?","?"],"build_version":"2019-02-06","purchased_purges":2,"victory":false,"max_hp_per_floor":[66,71,71,71,71,71,71,71,71,71,71,71,71,71,71,71,71,71,71,71,76,76,76,76,76,76,76,76,76,76],"card_choices":[{"not_picked":["Underhanded Strike","Poisoned Stab"],"picked":"Bouncing Flask","floor":1},{"not_picked":["Prepared","Slice"],"picked":"Terror","floor":3},{"not_picked":["Reflex","Quick Slash"],"picked":"Dagger Throw","floor":4},{"not_picked":["Bane","Deflect"],"picked":"Deadly Poison","floor":5},{"not_picked":["Venomology","Choke"],"picked":"Deadly Poison","floor":7},{"not_picked":["Endless Agony","Poisoned Stab"],"picked":"Dodge and Roll","floor":8},{"not_picked":["Eviscerate","Quick Slash"],"picked":"Dagger Spray","floor":11},{"not_picked":["Venomology","Skewer"],"picked":"Prepared","floor":13},{"not_picked":["Concentrate","Calculated Gamble"],"picked":"Underhanded Strike","floor":14},{"not_picked":["Unload","Venomology"],"picked":"Malaise","floor":16},{"not_picked":["Dodge and Roll","Acrobatics"],"picked":"Well Laid Plans+1","floor":18},{"not_picked":["Underhanded Strike","Bane","Blade Dance"],"picked":"SKIP","floor":22},{"not_picked":["Slice","Deadly Poison","All Out Attack"],"picked":"SKIP","floor":24},{"not_picked":["Escape Plan","Quick Slash"],"picked":"Tactician","floor":28}],"player_experience":475748,"relics_obtained":[{"floor":7,"key":"Whetstone"},{"floor":9,"key":"Vajra"},{"floor":13,"key":"Smiling Mask"},{"floor":14,"key":"Odd Mushroom"},{"floor":26,"key":"Blue Candle"},{"floor":28,"key":"Boot"}],"event_choices":[{"damage_healed":0,"gold_gain":0,"player_choice":"Donut","damage_taken":0,"max_hp_gain":5,"max_hp_loss":0,"event_name":"Big Fish","floor":2,"gold_loss":0},{"damage_healed":0,"gold_gain":0,"player_choice":"Fought Mushrooms","damage_taken":0,"max_hp_gain":0,"max_hp_loss":0,"event_name":"Mushrooms","floor":14,"gold_loss":0},{"damage_healed":0,"gold_gain":0,"player_choice":"Ignored","damage_taken":0,"max_hp_gain":0,"max_hp_loss":0,"event_name":"The Mausoleum","floor":19,"gold_loss":0},{"damage_healed":0,"gold_gain":0,"player_choice":"Shed Blood","damage_taken":25,"max_hp_gain":5,"max_hp_loss":0,"event_name":"Forgotten Altar","floor":21,"gold_loss":0},{"damage_healed":0,"gold_gain":0,"player_choice":"Stole Relic","damage_taken":0,"relics_obtained":["Dead Branch"],"max_hp_gain":0,"max_hp_loss":0,"event_name":"Addict","floor":29,"gold_loss":0,"cards_obtained":["Shame"]},{"damage_healed":0,"gold_gain":0,"player_choice":"Fight","damage_taken":0,"max_hp_gain":0,"max_hp_loss":0,"event_name":"Colosseum","floor":30,"gold_loss":0}],"is_beta":true,"boss_relics":[{"not_picked":["Astrolabe","Fusion Hammer"],"picked":"Coffee Dripper"}],"items_purged_floors":[20,27],"is_endless":false,"potions_floor_spawned":[3,5,8,14,16,22],"killed_by":"Colosseum Slavers","ascension_level":16}