{"gold_per_floor":[217,217,292,303,303,303,36,63,117,132,132],"floor_reached":11,"playtime":238,"items_purged":[],"score":142,"play_id":"e180f1c7-d0b8-494a-8592-4cb8ed6b9f40","local_time":"20190321193745","is_ascension_mode":true,"campfire_choices":[{"data":"Neutralize","floor":6,"key":"SMITH"}],"neow_cost":"NONE","seed_source_timestamp":746278226744497,"circlet_count":0,"master_deck":["AscendersBane","Defend_G","Defend_G","Defend_G","Defend_G","Defend_G","Strike_G","Strike_G","Strike_G","Strike_G","Survivor","Neutralize+1","Dagger Throw","Dagger Spray","Cloak And Dagger","Cloak And Dagger"],"relics":["Ring of the Snake","Tingsha","Pantograph","Paper Crane","Anchor"],"potions_floor_usage":[11],"damage_taken":[{"damage":0,"enemies":"2 Louse","floor":1,"turns":3},{"damage":3,"enemies":"Jaw Worm","floor":4,"turns":5},{"damage":37,"enemies":"Gremlin Nob","floor":8,"turns":6},{"damage":0,"enemies":"Cultist","floor":10,"turns":3},{"damage":1,"enemies":"3 Sentries","floor":11,"turns":2}],"seed_played":"-1961577219811089223","potions_obtained":[{"floor":10,"key":"Energy Potion"}],"is_trial":false,"path_per_floor":["M","?","?","M","T","R","$","E","T","M","E"],"character_chosen":"THE_SILENT","items_purchased":["Pantograph"],"campfire_rested":0,"item_purchase_floors":[7],"current_hp_per_floor":[59,52,41,38,38,38,38,1,1,1,0],"gold":132,"neow_bonus":"HUNDRED_GOLD","is_prod":false,"is_daily":false,"chose_seed":false,"campfire_upgraded":1,"win_rate":0,"timestamp":1553211465,"path_taken":["M","?","?","M","?","R","?","E","T","M","E"],"build_version":"2019-03-15","purchased_purges":0,"victory":false,"max_hp_per_floor":[66,66,66,66,66,66,66,66,66,66,66],"card_choices":[{"not_picked":["Acrobatics","Accuracy"],"picked":"Dagger Throw","floor":1},{"not_picked":["Sucker Punch","Blur"],"picked":"Dagger Spray","floor":4},{"not_picked":["Quick Slash","Heel Hook"],"picked":"Cloak And Dagger","floor":8},{"not_picked":["Calculated Gamble","Flying Knee"],"picked":"Cloak And Dagger","floor":10}],"player_experience":1162286,"relics_obtained":[{"floor":5,"key":"Tingsha"},{"floor":8,"key":"Paper Crane"},{"floor":9,"key":"Anchor"}],"event_choices":[{"cards_removed":["Strike_G"],"damage_healed":0,"gold_gain":0,"player_choice":"Card Removal","damage_taken":7,"max_hp_gain":0,"max_hp_loss":0,"event_name":"Golden Wing","floor":2,"gold_loss":0},{"damage_healed":0,"gold_gain":75,"player_choice":"Gather Gold","damage_taken":11,"max_hp_gain":0,"max_hp_loss":0,"event_name":"World of Goop","floor":3,"gold_loss":0}],"is_beta":true,"boss_relics":[],"items_purged_floors":[],"is_endless":false,"potions_floor_spawned":[10],"killed_by":"3 Sentries","ascension_level":20}