{"gold_per_floor":[115,127,143,143,159,188,188,21,47,72,72,86,115,127,127,204,204,223,4,4,18,18,18,43,43,43,76,93,93,93,143,143,143],"floor_reached":33,"playtime":1189,"items_purged":[],"score":696,"play_id":"31499d25-468e-4fde-a3fe-7fe123381b35","local_time":"20181101215237","is_ascension_mode":true,"campfire_choices":[{"data":"Zap","floor":7.0,"key":"SMITH"},{"data":"Go for the Eyes","floor":11.0,"key":"SMITH"},{"data":"Hologram","floor":15.0,"key":"SMITH"},{"data":"Sweeping Beam","floor":23.0,"key":"SMITH"},{"data":"Melter","floor":30,"key":"SMITH"},{"floor":32,"key":"REST"}],"neow_cost":"PERCENT_DAMAGE","seed_source_timestamp":218032293077889,"circlet_count":0,"master_deck":["AscendersBane","Defend_B+1","Defend_B+1","Defend_B+1","Defend_B+1","Zap+1","Dualcast","Streamline","Tempest+1","Go for the Eyes+1","BootSequence","Melter+1","Ball Lightning","Conserve Battery","Hologram+1","Sweeping Beam+1","All For One","Go for the Eyes+1","BootSequence","Writhe","Conserve Battery","Bite","Bite","Bite","Bite","Bite","Core Surge","Cold Snap+1"],"special_seed":0,"relics":["Cracked Core","Mango","Art of War","Happy Flower","Bag of Marbles","War Paint","Bag of Preparation","Sozu","OrangePellets","Gambling Chip","Anchor","Ancient Tea Set"],"potions_floor_usage":[24],"damage_taken":[{"damage":2.0,"enemies":"2 Louse","floor":1.0,"turns":3.0},{"damage":1.0,"enemies":"Cultist","floor":2.0,"turns":3.0},{"damage":0.0,"enemies":"Small Slimes","floor":3.0,"turns":2.0},{"damage":1.0,"enemies":"Exordium Thugs","floor":5.0,"turns":3.0},{"damage":26.0,"enemies":"Lagavulin","floor":6.0,"turns":8.0},{"damage":10.0,"enemies":"Gremlin Nob","floor":10.0,"turns":3.0},{"damage":0.0,"enemies":"Large Slime","floor":12.0,"turns":4.0},{"damage":14.0,"enemies":"3 Sentries","floor":13.0,"turns":5.0},{"damage":0.0,"enemies":"2 Fungi Beasts","floor":14.0,"turns":2.0},{"damage":0.0,"enemies":"Slime Boss","floor":16.0,"turns":7.0},{"damage":7.0,"enemies":"3 Byrds","floor":18.0,"turns":4.0},{"damage":0.0,"enemies":"Shell Parasite","floor":21.0,"turns":2.0},{"damage":40,"enemies":"Book of Stabbing","floor":24,"turns":5},{"damage":30,"enemies":"Slavers","floor":27,"turns":6},{"damage":0,"enemies":"Centurion and Healer","floor":28,"turns":6},{"damage":57,"enemies":"Champ","floor":33,"turns":10}],"seed_played":"5068048428663634277","potions_obtained":[{"floor":1.0,"key":"Regen Potion"},{"floor":6.0,"key":"EntropicBrew"},{"floor":10.0,"key":"Block Potion"},{"floor":12.0,"key":"Regen Potion"}],"is_trial":false,"path_per_floor":["M","M","M","?","M","E","R","$","T","E","R","M","E","M","R","B",null,"M","$","?","M","?","R","E","?","T","E","M","?","R","?","R","B"],"character_chosen":"DEFECT","items_purchased":["Happy Flower","OrangePellets"],"campfire_rested":1,"item_purchase_floors":[8,19],"current_hp_per_floor":[58,57,57,57,56,45,45,45,45,35,35,35,35,35,35,35,73,66,66,66,66,66,66,26,26,26,6,22,22,22,22,39,0],"gold":143,"neow_bonus":"ONE_RARE_RELIC","is_prod":false,"is_daily":false,"chose_seed":false,"campfire_upgraded":5,"win_rate":0,"timestamp":1541123557,"path_taken":["M","M","M","?","M","E","R","$","T","E","R","M","E","M","R","BOSS","M","$","?","?","?","R","E","?","T","E","M","?","R","?","R","BOSS"],"build_version":"2018-11-01","purchased_purges":0,"victory":false,"max_hp_per_floor":[85,85,85,85,85,85,85,85,85,85,85,85,85,85,85,85,85,85,85,85,85,85,85,85,59,59,59,59,59,59,59,59,59],"card_choices":[{"not_picked":["Reinforced Body","Chill"],"picked":"Streamline","floor":1.0},{"not_picked":["Doom and Gloom","Beam Cell"],"picked":"Tempest","floor":2.0},{"not_picked":["Barrage","Stack"],"picked":"Go for the Eyes","floor":3.0},{"not_picked":["Sweeping Beam","Leap"],"picked":"BootSequence","floor":5.0},{"not_picked":["Storm","Rip and Tear"],"picked":"Melter","floor":6.0},{"not_picked":["Barrage","Stack"],"picked":"Ball Lightning","floor":10.0},{"not_picked":["Stack","Creative AI"],"picked":"Conserve Battery","floor":12.0},{"not_picked":["Beam Cell","Streamline"],"picked":"Hologram","floor":13.0},{"not_picked":["Reboot","Gash"],"picked":"Sweeping Beam","floor":14.0},{"not_picked":["Meteor Strike","Buffer"],"picked":"All For One","floor":16.0},{"not_picked":["Rebound+1","Force Field"],"picked":"Go for the Eyes+1","floor":18.0},{"not_picked":["Scrape","Heatsinks","Darkness"],"picked":"SKIP","floor":21.0},{"not_picked":["Coolheaded","Undo"],"picked":"Conserve Battery","floor":24},{"not_picked":["Coolheaded","Storm"],"picked":"Core Surge","floor":27},{"not_picked":["Redo","Leap"],"picked":"Cold Snap+1","floor":28}],"player_experience":808335,"relics_obtained":[{"floor":6.0,"key":"Art of War"},{"floor":9.0,"key":"Bag of Marbles"},{"floor":10.0,"key":"War Paint"},{"floor":13.0,"key":"Bag of Preparation"},{"floor":24,"key":"Anchor"},{"floor":27,"key":"Ancient Tea Set"}],"event_choices":[{"cards_removed":["Strike_B"],"damage_healed":0.0,"max_hp_gain":0.0,"max_hp_loss":0.0,"gold_gain":0.0,"event_name":"Purifier","player_choice":"Purged","floor":4.0,"gold_loss":0.0,"damage_taken":0.0},{"damage_healed":0.0,"max_hp_gain":0.0,"max_hp_loss":0.0,"gold_gain":0.0,"event_name":"Duplicator","player_choice":"Copied","floor":20.0,"gold_loss":0.0,"damage_taken":0.0,"cards_obtained":["BootSequence"]},{"damage_healed":0.0,"max_hp_gain":0.0,"max_hp_loss":0.0,"gold_gain":0.0,"event_name":"The Mausoleum","player_choice":"Opened","floor":22.0,"gold_loss":0.0,"damage_taken":0.0,"relics_obtained":["Gambling Chip"],"cards_obtained":["Writhe"]},{"damage_healed":0,"gold_gain":0,"player_choice":"Became a vampire","damage_taken":0,"max_hp_gain":0,"max_hp_loss":26,"event_name":"Vampires","floor":25,"gold_loss":0,"cards_obtained":["Bite","Bite","Bite","Bite","Bite"]},{"damage_healed":0,"gold_gain":0,"player_choice":"Simplicity","damage_taken":0,"max_hp_gain":0,"max_hp_loss":0,"event_name":"Back to Basics","floor":29,"gold_loss":0,"cards_upgraded":["Defend_B","Defend_B","Defend_B"]},{"damage_healed":0,"gold_gain":50,"player_choice":"Stole From Cult","damage_taken":0,"max_hp_gain":0,"max_hp_loss":0,"event_name":"Nest","floor":31,"gold_loss":0}],"is_beta":true,"boss_relics":[{"not_picked":["Coffee Dripper","Astrolabe"],"picked":"Sozu"}],"items_purged_floors":[],"is_endless":false,"potions_floor_spawned":[1,6,10,12,18,28],"killed_by":"Champ","ascension_level":18}