{"gold_per_floor":[111,130,150,6,6,6,41,53,53,53,3,3,3,22,22,123,123,136,136,51,51,51,51,84,100,100,100,127,143,178,191,191,290,290,305,305,305,324,128,160,172,190,259,259,279,279,279,292,292,292,292,292,28,56,56],"floor_reached":55,"playtime":8084,"items_purged":[],"score":1046,"play_id":"76fbcc73-547e-43e6-b11d-8d1018f09099","local_time":"20190318202932","is_ascension_mode":true,"campfire_choices":[{"data":"Poisoned Stab","floor":6.0,"key":"SMITH"},{"data":"After Image","floor":10.0,"key":"SMITH"},{"data":"Endless Agony","floor":13.0,"key":"SMITH"},{"data":"Infinite Blades","floor":15.0,"key":"SMITH"},{"data":"Ghostly","floor":23.0,"key":"SMITH"},{"floor":27.0,"key":"RECALL"},{"data":"Well Laid Plans","floor":32.0,"key":"SMITH"},{"floor":44.0,"key":"REST"},{"data":"Accuracy","floor":47.0,"key":"SMITH"},{"data":"Eviscerate","floor":49.0,"key":"SMITH"},{"data":"Night Terror","floor":52,"key":"SMITH"}],"neow_cost":"NONE","seed_source_timestamp":9845168061600,"circlet_count":0,"master_deck":["Defend_G","Defend_G","Strike_G","Strike_G","Strike_G","Survivor","Neutralize+1","Flying Knee","Escape Plan","Poisoned Stab+1","Masterful Stab","After Image+1","Endless Agony+1","Infinite Blades+1","Tools of the Trade","Expertise+1","Ghostly+1","Ghostly","Ghostly","Ghostly","Ghostly","Writhe","Acrobatics","Infinite Blades+1","Well Laid Plans+1","Acrobatics","Prepared+1","Night Terror+1","Caltrops+1","Underhanded Strike+1","Dodge and Roll+1","Acrobatics+1","Bullet Time","Dodge and Roll+1","Accuracy+1","Tactician","Skewer","Footwork","Tactician","Underhanded Strike+1","Escape Plan+1","Eviscerate+1","Reflex+1","Backflip+1"],"special_seed":0,"relics":["Ring of the Snake","Lantern","Regal Pillow","Pantograph","Vajra","HoveringKite","Pear","Oddly Smooth Stone","Potion Belt","Boot","Sundial","Astrolabe","Darkstone Periapt","Toxic Egg 2","Happy Flower","Dodecahedron"],"potions_floor_usage":[50,50,55,55,55,55],"damage_taken":[{"damage":2.0,"enemies":"Small Slimes","floor":1.0,"turns":3.0},{"damage":2.0,"enemies":"2 Louse","floor":2.0,"turns":3.0},{"damage":0.0,"enemies":"Jaw Worm","floor":3.0,"turns":4.0},{"damage":14.0,"enemies":"Lagavulin","floor":7.0,"turns":8.0},{"damage":16.0,"enemies":"Large Slime","floor":8.0,"turns":6.0},{"damage":0.0,"enemies":"Looter","floor":14.0,"turns":2.0},{"damage":0.0,"enemies":"Slime Boss","floor":16.0,"turns":9.0},{"damage":14.0,"enemies":"2 Thieves","floor":18.0,"turns":4.0},{"damage":0.0,"enemies":"Slavers","floor":24.0,"turns":7.0},{"damage":0.0,"enemies":"Chosen","floor":25.0,"turns":4.0},{"damage":0.0,"enemies":"Book of Stabbing","floor":28.0,"turns":7.0},{"damage":0.0,"enemies":"Snecko","floor":29.0,"turns":6.0},{"damage":0.0,"enemies":"Gremlin Leader","floor":30.0,"turns":9.0},{"damage":0.0,"enemies":"Centurion and Healer","floor":31.0,"turns":6.0},{"damage":0.0,"enemies":"Collector","floor":33.0,"turns":12.0},{"damage":2.0,"enemies":"3 Darklings","floor":35.0,"turns":9.0},{"damage":3.0,"enemies":"3 Shapes","floor":38.0,"turns":6.0},{"damage":15.0,"enemies":"Nemesis","floor":40.0,"turns":8.0},{"damage":0.0,"enemies":"Jaw Worm Horde","floor":41.0,"turns":6.0},{"damage":21.0,"enemies":"Transient","floor":42.0,"turns":5.0},{"damage":0.0,"enemies":"Maw","floor":45.0,"turns":9.0},{"damage":11.0,"enemies":"Writhing Mass","floor":48.0,"turns":6.0},{"damage":31,"enemies":"Donu and Deca","floor":50,"turns":13},{"damage":0,"enemies":"Shield and Spear","floor":54,"turns":8},{"damage":47,"enemies":"The Heart","floor":55,"turns":12}],"seed_played":"143395880528583698","potions_obtained":[{"floor":2.0,"key":"EssenceOfSteel"},{"floor":3.0,"key":"AttackPotion"},{"floor":16.0,"key":"Energy Potion"},{"floor":24.0,"key":"SteroidPotion"},{"floor":25.0,"key":"SkillPotion"},{"floor":29.0,"key":"FearPotion"},{"floor":33.0,"key":"Strength Potion"},{"floor":42.0,"key":"FearPotion"},{"floor":45.0,"key":"Dexterity Potion"},{"floor":46.0,"key":"PowerPotion"},{"floor":46.0,"key":"SkillPotion"},{"floor":48.0,"key":"Ancient Potion"}],"is_trial":false,"path_per_floor":["M","M","M","$","?","R","E","M","T","R","?","?","R","M","R","B",null,"M","?","?","?","$","R","E","M","T","R","E","M","E","M","R","B",null,"M","?","?","M","$","E","M","M","T","R","M","?","R","M","R","B",null,"R","$","E","B"],"character_chosen":"THE_SILENT","items_purchased":["Lantern","Accuracy","Tactician","Skewer","Happy Flower","Reflex+1","Dexterity Potion"],"campfire_rested":1,"item_purchase_floors":[4,39,39,39,53,53,53],"current_hp_per_floor":[68,66,66,66,66,66,52,36,36,36,36,36,36,36,36,61,70,56,35,45,45,45,45,45,45,45,45,45,45,45,45,45,45,45,43,43,43,40,40,25,25,4,4,31,31,31,31,20,20,12,43,43,43,43,0],"gold":56,"neow_bonus":"UPGRADE_CARD","is_prod":false,"is_daily":false,"chose_seed":false,"campfire_upgraded":9,"win_rate":1,"timestamp":1552921172,"path_taken":["M","M","M","$","?","R","E","M","T","R","?","?","R","M","R","BOSS","M","?","?","?","?","R","E","?","T","R","E","M","E","M","R","BOSS","M","?","?","?","$","E","M","M","T","R","M","?","R","?","R","BOSS","R","$","E","BOSS"],"build_version":"2019-01-23","purchased_purges":0,"victory":false,"max_hp_per_floor":[70,70,70,70,70,70,70,70,70,70,70,70,70,70,70,70,70,70,35,45,45,45,45,45,45,45,45,45,45,45,45,45,45,45,45,43,43,43,43,43,43,43,43,43,43,43,43,43,43,43,43,43,43,43,43],"card_choices":[{"not_picked":["Underhanded Strike","Dagger Spray"],"picked":"Flying Knee","floor":1.0},{"not_picked":["Bane","Deflect"],"picked":"Escape Plan","floor":2.0},{"not_picked":["Acrobatics","Deadly Poison"],"picked":"Poisoned Stab","floor":3.0},{"not_picked":["Acrobatics","Backflip"],"picked":"Masterful Stab","floor":7.0},{"not_picked":["Caltrops","Slice"],"picked":"After Image","floor":8.0},{"not_picked":["Flying Knee","Backstab"],"picked":"Infinite Blades","floor":14.0},{"not_picked":["Unload","Die Die Die"],"picked":"Tools of the Trade","floor":16.0},{"not_picked":["Backflip","Poisoned Stab"],"picked":"Expertise+1","floor":18.0},{"not_picked":["Outmaneuver","Blade Dance"],"picked":"Acrobatics","floor":24.0},{"not_picked":["Deadly Poison","Endless Agony","Bane"],"picked":"SKIP","floor":25.0},{"not_picked":["PiercingWail","Corpse Explosion"],"picked":"Infinite Blades+1","floor":28.0},{"not_picked":["Deadly Poison","Terror"],"picked":"Well Laid Plans","floor":29.0},{"not_picked":["Deadly Poison+1","Crippling Poison"],"picked":"Acrobatics","floor":30.0},{"not_picked":["Deflect+1","Sucker Punch"],"picked":"Prepared+1","floor":31.0},{"not_picked":["Doppelganger","Storm of Steel"],"picked":"Night Terror","floor":33.0},{"not_picked":["Bane+1","Dodge and Roll+1"],"picked":"Acrobatics+1","floor":35.0},{"not_picked":["Slice+1","Flying Knee+1"],"picked":"Dodge and Roll+1","floor":38.0},{"not_picked":["Cloak And Dagger","Corpse Explosion"],"picked":"Footwork","floor":40.0},{"not_picked":["Skewer+1","Backflip+1"],"picked":"Tactician","floor":41.0},{"not_picked":["Poisoned Stab+1","All Out Attack"],"picked":"Underhanded Strike+1","floor":42.0},{"not_picked":["Poisoned Stab","Dagger Throw"],"picked":"Escape Plan+1","floor":45.0},{"not_picked":["Backflip+1","Underhanded Strike"],"picked":"Eviscerate","floor":48.0},{"not_picked":["Heel Hook","Deadly Poison+1"],"picked":"Backflip+1","floor":54}],"player_experience":43486,"relics_obtained":[{"floor":7.0,"key":"Pantograph"},{"floor":9.0,"key":"Vajra"},{"floor":24.0,"key":"Potion Belt"},{"floor":28.0,"key":"Boot"},{"floor":30.0,"key":"Sundial"},{"floor":40.0,"key":"Darkstone Periapt"},{"floor":43.0,"key":"Toxic Egg 2"},{"floor":54,"key":"Dodecahedron"}],"event_choices":[{"damage_healed":0.0,"max_hp_gain":0.0,"max_hp_loss":0.0,"gold_gain":0.0,"event_name":"Big Fish","player_choice":"Box","floor":5.0,"gold_loss":0.0,"damage_taken":0.0,"relics_obtained":["Regal Pillow"],"cards_obtained":["Regret"]},{"cards_removed":["Regret"],"damage_healed":0.0,"max_hp_gain":0.0,"max_hp_loss":0.0,"gold_gain":0.0,"event_name":"The Cleric","player_choice":"Card Removal","floor":11.0,"gold_loss":50.0,"damage_taken":0.0},{"damage_healed":0.0,"max_hp_gain":0.0,"max_hp_loss":0.0,"gold_gain":0.0,"cards_transformed":["Strike_G"],"event_name":"Living Wall","player_choice":"Change","floor":12.0,"gold_loss":0.0,"damage_taken":0.0,"cards_obtained":["Endless Agony"]},{"damage_healed":0.0,"max_hp_gain":0.0,"max_hp_loss":35.0,"gold_gain":0.0,"event_name":"Ghosts","player_choice":"Became a Ghost","floor":19.0,"gold_loss":0.0,"damage_taken":0.0,"cards_obtained":["Ghostly","Ghostly","Ghostly","Ghostly","Ghostly"]},{"damage_healed":0.0,"max_hp_gain":0.0,"max_hp_loss":0.0,"gold_gain":0.0,"event_name":"Addict","player_choice":"Obtained Relic","floor":20.0,"gold_loss":85.0,"damage_taken":0.0,"relics_obtained":["Pear"]},{"damage_healed":0.0,"max_hp_gain":0.0,"max_hp_loss":0.0,"gold_gain":0.0,"event_name":"The Mausoleum","player_choice":"Opened","floor":21.0,"gold_loss":0.0,"damage_taken":0.0,"relics_obtained":["Oddly Smooth Stone"],"cards_obtained":["Writhe"]},{"damage_healed":0.0,"max_hp_gain":0.0,"max_hp_loss":2.0,"gold_gain":0.0,"event_name":"Winding Halls","player_choice":"Max HP","floor":36.0,"gold_loss":0.0,"damage_taken":0.0},{"damage_healed":0.0,"max_hp_gain":0.0,"max_hp_loss":0.0,"gold_gain":0.0,"cards_transformed":["Defend_G"],"event_name":"Transmorgrifier","player_choice":"Transformed","floor":37.0,"gold_loss":0.0,"damage_taken":0.0,"cards_obtained":["Bullet Time"]},{"damage_healed":0.0,"max_hp_gain":0.0,"max_hp_loss":0.0,"gold_gain":0.0,"event_name":"Lab","player_choice":"Got Potions","floor":46.0,"gold_loss":0.0,"damage_taken":0.0}],"is_beta":false,"boss_relics":[{"not_picked":["Calling Bell","Lizard Tail"],"picked":"HoveringKite"},{"not_picked":["Runic Dome","Velvet Choker"],"picked":"Astrolabe"}],"items_purged_floors":[],"is_endless":false,"potions_floor_spawned":[2,3,16,24,25,29,30,31,33,42,45,48],"killed_by":"The Heart","ascension_level":2}