{"gold_per_floor":[112,130,55,55,74,74,97,97,120,120,120,45,59,74,74,74],"floor_reached":16,"playtime":529,"items_purged":["Defend_B"],"score":184,"play_id":"ab669830-77d9-4555-8630-7c8aaa23cac6","local_time":"20180920220819","is_ascension_mode":true,"campfire_choices":[{"data":"Dualcast","floor":6,"key":"SMITH"},{"data":"Glacier","floor":10,"key":"SMITH"},{"floor":15,"key":"REST"}],"neow_cost":"NONE","seed_source_timestamp":652584965809536,"circlet_count":0,"master_deck":["Strike_B+1","Strike_B","Strike_B","Strike_B+1","Defend_B","Zap","Dualcast+1","AscendersBane","Glacier+1","Auto Shields","Leap","Conserve Battery","Compile Driver","Beam Cell"],"relics":["Eternal Feather","Golden Idol","Lantern"],"potions_floor_usage":[16,16],"damage_taken":[{"damage":7,"enemies":"Jaw Worm","floor":1,"turns":4},{"damage":5,"enemies":"2 Louse","floor":2,"turns":4},{"damage":3,"enemies":"Small Slimes","floor":5,"turns":5},{"damage":0,"enemies":"Blue Slaver","floor":7,"turns":5},{"damage":0,"enemies":"Lots of Slimes","floor":13,"turns":9},{"damage":3,"enemies":"Large Slime","floor":14,"turns":6},{"damage":34,"enemies":"Hexaghost","floor":16,"turns":11}],"seed_played":"4651223572640741004","potions_obtained":[{"floor":1,"key":"Block Potion"},{"floor":2,"key":"Swift Potion"}],"is_trial":false,"path_per_floor":["M","M","?","?","M","R","M","?","T","R","?","$","M","M","R"],"character_chosen":"DEFECT","items_purchased":[],"campfire_rested":1,"item_purchase_floors":[],"current_hp_per_floor":[57,52,52,28,25,31,31,10,10,16,9,9,9,6,33,0],"gold":74,"neow_bonus":"BOSS_RELIC","is_prod":false,"is_daily":false,"chose_seed":false,"campfire_upgraded":2,"win_rate":0,"timestamp":1537495699,"path_taken":["M","M","?","?","M","R","?","?","T","R","?","$","M","M","R","BOSS"],"build_version":"2018-09-20","purchased_purges":1,"victory":false,"max_hp_per_floor":[71,71,71,71,71,71,71,71,71,71,71,71,71,71,71,71],"card_choices":[{"not_picked":["Self Repair","Loop"],"picked":"Glacier","floor":1},{"not_picked":["Go for the Eyes","Stack"],"picked":"Auto Shields","floor":2},{"not_picked":["Redo","Barrage"],"picked":"Leap","floor":5},{"not_picked":["Barrage","Rebound"],"picked":"Conserve Battery","floor":7},{"not_picked":["Stack","Sunder"],"picked":"Compile Driver","floor":13},{"not_picked":["Recycle","Force Field"],"picked":"Beam Cell","floor":14}],"player_experience":861583,"relics_obtained":[{"floor":9,"key":"Lantern"}],"event_choices":[{"event_name":"The Cleric","player_choice":"Card Removal","floor":3,"damage_taken":0},{"event_name":"Golden Idol","player_choice":"Take Damage","floor":4,"damage_taken":0},{"event_name":"Shining Light","player_choice":"Entered Light","floor":8,"damage_taken":0},{"event_name":"Golden Wing","player_choice":"Card Removal","floor":11,"damage_taken":0}],"is_beta":false,"boss_relics":[],"items_purged_floors":[12],"is_endless":false,"potions_floor_spawned":[1,2],"killed_by":"Hexaghost","ascension_level":20}