{"gold_per_floor":[113,113,134,209,160,201,201,235,235,410,429,472,486,59,59,179,179,194,14,113,133,152,152,152],"floor_reached":24,"playtime":1055,"items_purged":["Doubt"],"score":299,"play_id":"bbf50b74-0e35-4922-bbb0-0416b9e2b90d","local_time":"20190123034648","is_ascension_mode":true,"campfire_choices":[{"data":"Mayhem","floor":15,"key":"SMITH"},{"data":"Storm","floor":23,"key":"SMITH"}],"neow_cost":"NONE","seed_source_timestamp":15879322217206,"circlet_count":0,"master_deck":["Strike_B","Strike_B","Strike_B","Defend_B","Defend_B","Defend_B","Defend_B","Zap","Dualcast","Conserve Battery","Hologram","Ball Lightning","Storm+1","Hello World","Recycle","Coolheaded","Lockon","Mayhem+1","Electrodynamics","Conserve Battery","Loop","Undo","Streamline"],"relics":["Cracked Core","NeowsBlessing","Golden Idol","Dodecahedron","Blood Vial","Mercury Hourglass","Lantern","Ornamental Fan","Cursed Key"],"potions_floor_usage":[8,8,12,12],"damage_taken":[{"damage":0,"enemies":"Jaw Worm","floor":1,"turns":1},{"damage":0,"enemies":"Small Slimes","floor":3,"turns":1},{"damage":0,"enemies":"3 Sentries","floor":6,"turns":1},{"damage":20,"enemies":"Lagavulin","floor":8,"turns":7},{"damage":0,"enemies":"Cultist","floor":11,"turns":3},{"damage":6,"enemies":"3 Sentries","floor":12,"turns":5},{"damage":1,"enemies":"Red Slaver","floor":13,"turns":3},{"damage":4,"enemies":"Slime Boss","floor":16,"turns":8},{"damage":9,"enemies":"Chosen","floor":18,"turns":4},{"damage":11,"enemies":"2 Thieves","floor":21,"turns":3},{"damage":13,"enemies":"Cultist and Chosen","floor":22,"turns":5},{"damage":37,"enemies":"Slavers","floor":24,"turns":3}],"seed_played":"-2388746755196357345","potions_obtained":[{"floor":1,"key":"SpeedPotion"},{"floor":3,"key":"EssenceOfSteel"},{"floor":6,"key":"LiquidBronze"},{"floor":11,"key":"Weak Potion"},{"floor":22,"key":"SteroidPotion"}],"is_trial":false,"path_per_floor":["?","?","?","?","M","?"],"character_chosen":"DEFECT","items_purchased":["Ball Lightning","Mayhem","Ornamental Fan","Loop","Undo"],"campfire_rested":0,"item_purchase_floors":[5,14,14,19,19],"current_hp_per_floor":[75,57,57,46,46,46,39,19,19,19,21,17,18,18,18,16,60,53,53,53,44,33,33,0],"gold":152,"neow_bonus":"THREE_ENEMY_KILL","is_prod":false,"is_daily":false,"chose_seed":false,"campfire_upgraded":2,"win_rate":0,"timestamp":1548233208,"path_taken":["M","?","M","?","$","E","?","E","T","?","M","E","?","$","R","BOSS","M","$","?","M","M","R","E"],"build_version":"2019-01-22","purchased_purges":1,"victory":false,"max_hp_per_floor":[75,75,75,75,75,75,75,75,75,75,75,75,75,75,75,75,75,75,75,75,75,75,75,75],"card_choices":[{"not_picked":["Auto Shields","Redo"],"picked":"Conserve Battery","floor":1},{"not_picked":["Compile Driver","Beam Cell"],"picked":"Hologram","floor":3},{"not_picked":["Beam Cell","Rebound"],"picked":"Storm","floor":6},{"not_picked":["Stack","Rebound"],"picked":"Hello World","floor":8},{"not_picked":["Leap","Beam Cell"],"picked":"Recycle","floor":11},{"not_picked":["Turbo","Skim"],"picked":"Coolheaded","floor":12},{"not_picked":["Stack","Turbo"],"picked":"Lockon","floor":13},{"not_picked":["Machine Learning","Biased Cognition"],"picked":"Electrodynamics","floor":16},{"not_picked":["Reinforced Body","Streamline"],"picked":"Conserve Battery","floor":18},{"not_picked":["Hello World","Rip and Tear","Skim"],"picked":"SKIP","floor":21},{"not_picked":["Beam Cell","Doom and Gloom+1"],"picked":"Streamline","floor":22}],"player_experience":250978,"relics_obtained":[{"floor":6,"key":"Dodecahedron"},{"floor":8,"key":"Blood Vial"},{"floor":9,"key":"Mercury Hourglass"},{"floor":12,"key":"Lantern"}],"event_choices":[{"damage_healed":0,"gold_gain":0,"player_choice":"Take Damage","damage_taken":18,"relics_obtained":["Golden Idol"],"max_hp_gain":0,"max_hp_loss":0,"event_name":"Golden Idol","floor":2,"gold_loss":0},{"damage_healed":0,"gold_gain":75,"player_choice":"Gather Gold","damage_taken":11,"max_hp_gain":0,"max_hp_loss":0,"event_name":"World of Goop","floor":4,"gold_loss":0},{"cards_removed":["Strike_B"],"damage_healed":0,"gold_gain":0,"player_choice":"Card Removal","damage_taken":7,"max_hp_gain":0,"max_hp_loss":0,"event_name":"Golden Wing","floor":7,"gold_loss":0},{"damage_healed":0,"gold_gain":175,"player_choice":"AGREE","damage_taken":0,"max_hp_gain":0,"max_hp_loss":0,"event_name":"Liars Game","floor":10,"gold_loss":0,"cards_obtained":["Doubt"]},{"damage_healed":0,"gold_gain":99,"player_choice":"Stole From Cult","damage_taken":0,"max_hp_gain":0,"max_hp_loss":0,"event_name":"Nest","floor":20,"gold_loss":0}],"is_beta":true,"boss_relics":[{"not_picked":["Runic Pyramid","Eternal Feather"],"picked":"Cursed Key"}],"items_purged_floors":[19],"is_endless":false,"potions_floor_spawned":[1,3,6,11,22],"killed_by":"Slavers","ascension_level":5}