{"gold_per_floor":[218,233,252,265,23,52,65,65,65,65,65,78,130,148,148,277,277,292,292,306,306,405,405,440,440,464,489,505,156,156,156],"floor_reached":31,"playtime":862,"items_purged":[],"score":322,"play_id":"173a86de-5f5f-4116-a1b0-1dcb99536a59","local_time":"20190221051302","is_ascension_mode":true,"campfire_choices":[{"floor":10,"key":"REST"},{"data":"Doom and Gloom","floor":15,"key":"SMITH"},{"data":"Redo","floor":23,"key":"SMITH"},{"floor":25,"key":"REST"}],"neow_cost":"NONE","seed_source_timestamp":47601002193629,"circlet_count":0,"master_deck":["Strike_B","Strike_B","Strike_B","Defend_B","Defend_B","Defend_B","Defend_B","Zap","Dualcast","Melter","Ball Lightning","Go for the Eyes+1","Redo+1","Auto Shields","Injury","Doom and Gloom+1","Amplify","Defragment","Gash+1","Cold Snap+1","Sweeping Beam+1","Bandage Up"],"relics":["Cracked Core","Pantograph","Juzu Bracelet","Golden Idol","DataDisk","MutagenicStrength","Boot","Toy Ornithopter"],"potions_floor_usage":[7,14,16,20,24,27,31,31],"damage_taken":[{"damage":1,"enemies":"Cultist","floor":1,"turns":3},{"damage":5,"enemies":"2 Louse","floor":2,"turns":2},{"damage":2,"enemies":"Small Slimes","floor":3,"turns":2},{"damage":5,"enemies":"3 Louse","floor":4,"turns":3},{"damage":35,"enemies":"Gremlin Nob","floor":6,"turns":5},{"damage":15,"enemies":"Gremlin Gang","floor":7,"turns":4},{"damage":0,"enemies":"Exordium Wildlife","floor":12,"turns":2},{"damage":11,"enemies":"Blue Slaver","floor":14,"turns":3},{"damage":0,"enemies":"Slime Boss","floor":16,"turns":4},{"damage":0,"enemies":"Spheric Guardian","floor":18,"turns":1},{"damage":10,"enemies":"Chosen","floor":20,"turns":4},{"damage":61,"enemies":"Slavers","floor":24,"turns":5},{"damage":14,"enemies":"Centurion and Healer","floor":27,"turns":5},{"damage":10,"enemies":"Snecko","floor":28,"turns":5},{"damage":18,"enemies":"Book of Stabbing","floor":31,"turns":4}],"seed_played":"9065878367667353269","potions_obtained":[{"floor":1,"key":"Ancient Potion"},{"floor":3,"key":"Fire Potion"},{"floor":12,"key":"Regen Potion"},{"floor":14,"key":"Fire Potion"},{"floor":16,"key":"Energy Potion"},{"floor":18,"key":"GamblersBrew"},{"floor":28,"key":"Fire Potion"}],"is_trial":false,"path_per_floor":["M","M","M","M","$","E","M","?","T","R","?","M","?","M","R","B",null,"M","?","M","?","?","R","E","R","T","M","M","$","?","E"],"character_chosen":"DEFECT","items_purchased":["Pantograph","Toy Ornithopter","Bandage Up","AttackPotion"],"campfire_rested":2,"item_purchase_floors":[5,29,29,29],"current_hp_per_floor":[74,69,67,62,62,27,12,12,12,34,34,34,34,32,32,57,75,75,75,65,65,65,65,4,26,26,12,2,2,2,0],"gold":156,"neow_bonus":"HUNDRED_GOLD","is_prod":false,"is_daily":false,"chose_seed":false,"campfire_upgraded":2,"win_rate":0,"timestamp":1550754782,"path_taken":["M","?","M","M","$","E","M","?","T","R","?","M","?","M","R","BOSS","M","?","M","?","?","R","E","R","T","M","M","$","?","E"],"build_version":"2019-01-23","purchased_purges":0,"victory":false,"max_hp_per_floor":[75,75,75,75,75,75,75,75,75,75,75,75,75,75,75,75,75,75,75,75,75,75,75,75,75,75,75,75,75,75,75],"card_choices":[{"not_picked":["Undo","Hologram"],"picked":"Melter","floor":1},{"not_picked":["Chill","Aggregate"],"picked":"Ball Lightning","floor":2},{"not_picked":["Reprogram","Storm","Turbo"],"picked":"SKIP","floor":3},{"not_picked":["Reprogram","Melter"],"picked":"Go for the Eyes","floor":4},{"not_picked":["Cold Snap","Stack"],"picked":"Redo","floor":6},{"not_picked":["Coolheaded","Beam Cell"],"picked":"Auto Shields","floor":7},{"not_picked":["Rip and Tear","Consume"],"picked":"Doom and Gloom","floor":12},{"not_picked":["Steam Power","Compile Driver","Steam"],"picked":"SKIP","floor":14},{"not_picked":["Thunder Strike","Biased Cognition"],"picked":"Amplify","floor":16},{"not_picked":["Chill","Undo+1"],"picked":"Defragment","floor":18},{"not_picked":["Barrage+1","Self Repair"],"picked":"Gash+1","floor":20},{"not_picked":["Compile Driver","Turbo"],"picked":"Cold Snap+1","floor":24},{"not_picked":["Double Energy+1","Go for the Eyes"],"picked":"Sweeping Beam+1","floor":27},{"not_picked":["Compile Driver","Beam Cell","Hologram+1"],"picked":"SKIP","floor":28}],"player_experience":262031,"relics_obtained":[{"floor":6,"key":"Juzu Bracelet"},{"floor":9,"key":"DataDisk"},{"floor":24,"key":"Boot"}],"event_choices":[{"damage_healed":0,"gold_gain":0,"player_choice":"Take Wound","damage_taken":0,"relics_obtained":["Golden Idol"],"max_hp_gain":0,"max_hp_loss":0,"event_name":"Golden Idol","floor":8,"gold_loss":0,"cards_obtained":["Injury"]},{"cards_removed":["Strike_B"],"damage_healed":0,"gold_gain":0,"player_choice":"Purged","damage_taken":0,"max_hp_gain":0,"max_hp_loss":0,"event_name":"Purifier","floor":11,"gold_loss":0},{"damage_healed":0,"gold_gain":52,"player_choice":"Gained Gold","damage_taken":0,"max_hp_gain":0,"max_hp_loss":0,"event_name":"Golden Wing","floor":13,"gold_loss":0},{"damage_healed":0,"gold_gain":0,"player_choice":"Inject Mutagens","damage_taken":0,"relics_obtained":["MutagenicStrength"],"max_hp_gain":0,"max_hp_loss":0,"event_name":"Drug Dealer","floor":19,"gold_loss":0},{"damage_healed":0,"gold_gain":0,"player_choice":"Forge","damage_taken":0,"max_hp_gain":0,"max_hp_loss":0,"event_name":"Accursed Blacksmith","floor":21,"gold_loss":0,"cards_upgraded":["Go for the Eyes"]},{"damage_healed":0,"gold_gain":99,"player_choice":"Stole From Cult","damage_taken":0,"max_hp_gain":0,"max_hp_loss":0,"event_name":"Nest","floor":22,"gold_loss":0},{"damage_healed":0,"gold_gain":0,"player_choice":"Ignored","damage_taken":0,"max_hp_gain":0,"max_hp_loss":0,"event_name":"Cursed Tome","floor":30,"gold_loss":0}],"is_beta":false,"boss_relics":[{"not_picked":["Coffee Dripper","Pandora\u0027s Box","Ectoplasm"]}],"items_purged_floors":[],"is_endless":false,"potions_floor_spawned":[1,3,12,14,16,18,28],"killed_by":"Book of Stabbing","ascension_level":1}