{"gold_per_floor":[113,35,35,45,45,73,83,99,123,133,153,165,175,200,200,297,297,312,345,345,345,358,358,295,295,295,321,321,334,48,58,58,154,154,171,13,113,13,13,13,41,41,41,41,58,76,76,2,2,2],"floor_reached":51,"playtime":1980,"items_purged":["Acrobatics","Envenom"],"score":826,"play_id":"641ee13c-be0e-4cdb-8452-59892dd04d39","local_time":"20190318044623","is_ascension_mode":true,"campfire_choices":[{"floor":15,"key":"REST"},{"data":"Catalyst","floor":23,"key":"SMITH"},{"floor":25,"key":"REST"},{"data":"Envenom","floor":28,"key":"SMITH"},{"floor":32,"key":"REST"},{"floor":40,"key":"REST"},{"floor":42,"key":"REST"},{"floor":49,"key":"REST"}],"neow_cost":"NONE","seed_source_timestamp":157318099638482,"circlet_count":0,"master_deck":["Survivor","Neutralize+1","PiercingWail","Noxious Fumes","PiercingWail","Die Die Die","Poisoned Stab","Bane","Adrenaline","Wraith Form v2","Cloak And Dagger","Leg Sweep","Night Terror","Envenom+1","Quick Slash","Deadly Poison","Infinite Blades","Blur+1","Slice","RitualDagger","Catalyst+1","Bouncing Flask+1","Bouncing Flask+1","Deadly Poison+1","Grand Finale","Purity+1","Madness+1","Madness+1","Noxious Fumes+1","Catalyst+1"],"relics":["Ring of the Snake","NeowsBlessing","Happy Flower","Blood Vial","Bag of Marbles","Lantern","Pandora\u0027s Box","Red Mask","Meat on the Bone","Toxic Egg 2","Question Card","Bottled Flame","Black Star","Thread and Needle","Darkstone Periapt","Ninja Scroll","Pantograph"],"potions_floor_usage":[13,14,14,20,29,50,50],"damage_taken":[{"damage":0,"enemies":"2 Louse","floor":1,"turns":1},{"damage":0,"enemies":"Small Slimes","floor":4,"turns":1},{"damage":0,"enemies":"3 Sentries","floor":6,"turns":2},{"damage":0,"enemies":"Cultist","floor":7,"turns":4},{"damage":7,"enemies":"Exordium Thugs","floor":8,"turns":6},{"damage":0,"enemies":"Large Slime","floor":10,"turns":6},{"damage":0,"enemies":"3 Louse","floor":11,"turns":1},{"damage":0,"enemies":"2 Fungi Beasts","floor":12,"turns":1},{"damage":0,"enemies":"Large Slime","floor":13,"turns":3},{"damage":19,"enemies":"Lagavulin","floor":14,"turns":6},{"damage":23,"enemies":"The Guardian","floor":16,"turns":11},{"damage":7,"enemies":"Spheric Guardian","floor":18,"turns":4},{"damage":2,"enemies":"Masked Bandits","floor":19,"turns":4},{"damage":15,"enemies":"Colosseum Slavers","floor":20,"turns":6},{"damage":17,"enemies":"Shell Parasite","floor":22,"turns":5},{"damage":25,"enemies":"Book of Stabbing","floor":27,"turns":8},{"damage":4,"enemies":"Centurion and Healer","floor":29,"turns":5},{"damage":18,"enemies":"Snake Plant","floor":31,"turns":2},{"damage":35,"enemies":"Automaton","floor":33,"turns":7},{"damage":36,"enemies":"3 Darklings","floor":35,"turns":4},{"damage":9,"enemies":"Mind Bloom Boss Battle","floor":37,"turns":4},{"damage":29,"enemies":"Nemesis","floor":41,"turns":5},{"damage":2,"enemies":"Orb Walker","floor":45,"turns":3},{"damage":0,"enemies":"Sphere and 2 Shapes","floor":46,"turns":3},{"damage":33,"enemies":"Time Eater","floor":50,"turns":5}],"seed_played":"-6972482309621295648","potions_obtained":[{"floor":6,"key":"GhostInAJar"},{"floor":10,"key":"SkillPotion"},{"floor":12,"key":"SteroidPotion"},{"floor":19,"key":"Explosive Potion"},{"floor":27,"key":"SkillPotion"},{"floor":33,"key":"Ancient Potion"},{"floor":37,"key":"Ancient Potion"},{"floor":45,"key":"SteroidPotion"}],"is_trial":false,"path_per_floor":["M","$","?","M","?","E","M","M","T","M","M","M","M","E","R","B",null,"M","?","?","?","M","R","?","R","T","E","R","M","$","M","R","B",null,"M","$","?","$","?","R","E","R","T","?","M","M","?","$","R","B",null],"character_chosen":"THE_SILENT","items_purchased":["Noxious Fumes","Bouncing Flask+1","Bottled Flame","Purity+1","Catalyst+1"],"campfire_rested":6,"item_purchase_floors":[2,30,30,36,48],"current_hp_per_floor":[70,70,56,56,44,44,46,41,41,43,45,47,49,32,53,32,70,63,63,50,44,29,29,29,50,50,39,39,37,37,33,54,33,70,46,46,39,39,30,51,36,57,57,57,57,59,59,59,70,37],"gold":2,"neow_bonus":"THREE_ENEMY_KILL","is_prod":false,"is_daily":false,"chose_seed":false,"campfire_upgraded":2,"win_rate":0,"timestamp":1552909583,"path_taken":["M","$","?","M","?","E","M","M","T","M","M","M","M","E","R","BOSS","M","?","?","?","M","R","?","R","T","E","R","?","?","M","R","BOSS","M","$","?","$","?","R","E","R","T","?","M","M","?","?","R","BOSS"],"build_version":"2019-01-23","purchased_purges":2,"victory":true,"max_hp_per_floor":[70,70,70,70,70,70,70,70,70,70,70,70,70,70,70,70,70,70,70,70,70,70,70,70,70,70,70,70,70,70,70,70,70,70,70,70,70,70,70,70,70,70,70,70,70,70,70,70,70,70],"card_choices":[{"not_picked":["Flying Knee","Dagger Throw"],"picked":"PiercingWail","floor":1},{"not_picked":["Blade Dance","Backflip"],"picked":"PiercingWail","floor":4},{"not_picked":["Poisoned Stab","Night Terror"],"picked":"Die Die Die","floor":6},{"not_picked":["PiercingWail","Blur","Acrobatics"],"picked":"SKIP","floor":7},{"not_picked":["Bane","Flying Knee"],"picked":"Poisoned Stab","floor":8},{"not_picked":["Skewer","Dagger Throw","Predator"],"picked":"SKIP","floor":10},{"not_picked":["Caltrops","Escape Plan","Dodge and Roll"],"picked":"SKIP","floor":11},{"not_picked":["Quick Slash","Underhanded Strike","Terror"],"picked":"SKIP","floor":12},{"not_picked":["Outmaneuver","Flechettes","Deflect"],"picked":"SKIP","floor":13},{"not_picked":["Setup","Quick Slash"],"picked":"Bane","floor":14},{"not_picked":["Storm of Steel","Envenom"],"picked":"Adrenaline","floor":16},{"not_picked":["Dagger Throw","Poisoned Stab"],"picked":"Blur+1","floor":18},{"not_picked":["Underhanded Strike","Endless Agony"],"picked":"Slice","floor":19},{"not_picked":["Finisher","Slice+1"],"picked":"Catalyst","floor":22},{"not_picked":["Flying Knee","Quick Slash"],"picked":"Bouncing Flask+1","floor":27},{"not_picked":["Deflect+1","Heel Hook","Backstab"],"picked":"Bouncing Flask+1","floor":29},{"not_picked":["Cloak And Dagger+1","Noxious Fumes","Blade Dance+1"],"picked":"Deadly Poison+1","floor":31},{"not_picked":["Night Terror+1","Storm of Steel+1","A Thousand Cuts"],"picked":"Grand Finale","floor":33},{"not_picked":["Poisoned Stab+1","Reflex+1","Outmaneuver+1","Blade Dance+1"],"picked":"SKIP","floor":35},{"not_picked":["Dagger Throw+1","Underhanded Strike+1","Eviscerate+1","Skewer"],"picked":"SKIP","floor":41},{"not_picked":["Prepared+1","Deflect+1","Expertise+1"],"picked":"Noxious Fumes+1","floor":45},{"not_picked":["Slice+1","Phantasmal Killer+1","Blade Dance+1","Sucker Punch"],"picked":"SKIP","floor":46}],"player_experience":353926,"relics_obtained":[{"floor":6,"key":"Blood Vial"},{"floor":9,"key":"Bag of Marbles"},{"floor":14,"key":"Lantern"},{"floor":19,"key":"Red Mask"},{"floor":26,"key":"Toxic Egg 2"},{"floor":27,"key":"Question Card"},{"floor":37,"key":"Thread and Needle"},{"floor":41,"key":"Darkstone Periapt"},{"floor":41,"key":"Ninja Scroll"},{"floor":43,"key":"Pantograph"}],"event_choices":[{"damage_healed":0,"gold_gain":0,"player_choice":"Entered Light","damage_taken":14,"max_hp_gain":0,"max_hp_loss":0,"event_name":"Shining Light","floor":3,"gold_loss":0,"cards_upgraded":["Defend_G","Neutralize"]},{"damage_healed":0,"gold_gain":0,"player_choice":"Success","damage_taken":12,"relics_obtained":["Happy Flower"],"max_hp_gain":0,"max_hp_loss":0,"event_name":"Scrap Ooze","floor":5,"gold_loss":0},{"damage_healed":0,"gold_gain":0,"player_choice":"Fought Bandits","damage_taken":0,"max_hp_gain":0,"max_hp_loss":0,"event_name":"Masked Bandits","floor":19,"gold_loss":0},{"damage_healed":0,"gold_gain":0,"player_choice":"Fight","damage_taken":0,"max_hp_gain":0,"max_hp_loss":0,"event_name":"Colosseum","floor":20,"gold_loss":0},{"damage_healed":0,"gold_gain":0,"player_choice":"Fled From Nobs","damage_taken":0,"max_hp_gain":0,"max_hp_loss":0,"event_name":"Colosseum","floor":20,"gold_loss":0},{"damage_healed":0,"gold_gain":0,"player_choice":"Joined the Cult","damage_taken":6,"max_hp_gain":0,"max_hp_loss":0,"event_name":"Nest","floor":21,"gold_loss":0,"cards_obtained":["RitualDagger"]},{"damage_healed":0,"gold_gain":0,"player_choice":"Paid Gold","damage_taken":0,"relics_obtained":["Meat on the Bone"],"max_hp_gain":0,"max_hp_loss":0,"event_name":"WeMeetAgain","floor":24,"gold_loss":63},{"damage_healed":0,"gold_gain":0,"player_choice":"Fight","damage_taken":0,"max_hp_gain":0,"max_hp_loss":0,"event_name":"MindBloom","floor":37,"gold_loss":0},{"damage_healed":0,"gold_gain":0,"player_choice":"Embrace Madness","damage_taken":9,"max_hp_gain":0,"max_hp_loss":0,"event_name":"Winding Halls","floor":39,"gold_loss":0,"cards_obtained":["Madness","Madness"]},{"cards_removed":["Bouncing Flask"],"damage_healed":0,"gold_gain":0,"player_choice":"Removed Skill","damage_taken":0,"max_hp_gain":0,"max_hp_loss":0,"event_name":"Falling","floor":44,"gold_loss":0},{"damage_healed":0,"gold_gain":0,"player_choice":"Ignored","damage_taken":0,"max_hp_gain":0,"max_hp_loss":0,"event_name":"Mysterious Sphere","floor":47,"gold_loss":0}],"is_beta":false,"boss_relics":[{"not_picked":["Runic Pyramid","Ectoplasm"],"picked":"Pandora\u0027s Box"},{"not_picked":["Empty Cage","Tiny House"],"picked":"Black Star"}],"items_purged_floors":[36,38],"is_endless":false,"potions_floor_spawned":[6,10,12,19,27,33,37,45],"ascension_level":2}