{"gold_per_floor":[111,111,125,88,88,88,119,139,163,163,196,213,238,238],"floor_reached":14,"playtime":411,"items_purged":[],"score":153,"play_id":"483a2302-867f-4450-8512-a6a5f7644329","local_time":"20181104172657","is_ascension_mode":true,"campfire_choices":[{"data":"Bash","floor":6,"key":"SMITH"},{"data":"Shockwave","floor":10,"key":"SMITH"}],"neow_cost":"NONE","seed_source_timestamp":14924210757504,"circlet_count":0,"master_deck":["Strike_R","Strike_R","Strike_R","Strike_R","Defend_R","Defend_R","Defend_R","Defend_R","Bash+1","Spot Weakness","Burning Pact","Spot Weakness","Pummel","Battle Trance","Shockwave+1","Clothesline","Armaments"],"relics":["Burning Blood","NeowsBlessing","Centennial Puzzle","Pen Nib","Ancient Tea Set","Vajra"],"potions_floor_usage":[11,13],"damage_taken":[{"damage":0,"enemies":"2 Louse","floor":1,"turns":1},{"damage":0,"enemies":"Cultist","floor":3,"turns":1},{"damage":0,"enemies":"Gremlin Nob","floor":7,"turns":1},{"damage":10,"enemies":"Small Slimes","floor":8,"turns":3},{"damage":50,"enemies":"3 Sentries","floor":11,"turns":7},{"damage":4,"enemies":"Exordium Thugs","floor":12,"turns":3},{"damage":27,"enemies":"Gremlin Nob","floor":13,"turns":4},{"damage":18,"enemies":"Lots of Slimes","floor":14,"turns":2}],"seed_played":"2130315041319431866","potions_obtained":[{"floor":7,"key":"SteroidPotion"},{"floor":8,"key":"Swift Potion"},{"floor":12,"key":"SteroidPotion"},{"floor":13,"key":"SteroidPotion"}],"is_trial":false,"path_per_floor":["M","?","M","$","?","R","E","M","T","R","E","M","E","M"],"character_chosen":"IRONCLAD","items_purchased":["Pummel"],"campfire_rested":0,"item_purchase_floors":[4],"current_hp_per_floor":[80,80,80,80,85,85,85,81,81,81,37,39,18,0],"gold":238,"neow_bonus":"THREE_ENEMY_KILL","is_prod":false,"is_daily":false,"chose_seed":false,"campfire_upgraded":2,"win_rate":0,"timestamp":1541370417,"path_taken":["M","?","?","$","?","R","E","M","T","R","E","M","E","M"],"build_version":"2018-11-02","purchased_purges":0,"victory":false,"max_hp_per_floor":[80,80,80,80,85,85,85,85,85,85,85,85,85,85],"card_choices":[{"not_picked":["Perfected Strike","Flex"],"picked":"Spot Weakness","floor":1},{"not_picked":["Anger","Body Slam"],"picked":"Spot Weakness","floor":3},{"not_picked":["Havoc","Anger"],"picked":"Battle Trance","floor":7},{"not_picked":["Sever Soul","Dropkick"],"picked":"Shockwave","floor":8},{"not_picked":["Second Wind","Rupture","Entrench"],"picked":"SKIP","floor":11},{"not_picked":["Perfected Strike","Burning Pact"],"picked":"Clothesline","floor":12},{"not_picked":["Sentinel","Spot Weakness"],"picked":"Armaments","floor":13}],"player_experience":100610,"relics_obtained":[{"floor":7,"key":"Centennial Puzzle"},{"floor":9,"key":"Pen Nib"},{"floor":11,"key":"Ancient Tea Set"},{"floor":13,"key":"Vajra"}],"event_choices":[{"damage_healed":0,"gold_gain":0,"cards_transformed":["Strike_R"],"player_choice":"Transformed","damage_taken":0,"max_hp_gain":0,"max_hp_loss":0,"event_name":"Transmorgrifier","floor":2,"gold_loss":0,"cards_obtained":["Burning Pact"]},{"damage_healed":0,"gold_gain":0,"player_choice":"Donut","damage_taken":0,"max_hp_gain":5,"max_hp_loss":0,"event_name":"Big Fish","floor":5,"gold_loss":0}],"is_beta":true,"boss_relics":[],"items_purged_floors":[],"is_endless":false,"potions_floor_spawned":[7,8,12,13],"killed_by":"Lots of Slimes","ascension_level":3}