{"gold_per_floor":[11,11,11,11,24,24,54,71,71,96,96,96,96],"floor_reached":13,"playtime":397,"items_purged":[],"score":149,"play_id":"3def72cc-beb1-4f0c-9c6b-3e32d2e171d7","local_time":"20190209045307","is_ascension_mode":true,"campfire_choices":[{"data":"Streamline","floor":6,"key":"SMITH"},{"data":"Fusion","floor":11,"key":"SMITH"}],"neow_cost":"NO_GOLD","seed_source_timestamp":13040389874443,"circlet_count":0,"master_deck":["AscendersBane","Strike_B+1","Strike_B","Defend_B","Defend_B+1","Defend_B","Zap","Dualcast","Streamline+1","Self Repair","Coolheaded","Fusion+1"],"relics":["Cracked Core","Du-Vu Doll","Ornamental Fan"],"potions_floor_usage":[10,12,13],"damage_taken":[{"damage":7,"enemies":"Jaw Worm","floor":1,"turns":2},{"damage":1,"enemies":"Small Slimes","floor":5,"turns":3},{"damage":30,"enemies":"Lagavulin","floor":7,"turns":5},{"damage":0,"enemies":"Cultist","floor":8,"turns":3},{"damage":8,"enemies":"3 Sentries","floor":10,"turns":4},{"damage":0,"enemies":"3 Louse","floor":12,"turns":1},{"damage":28,"enemies":"Gremlin Nob","floor":13,"turns":3}],"seed_played":"-7200722392855669719","potions_obtained":[{"floor":5,"key":"Swift Potion"},{"floor":8,"key":"AttackPotion"},{"floor":10,"key":"SmokeBomb"}],"is_trial":false,"path_per_floor":["M","$","?","?","M","R","E","M","T","E","R","M","E"],"character_chosen":"DEFECT","items_purchased":[],"campfire_rested":0,"item_purchase_floors":[],"current_hp_per_floor":[61,61,46,46,45,45,22,29,29,28,28,28,0],"gold":96,"neow_bonus":"REMOVE_TWO","is_prod":false,"is_daily":false,"chose_seed":false,"campfire_upgraded":2,"win_rate":0,"timestamp":1549705987,"path_taken":["M","$","?","?","M","R","E","M","T","E","R","M","E"],"build_version":"2019-02-06","purchased_purges":0,"victory":false,"max_hp_per_floor":[75,75,75,75,75,75,75,75,75,75,75,75,75],"card_choices":[{"not_picked":["Stack","Steam"],"picked":"Streamline","floor":1},{"not_picked":["Go for the Eyes","Biased Cognition"],"picked":"Self Repair","floor":5},{"not_picked":["Blizzard","Rebound"],"picked":"Coolheaded","floor":7},{"not_picked":["Barrage","Steam","Recycle"],"picked":"SKIP","floor":8},{"not_picked":["Stack","Undo"],"picked":"Fusion","floor":10}],"player_experience":374856,"relics_obtained":[{"floor":9,"key":"Du-Vu Doll"},{"floor":10,"key":"Ornamental Fan"}],"event_choices":[{"damage_healed":0,"gold_gain":0,"player_choice":"Entered Light","damage_taken":15,"max_hp_gain":0,"max_hp_loss":0,"event_name":"Shining Light","floor":3,"gold_loss":0,"cards_upgraded":["Defend_B","Strike_B"]},{"cards_removed":["Defend_B"],"damage_healed":0,"gold_gain":0,"player_choice":"Offered Basic","damage_taken":0,"max_hp_gain":0,"max_hp_loss":0,"event_name":"Bonfire Elementals","floor":4,"gold_loss":0}],"is_beta":true,"boss_relics":[],"items_purged_floors":[],"is_endless":false,"potions_floor_spawned":[5,8,10],"killed_by":"Gremlin Nob","ascension_level":12}