{"gold_per_floor":[111,125,47,66,77,77,92,92,115,115,144,160,160,175,175,270,270,290,3,20,50,50,98,110,141,153,80,126,138,178,250,262,379,391,435,485,467,489,538,550,594,606,618,643,655,94,121,134,134,154],"floor_reached":51,"playtime":3679,"items_purged":["Strike_B"],"score":1228,"play_id":"238e60c3-bf85-41dc-8ed3-85f68d95ed91","local_time":"20190205180811","is_ascension_mode":true,"campfire_choices":[{"data":"Zap","floor":6,"key":"SMITH"},{"data":"Defragment","floor":8,"key":"SMITH"},{"data":"Multi-Cast","floor":10,"key":"SMITH"},{"floor":13,"key":"REST"},{"floor":15,"key":"REST"},{"data":"Seek","floor":24,"key":"SMITH"},{"data":"1","floor":29,"key":"LIFT"},{"data":"2","floor":32,"key":"LIFT"},{"data":"Capacitor","floor":40,"key":"SMITH"},{"data":"Buffer","floor":42,"key":"SMITH"},{"data":"Defragment","floor":45,"key":"SMITH"},{"data":"Ghostly","floor":49,"key":"SMITH"}],"neow_cost":"NONE","seed_source_timestamp":129159859955589,"circlet_count":0,"master_deck":["AscendersBane","Strike_B","Strike_B","Strike_B","Defend_B","Defend_B","Defend_B","Defend_B+1","Zap+1","Dualcast+1","Multi-Cast+1","Gash","Sweeping Beam","FTL","Defragment+1","BootSequence","Conserve Battery","FTL","Go for the Eyes","Capacitor+1","All For One","Go for the Eyes","HandOfGreed","Gash","Steam","Undo","Streamline","Ghostly+1","Ghostly","Ghostly","Ghostly","Ghostly","Seek+1","Self Repair","Gash","Leap","Buffer+1","Gash+1","Ball Lightning","Compile Driver+1","Defragment+1","Cold Snap","Meteor Strike","FTL","Panacea","Multi-Cast+1","Parasite","Cold Snap+1"],"relics":["FrozenCore","War Paint","DataDisk","MawBank","Girya","Regal Pillow","Torii","Coffee Dripper","Dodecahedron","Frozen Egg 2","TheAbacus","Toxic Egg 2"],"potions_floor_usage":[12,16,21,30,36,38,39,47,50],"damage_taken":[{"damage":0,"enemies":"Cultist","floor":1,"turns":4},{"damage":0,"enemies":"Small Slimes","floor":2,"turns":3},{"damage":7,"enemies":"2 Louse","floor":4,"turns":2},{"damage":13,"enemies":"Red Slaver","floor":5,"turns":3},{"damage":13,"enemies":"Large Slime","floor":7,"turns":5},{"damage":22,"enemies":"Lagavulin","floor":11,"turns":5},{"damage":0,"enemies":"Looter","floor":12,"turns":1},{"damage":12,"enemies":"Exordium Thugs","floor":14,"turns":4},{"damage":19,"enemies":"Slime Boss","floor":16,"turns":6},{"damage":0,"enemies":"2 Thieves","floor":18,"turns":5},{"damage":0,"enemies":"Shell Parasite","floor":20,"turns":7},{"damage":2,"enemies":"Centurion and Healer","floor":21,"turns":6},{"damage":13,"enemies":"Slavers","floor":23,"turns":10},{"damage":0,"enemies":"Snake Plant","floor":25,"turns":9},{"damage":0,"enemies":"Chosen and Byrds","floor":28,"turns":9},{"damage":10,"enemies":"Book of Stabbing","floor":30,"turns":10},{"damage":9,"enemies":"Sentry and Sphere","floor":31,"turns":8},{"damage":8,"enemies":"Collector","floor":33,"turns":16},{"damage":0,"enemies":"3 Shapes","floor":35,"turns":11},{"damage":0,"enemies":"3 Darklings","floor":36,"turns":8},{"damage":1,"enemies":"Writhing Mass","floor":38,"turns":10},{"damage":6,"enemies":"Spire Growth","floor":39,"turns":7},{"damage":14,"enemies":"Nemesis","floor":41,"turns":9},{"damage":0,"enemies":"Transient","floor":44,"turns":5},{"damage":0,"enemies":"Giant Head","floor":47,"turns":11},{"damage":0,"enemies":"Writhing Mass","floor":48,"turns":8},{"damage":16,"enemies":"Donu and Deca","floor":50,"turns":14}],"seed_played":"-8164273859054984640","potions_obtained":[{"floor":1,"key":"Explosive Potion"},{"floor":4,"key":"SteroidPotion"},{"floor":14,"key":"Poison Potion"},{"floor":18,"key":"SteroidPotion"},{"floor":21,"key":"SneckoOil"},{"floor":23,"key":"EssenceOfSteel"},{"floor":37,"key":"Ancient Potion"},{"floor":37,"key":"Ancient Potion"},{"floor":39,"key":"SpeedPotion"},{"floor":41,"key":"Weak Potion"},{"floor":47,"key":"Swift Potion"}],"is_trial":false,"path_per_floor":["M","M","$","M","M","R","M","R","T","R","E","M","R","M","R","B",null,"M","$","M","M","?","E","R","M","T","?","M","R","E","M","R","B",null,"M","M","?","M","M","R","E","R","T","M","R","$","E","M","R","B",null],"character_chosen":"DEFECT","items_purchased":["FTL","HandOfGreed","Gash","Steam","Meteor Strike","FTL","Panacea","TheAbacus"],"campfire_rested":2,"item_purchase_floors":[3,19,19,19,46,46,46,46],"current_hp_per_floor":[68,68,68,61,48,48,35,35,35,35,13,13,35,23,45,26,63,63,63,63,61,37,24,24,24,24,24,24,24,21,19,19,18,32,37,37,37,37,37,37,30,30,30,37,37,37,37,37,37,28],"gold":154,"neow_bonus":"ONE_RANDOM_RARE_CARD","is_prod":false,"is_daily":false,"chose_seed":false,"campfire_upgraded":8,"win_rate":0,"timestamp":1549408091,"path_taken":["M","M","$","M","M","R","M","R","T","R","E","M","R","?","R","BOSS","M","$","M","M","?","E","R","M","T","?","M","R","E","M","R","BOSS","M","M","?","M","?","R","E","R","T","M","R","$","E","M","R","BOSS"],"build_version":"2019-01-23","purchased_purges":1,"victory":true,"max_hp_per_floor":[75,75,75,75,75,75,75,75,75,75,75,75,75,75,75,75,75,75,75,75,75,37,37,37,37,37,37,37,37,37,37,37,37,37,37,37,37,37,37,37,37,37,37,37,37,37,37,37,37,37],"card_choices":[{"not_picked":["White Noise","Conserve Battery"],"picked":"Gash","floor":1},{"not_picked":["Reprogram","Beam Cell"],"picked":"Sweeping Beam","floor":2},{"not_picked":["Rebound","FTL"],"picked":"Defragment","floor":4},{"not_picked":["Beam Cell","Consume"],"picked":"BootSequence","floor":5},{"not_picked":["Beam Cell","Compile Driver"],"picked":"Conserve Battery","floor":7},{"not_picked":["Leap","Beam Cell"],"picked":"FTL","floor":11},{"not_picked":["Steam Power","Skim"],"picked":"Go for the Eyes","floor":12},{"not_picked":["Go for the Eyes","Hello World"],"picked":"Capacitor","floor":14},{"not_picked":["Meteor Strike","Multi-Cast"],"picked":"All For One","floor":16},{"not_picked":["Steam Power","Redo"],"picked":"Go for the Eyes","floor":18},{"not_picked":["Reinforced Body","Steam"],"picked":"Undo","floor":20},{"not_picked":["Stack","Hello World"],"picked":"Streamline","floor":21},{"not_picked":["Aggregate+1","Coolheaded"],"picked":"Seek","floor":23},{"not_picked":["Sweeping Beam","Barrage"],"picked":"Self Repair","floor":25},{"not_picked":["Rip and Tear","FTL"],"picked":"Gash","floor":28},{"not_picked":["Reboot","Go for the Eyes"],"picked":"Leap","floor":30},{"not_picked":["Heatsinks","Beam Cell+1","Genetic Algorithm"],"picked":"SKIP","floor":31},{"not_picked":["Seek","Thunder Strike"],"picked":"Buffer","floor":33},{"not_picked":["Go for the Eyes","Hologram"],"picked":"Gash+1","floor":35},{"not_picked":["Barrage","Blizzard"],"picked":"Ball Lightning","floor":36},{"not_picked":["Coolheaded","Turbo"],"picked":"Compile Driver+1","floor":38},{"not_picked":["Streamline+1","Melter+1"],"picked":"Defragment","floor":39},{"not_picked":["Fusion","Stack+1","Barrage"],"picked":"SKIP","floor":41},{"not_picked":["Aggregate","BootSequence"],"picked":"Cold Snap","floor":44},{"not_picked":["Rebound+1","Hyperbeam"],"picked":"Multi-Cast","floor":47},{"not_picked":["Leap+1","Ball Lightning"],"picked":"Cold Snap+1","floor":48}],"player_experience":355000,"relics_obtained":[{"floor":9,"key":"War Paint"},{"floor":11,"key":"DataDisk"},{"floor":23,"key":"MawBank"},{"floor":26,"key":"Girya"},{"floor":30,"key":"Torii"},{"floor":41,"key":"Dodecahedron"},{"floor":43,"key":"Frozen Egg 2"},{"floor":47,"key":"Toxic Egg 2"}],"event_choices":[{"damage_healed":0,"gold_gain":0,"player_choice":"Became a Ghost","damage_taken":0,"max_hp_gain":0,"max_hp_loss":38,"event_name":"Ghosts","floor":22,"gold_loss":0,"cards_obtained":["Ghostly","Ghostly","Ghostly","Ghostly","Ghostly"]},{"damage_healed":0,"gold_gain":0,"player_choice":"Obtained Relic","damage_taken":0,"relics_obtained":["Regal Pillow"],"max_hp_gain":0,"max_hp_loss":0,"event_name":"Addict","floor":27,"gold_loss":85},{"damage_healed":0,"gold_gain":0,"player_choice":"Bought 2 Potions","damage_taken":0,"max_hp_gain":0,"max_hp_loss":0,"event_name":"The Woman in Blue","floor":37,"gold_loss":0}],"is_beta":true,"boss_relics":[{"not_picked":["Runic Pyramid","Velvet Choker"],"picked":"FrozenCore"},{"not_picked":["Calling Bell","Tiny House"],"picked":"Coffee Dripper"}],"items_purged_floors":[46],"is_endless":false,"potions_floor_spawned":[1,4,7,14,18,21,23,28,39,41,47,48],"ascension_level":11}