{"path_per_floor":["M","?","$","M","M","E","R","M","T","$","R","M","E","M","R","B",null,"M","M","$","M","?","R","?","R","T","M","R","M","E","M","R","B",null,"M","$","?","M","$"],"character_chosen":"THE_SILENT","items_purchased":["Flying Knee","Flying Knee","Well Laid Plans","Mummified Hand","Explosive Potion"],"gold_per_floor":[110,110,11,22,41,66,66,78,105,5,5,16,48,64,64,167,167,185,205,84,102,102,102,102,102,125,145,145,159,192,207,207,312,312,327,15,15,34,34],"floor_reached":40,"campfire_rested":1,"playtime":4100,"current_hp_per_floor":[70,63,63,63,60,40,40,39,39,39,39,36,30,30,51,18,70,64,55,55,52,52,52,52,52,52,38,38,38,24,23,23,13,70,62,62,70,69,69],"items_purged":["Defend_G","Strike_G"],"gold":34,"play_id":"e8702c56-5542-4b25-9a3f-6b509eb80dac","is_prod":false,"is_daily":false,"campfire_rituals":0,"campfire_upgraded":6,"is_hardmode":false,"path_taken":["M","?","?","M","M","E","R","M","T","$","R","M","E","M","R","BOSS","M","M","$","?","?","R","?","R","T","?","R","M","E","M","R","BOSS","M","$","?","M","?","E"],"build_version":"2018-01-18-PROD1","purchased_purges":2,"victory":false,"master_deck":["Defend_G","Defend_G","Strike_G","Survivor","Neutralize","Dash","Flying Knee","All Out Attack","Sucker Punch","Heel Hook","Predator","Tools of the Trade","Skewer","Dash","Accuracy","Reflex","Outmaneuver","Flying Knee","Well Laid Plans","Escape Plan","Writhe","Escape Plan","Flying Knee","Backstab","Heel Hook","Quick Slash","Tools of the Trade","Endless Agony"],"max_hp_per_floor":[70,70,70,70,70,70,70,70,70,70,70,70,70,70,70,70,70,70,70,70,70,70,70,70,70,70,70,70,70,70,70,70,70,70,70,70,70,70,70],"relics":["Ring of the Snake","Orichalcum","Prayer Wheel","Whetstone","Astrolabe","Gremlin Horn","Bag of Marbles","Torii","Snecko Eye","Mummified Hand"],"campfire_meditates":0,"card_choices":[{"not_picked":["Deflect","Leg Sweep"],"picked":"Dash"},{"not_picked":["Backflip","Reflex"],"picked":"All Out Attack"},{"not_picked":["PiercingWail","Finisher"],"picked":"Sucker Punch"},{"not_picked":["Prepared","Eviscerate"],"picked":"Heel Hook"},{"not_picked":["Escape Plan","Acrobatics"],"picked":"All Out Attack"},{"not_picked":["Backflip","Outmaneuver"],"picked":"Predator"},{"not_picked":["Die Die Die","Unload"],"picked":"Tools of the Trade"},{"not_picked":["Deflect","Outmaneuver"],"picked":"Reflex"},{"not_picked":["Dagger Spray","Sucker Punch"],"picked":"Outmaneuver"},{"not_picked":["Sucker Punch","Backflip"],"picked":"Escape Plan"},{"not_picked":["Deflect","Dodge and Roll"],"picked":"Escape Plan"},{"not_picked":["Envenom","Bane"],"picked":"Flying Knee"},{"not_picked":["Underhanded Strike","Accuracy"],"picked":"Backstab"},{"not_picked":["Choke","Terror"],"picked":"Heel Hook"},{"not_picked":["Bane","Underhanded Strike"],"picked":"Quick Slash"},{"not_picked":["Glass Knife","Night Terror"],"picked":"Tools of the Trade"},{"not_picked":["Bane","Dodge and Roll"],"picked":"Endless Agony"}],"player_experience":74286,"potions_floor_usage":[13,30,30,30,33,40],"damage_taken":[{"damage":0,"enemies":"Cultist","floor":1,"turns":4},{"damage":0,"enemies":"Jaw Worm","floor":4,"turns":4},{"damage":3,"enemies":"Small Slimes","floor":5,"turns":2},{"damage":20,"enemies":"Gremlin Nob","floor":6,"turns":5},{"damage":1,"enemies":"Red Slaver","floor":8,"turns":4},{"damage":3,"enemies":"Gremlin Gang","floor":12,"turns":3},{"damage":6,"enemies":"Lagavulin","floor":13,"turns":5},{"damage":0,"enemies":"2 Fungi Beasts","floor":14,"turns":2},{"damage":33,"enemies":"The Guardian","floor":16,"turns":9},{"damage":6,"enemies":"Spheric Guardian","floor":18,"turns":5},{"damage":9,"enemies":"Chosen","floor":19,"turns":5},{"damage":3,"enemies":"Snecko","floor":21,"turns":5},{"damage":14,"enemies":"Slaver and Parasite","floor":27,"turns":5},{"damage":0,"enemies":"Snake Plant","floor":29,"turns":3},{"damage":14,"enemies":"Gremlin Leader","floor":30,"turns":5},{"damage":1,"enemies":"Chosen and Byrds","floor":31,"turns":5},{"damage":10,"enemies":"Collector","floor":33,"turns":9},{"damage":8,"enemies":"3 Shapes","floor":35,"turns":3},{"damage":1,"enemies":"Orb Walker","floor":38,"turns":2},{"damage":82,"enemies":"Nemesis","floor":40,"turns":12}],"event_choices":[{"event_name":"Golden Wing","player_choice":"Card Removal","floor":2,"damage_taken":0},{"event_name":"The Mausoleum","player_choice":"Yes","floor":22,"damage_taken":0},{"event_name":"Back to Basics","player_choice":"Elegance","floor":24,"damage_taken":0},{"event_name":"Bonfire Elementals","player_choice":"UNCOMMON","floor":37,"damage_taken":0}],"boss_relics":[{"not_picked":["The Specimen","Sozu"],"picked":"Astrolabe"},{"not_picked":["Orrery","Runic Pyramid"],"picked":"Snecko Eye"}],"potions_floor_spawned":[1,5,16,19,27,31,33,35],"seed_played":"183440664543488951","killed_by":"Nemesis","is_trial":false}