{"path_per_floor":["M","M","$","M","M","E","M","R","T","E","M","?","R","?","R","B",null],"character_chosen":"THE_SILENT","items_purchased":["Unload"],"gold_per_floor":[116,128,52,69,87,115,134,134,182,212,229,288,288,288,288,385,385],"floor_reached":18,"campfire_rested":3,"playtime":1555,"current_hp_per_floor":[66,66,66,66,56,4,4,25,25,12,12,12,35,35,58,36,77],"items_purged":[],"gold":385,"play_id":"d2bbf8f0-9323-47ad-ae75-788f7c26996b","is_prod":false,"is_daily":false,"campfire_rituals":0,"campfire_upgraded":0,"is_hardmode":false,"path_taken":["M","M","$","M","M","E","M","R","T","E","M","?","R","?","R","BOSS","M"],"build_version":"2018-01-11-PROD2","purchased_purges":0,"victory":false,"master_deck":["Defend_G","Defend_G","Defend_G","Defend_G","Strike_G","Strike_G","Strike_G","Strike_G","Strike_G","Survivor","Neutralize","Dagger Throw","Envenom","Unload","Deadly Poison","Bouncing Flask","Backflip","Calculated Gamble","Prepared","Finisher","Flechettes","Venomology","Clumsy","Clumsy","Writhe"],"max_hp_per_floor":[70,70,70,70,70,70,70,70,70,70,70,77,77,77,77,77,77],"relics":["Ring of the Snake","Toxic Egg","Vajra","Tough Bandages","Strawberry","Calling Bell"],"campfire_meditates":0,"card_choices":[{"not_picked":["Sucker Punch","Slice"],"picked":"Dagger Throw"},{"not_picked":["Heel Hook","Distraction"],"picked":"Envenom"},{"not_picked":["Escape Plan","Outmaneuver"],"picked":"Deadly Poison"},{"not_picked":["Choke","Well Laid Plans"],"picked":"Bouncing Flask"},{"not_picked":["Sucker Punch","Crippling Poison"],"picked":"Backflip"},{"not_picked":["Dash","Skewer"],"picked":"Calculated Gamble"},{"not_picked":["Deflect","Catalyst"],"picked":"Prepared"},{"not_picked":["Backflip","Flying Knee"],"picked":"Finisher"},{"not_picked":["Glass Knife","Tools of the Trade"],"picked":"Venomology"}],"player_experience":15071,"potions_floor_usage":[12,12,12],"damage_taken":[{"damage":4,"enemies":"Jaw Worm","floor":1,"turns":6},{"damage":0,"enemies":"Small Slimes","floor":2,"turns":4},{"damage":0,"enemies":"Cultist","floor":4,"turns":4},{"damage":10,"enemies":"2 Fungi Beasts","floor":5,"turns":4},{"damage":52,"enemies":"3 Sentries","floor":6,"turns":7},{"damage":0,"enemies":"Looter","floor":7,"turns":4},{"damage":13,"enemies":"Lagavulin","floor":10,"turns":5},{"damage":0,"enemies":"3 Louse","floor":11,"turns":3},{"damage":7,"enemies":"3 Sentries","floor":12,"turns":6},{"damage":22,"enemies":"Hexaghost","floor":16,"turns":8},{"damage":0,"enemies":"2 Thieves","floor":18,"turns":1}],"event_choices":[{"event_name":"Dead Adventurer","player_choice":"Searched \u00272\u0027 times","floor":12,"damage_taken":0},{"event_name":"Transmorgrifier","player_choice":"Transform","floor":14,"damage_taken":0}],"boss_relics":[{"not_picked":["Black Star","Cursed Key"],"picked":"Calling Bell"}],"potions_floor_spawned":[2,5,7,11,12,16],"seed_played":"-1725043161044041708","killed_by":"2 Thieves","is_trial":false}