{"path_per_floor":["M","M","?","?","M","E","R","M","T","E","M","R","$","M","R","B",null,"M","M","?","?","$","?","R","M","T","$","M","M","R","M","R"],"character_chosen":"IRONCLAD","items_purchased":["Double Tap","Blood Vial","Oddly Smooth Stone","Heavy Blade","Vajra","Wild Strike"],"gold_per_floor":[119,136,136,136,149,480,480,494,494,528,543,543,84,96,96,195,195,215,225,225,225,173,173,173,186,186,17,28,44,44,57,57,57],"floor_reached":33,"campfire_rested":4,"playtime":2090,"current_hp_per_floor":[80,80,80,80,80,56,56,38,38,29,28,69,69,68,68,55,87,62,36,20,20,20,20,61,34,34,34,44,37,78,43,84,0],"items_purged":[],"gold":57,"score":259,"play_id":"5b93eb5a-3890-469b-9632-67f25eb9aef5","local_time":"20180329075711","is_prod":false,"is_daily":false,"is_ascension_mode":false,"campfire_upgraded":2,"timestamp":1522335431,"path_taken":["M","M","?","?","M","E","R","M","T","E","?","R","?","M","R","BOSS","M","M","?","?","$","?","R","M","T","$","?","M","R","M","R","BOSS"],"build_version":"2018-03-22v2","purchased_purges":1,"victory":false,"master_deck":["Strike_R+1","Strike_R+1","Strike_R+1","Strike_R+1","Strike_R+1","Defend_R+1","Defend_R+1","Defend_R+1","Defend_R+1","Bash","Shockwave","Carnage","Flex+1","Ghostly Armor","Wild Strike","Anger","Spot Weakness","Double Tap+1","Heavy Blade","Reaper","Headbutt","Shrug It Off","Heavy Blade","Carnage","Wild Strike","Flex","Cleave","Battle Trance"],"max_hp_per_floor":[80,80,80,80,80,80,80,80,80,87,87,87,87,87,87,87,87,87,87,87,87,87,87,87,87,87,87,87,87,87,87,87,87],"relics":["Burning Blood","Old Coin","Regal Pillow","Strawberry","Blood Vial","Oddly Smooth Stone","Black Star","Enchiridion","Bird Faced Urn","Thread and Needle","Vajra"],"card_choices":[{"not_picked":["Burning Pact","Armaments"],"picked":"Shockwave","floor":1},{"not_picked":["Heavy Blade","Pommel Strike"],"picked":"Carnage","floor":2},{"not_picked":["Evolve","Pommel Strike"],"picked":"Flex","floor":5},{"not_picked":["Flame Barrier","Sever Soul"],"picked":"Ghostly Armor","floor":6},{"not_picked":["True Grit","Searing Blow"],"picked":"Wild Strike","floor":8},{"not_picked":["Burning Pact","Wild Strike"],"picked":"Anger","floor":10},{"not_picked":["Sword Boomerang","Limit Break"],"picked":"Spot Weakness","floor":11},{"not_picked":["Sword Boomerang","Shrug It Off"],"picked":"Heavy Blade","floor":14},{"not_picked":["Berserk","Immolate"],"picked":"Reaper","floor":16},{"not_picked":["Iron Wave","Cleave"],"picked":"Headbutt","floor":18},{"not_picked":["Cleave","Body Slam"],"picked":"Shrug It Off","floor":19},{"not_picked":["Reckless Charge","Cleave"],"picked":"Carnage","floor":25},{"not_picked":["Whirlwind","Blood for Blood"],"picked":"Flex","floor":28},{"not_picked":["Sword Boomerang","True Grit"],"picked":"Cleave","floor":29},{"not_picked":["Entrench","Pommel Strike"],"picked":"Battle Trance","floor":31}],"player_experience":22502,"potions_floor_usage":[10,10,16,16,25,31,31,33,33],"damage_taken":[{"damage":1,"enemies":"2 Louse","floor":1,"turns":4},{"damage":0,"enemies":"Small Slimes","floor":2,"turns":4},{"damage":1,"enemies":"Cultist","floor":5,"turns":4},{"damage":30,"enemies":"3 Sentries","floor":6,"turns":11},{"damage":24,"enemies":"Exordium Thugs","floor":8,"turns":6},{"damage":22,"enemies":"Lagavulin","floor":10,"turns":7},{"damage":7,"enemies":"Looter","floor":11,"turns":3},{"damage":9,"enemies":"2 Fungi Beasts","floor":14,"turns":3},{"damage":36,"enemies":"Hexaghost","floor":16,"turns":8},{"damage":41,"enemies":"2 Thieves","floor":18,"turns":5},{"damage":38,"enemies":"Shell Parasite","floor":19,"turns":6},{"damage":52,"enemies":"Centurion and Healer","floor":25,"turns":8},{"damage":0,"enemies":"Snecko","floor":28,"turns":3},{"damage":22,"enemies":"Snake Plant","floor":29,"turns":4},{"damage":45,"enemies":"Slaver and Parasite","floor":31,"turns":6},{"damage":107,"enemies":"Collector","floor":33,"turns":8}],"event_choices":[{"event_name":"The Cleric","player_choice":"Leave","floor":3,"damage_taken":0},{"event_name":"Liars Game","player_choice":"disagreed","floor":4,"damage_taken":0},{"event_name":"Cursed Tome","player_choice":"Obtained Book","floor":20,"damage_taken":0},{"event_name":"The Mausoleum","player_choice":"Yes","floor":21,"damage_taken":0},{"event_name":"Back to Basics","player_choice":"Simplicity","floor":23,"damage_taken":0}],"boss_relics":[{"not_picked":["Sozu","Lizard Tail"],"picked":"Black Star"}],"potions_floor_spawned":[1,6,8,11,14,19,28,29,31],"seed_played":"-1001698526590091472","killed_by":"Collector","ascension_level":0,"is_trial":false}