{"gold_per_floor":[216,235,235,252,11,36,48,95,107,85,97,109],"floor_reached":12,"playtime":498,"items_purged":[],"score":129,"play_id":"f4c0005a-98ee-4959-b92c-1087b4a8afdb","local_time":"20190128043833","is_ascension_mode":true,"campfire_choices":[{"data":"Metallicize","floor":7,"key":"SMITH"}],"neow_cost":"NONE","seed_source_timestamp":12603482373807,"circlet_count":0,"master_deck":["AscendersBane","Strike_R","Strike_R","Strike_R","Strike_R","Defend_R","Defend_R","Defend_R","Defend_R","Bash","Corruption","Iron Wave","Iron Wave","Metallicize+1","Pommel Strike","Feed"],"relics":["Burning Blood","Tiny Chest","MawBank","Toxic Egg 2","PreservedInsect"],"potions_floor_usage":[6,12],"damage_taken":[{"damage":1,"enemies":"Cultist","floor":1,"turns":4},{"damage":11,"enemies":"Small Slimes","floor":2,"turns":6},{"damage":9,"enemies":"2 Louse","floor":4,"turns":4},{"damage":25,"enemies":"Lagavulin","floor":6,"turns":10},{"damage":40,"enemies":"Gremlin Nob","floor":8,"turns":6},{"damage":11,"enemies":"Lagavulin","floor":12,"turns":4}],"seed_played":"-8157371022302719805","potions_obtained":[{"floor":4,"key":"Dexterity Potion"},{"floor":8,"key":"AttackPotion"}],"is_trial":false,"path_per_floor":["M","M","?","M","$","E","R","E","T","?","$","E"],"character_chosen":"IRONCLAD","items_purchased":["Tiny Chest","Metallicize","Pommel Strike"],"campfire_rested":0,"item_purchase_floors":[5,5,5],"current_hp_per_floor":[77,72,65,62,62,43,43,9,9,9,9,0],"gold":109,"neow_bonus":"HUNDRED_GOLD","is_prod":false,"is_daily":false,"chose_seed":false,"campfire_upgraded":1,"win_rate":0,"timestamp":1548668313,"path_taken":["M","?","?","M","$","E","R","E","T","?","$","E"],"build_version":"2019-01-23","purchased_purges":0,"victory":false,"max_hp_per_floor":[80,80,80,80,80,80,80,80,80,80,80,80],"card_choices":[{"not_picked":["Iron Wave","Cleave"],"picked":"Corruption","floor":1},{"not_picked":["True Grit","Headbutt"],"picked":"Iron Wave","floor":2},{"not_picked":["Sword Boomerang","Pommel Strike"],"picked":"Iron Wave","floor":4},{"not_picked":["Pummel","Perfected Strike","Havoc"],"picked":"SKIP","floor":6},{"not_picked":["Iron Wave","Combust"],"picked":"Feed","floor":8}],"player_experience":280848,"relics_obtained":[{"floor":6,"key":"MawBank"},{"floor":8,"key":"Toxic Egg 2"},{"floor":9,"key":"PreservedInsect"}],"event_choices":[{"cards_removed":["Strike_R"],"damage_healed":0,"gold_gain":0,"player_choice":"Card Removal","damage_taken":7,"max_hp_gain":0,"max_hp_loss":0,"event_name":"Golden Wing","floor":3,"gold_loss":0},{"damage_healed":0,"gold_gain":0,"player_choice":"Left Gold","damage_taken":0,"max_hp_gain":0,"max_hp_loss":0,"event_name":"World of Goop","floor":10,"gold_loss":34}],"is_beta":true,"boss_relics":[],"items_purged_floors":[],"is_endless":false,"potions_floor_spawned":[4,8],"killed_by":"Lagavulin","ascension_level":10}