{"gold_per_floor":[109,109,109,34,45,76,76,111,134,134,153,53,53,65,65,65],"floor_reached":16,"playtime":592,"items_purged":["Regret","Strike_G"],"score":266,"play_id":"bcfccf08-bfec-4a0e-add9-0a9dc88de19c","local_time":"20190121193821","is_ascension_mode":true,"campfire_choices":[{"floor":10.0,"key":"REST"},{"data":"Cloak And Dagger","floor":13.0,"key":"SMITH"},{"floor":15.0,"key":"REST"}],"neow_cost":"NONE","seed_source_timestamp":708500069072400,"circlet_count":0,"master_deck":["AscendersBane","Defend_G","Defend_G","Defend_G","Defend_G","Defend_G","Strike_G+1","Strike_G+1","Strike_G","Strike_G","Survivor","Neutralize+1","Predator","Backstab+1","Cloak And Dagger+1","Adrenaline","Backflip"],"special_seed":0,"relics":["Ring of the Snake","NeowsBlessing","Potion Belt","Ginger","WingedGreaves","Sundial","Whetstone"],"potions_floor_usage":[16],"damage_taken":[{"damage":0.0,"enemies":"Small Slimes","floor":1.0,"turns":1.0},{"damage":0.0,"enemies":"Jaw Worm","floor":5.0,"turns":1.0},{"damage":0.0,"enemies":"Lagavulin","floor":6.0,"turns":1.0},{"damage":19.0,"enemies":"3 Sentries","floor":8.0,"turns":6.0},{"damage":0.0,"enemies":"2 Louse","floor":11.0,"turns":1.0},{"damage":0.0,"enemies":"Blue Slaver","floor":14.0,"turns":2.0},{"damage":52,"enemies":"Slime Boss","floor":16,"turns":6}],"seed_played":"2115864195022477518","potions_obtained":[{"floor":5.0,"key":"Strength Potion"},{"floor":14.0,"key":"AttackPotion"}],"is_trial":false,"path_per_floor":["M","?","?","$","M","E","?","E","T","R","M","$","R","M","R","B"],"character_chosen":"THE_SILENT","items_purchased":[],"campfire_rested":2,"item_purchase_floors":[],"current_hp_per_floor":[59,48,48,48,48,48,28,9,9,28,28,28,28,28,47,0],"gold":65,"neow_bonus":"THREE_ENEMY_KILL","is_prod":false,"is_daily":false,"chose_seed":false,"campfire_upgraded":1,"win_rate":0,"timestamp":1548117501,"path_taken":["M","?","?","$","?","E","?","E","T","R","M","$","R","M","R","BOSS"],"build_version":"2019-01-17v2","purchased_purges":2,"victory":false,"max_hp_per_floor":[66,66,66,66,66,66,66,66,66,66,66,66,66,66,66,66],"card_choices":[{"not_picked":["Deflect","Heel Hook"],"picked":"Predator","floor":1.0},{"not_picked":["Deadly Poison","Outmaneuver"],"picked":"Backstab","floor":5.0},{"not_picked":["Dagger Throw","Catalyst"],"picked":"Cloak And Dagger","floor":6.0},{"not_picked":["Infinite Blades","Setup"],"picked":"Adrenaline","floor":8.0},{"not_picked":["Bane","Poisoned Stab"],"picked":"Backflip","floor":11.0},{"not_picked":["Cloak And Dagger","Reflex","Calculated Gamble"],"picked":"SKIP","floor":14.0}],"player_experience":505762,"relics_obtained":[{"floor":6.0,"key":"WingedGreaves"},{"floor":8.0,"key":"Sundial"},{"floor":9.0,"key":"Whetstone"}],"event_choices":[{"damage_healed":0.0,"max_hp_gain":0.0,"max_hp_loss":0.0,"gold_gain":0.0,"event_name":"Scrap Ooze","player_choice":"Success","floor":2.0,"gold_loss":0.0,"damage_taken":11.0,"relics_obtained":["Potion Belt"]},{"damage_healed":0.0,"max_hp_gain":0.0,"max_hp_loss":0.0,"gold_gain":0.0,"event_name":"Big Fish","player_choice":"Box","floor":3.0,"gold_loss":0.0,"damage_taken":0.0,"relics_obtained":["Ginger"],"cards_obtained":["Regret"]},{"damage_healed":0.0,"max_hp_gain":0.0,"max_hp_loss":0.0,"gold_gain":0.0,"event_name":"Shining Light","player_choice":"Entered Light","floor":7.0,"gold_loss":0.0,"damage_taken":20.0,"cards_upgraded":["Neutralize","Strike_G"]}],"is_beta":false,"boss_relics":[],"items_purged_floors":[4,12],"is_endless":false,"potions_floor_spawned":[5,14],"killed_by":"Slime Boss","ascension_level":20}