{"gold_per_floor":[217,142,161,161,57,57,79,79,79,99,99,113,113,130,130,130],"floor_reached":16,"playtime":558,"items_purged":["Strike_R"],"score":180,"play_id":"d2cd91b7-ba85-4a55-978e-41656f74dec5","local_time":"20181222194134","is_ascension_mode":true,"campfire_choices":[{"data":"Hemokinesis","floor":6,"key":"SMITH"},{"data":"Armaments","floor":8,"key":"SMITH"},{"data":"Clothesline","floor":15,"key":"SMITH"}],"neow_cost":"NONE","seed_source_timestamp":870569626213553,"circlet_count":0,"master_deck":["AscendersBane","Strike_R+1","Strike_R","Defend_R","Defend_R","Defend_R","Defend_R","Bash+1","Thunderclap","Hemokinesis+1","Shrug It Off","Armaments+1","Clothesline+1","Headbutt","True Grit"],"relics":["Burning Blood","Odd Mushroom","Gambling Chip"],"potions_floor_usage":[],"damage_taken":[{"damage":4,"enemies":"Jaw Worm","floor":1,"turns":5},{"damage":10,"enemies":"2 Louse","floor":3,"turns":3},{"damage":20,"enemies":"The Mushroom Lair","floor":7,"turns":4},{"damage":2,"enemies":"Small Slimes","floor":10,"turns":2},{"damage":0,"enemies":"Exordium Wildlife","floor":12,"turns":5},{"damage":2,"enemies":"2 Fungi Beasts","floor":14,"turns":3},{"damage":43,"enemies":"Hexaghost","floor":16,"turns":11}],"seed_played":"6291568830205975063","potions_obtained":[{"floor":12,"key":"SteroidPotion"}],"is_trial":false,"path_per_floor":["M","?","M","?","$","R","?","R","T","M","$","M","?","M","R","B"],"character_chosen":"IRONCLAD","items_purchased":["Shrug It Off"],"campfire_rested":0,"item_purchase_floors":[5],"current_hp_per_floor":[70,70,66,43,43,43,29,29,29,33,33,39,39,43,43,0],"gold":130,"neow_bonus":"HUNDRED_GOLD","is_prod":false,"is_daily":false,"chose_seed":false,"campfire_upgraded":3,"win_rate":0,"timestamp":1545525694,"path_taken":["M","?","M","?","$","R","?","R","T","M","$","?","?","?","R","BOSS"],"build_version":"2018-12-20","purchased_purges":1,"victory":false,"max_hp_per_floor":[75,75,75,75,75,75,75,75,75,75,75,75,75,75,75,75],"card_choices":[{"not_picked":["Sword Boomerang","Warcry"],"picked":"Thunderclap","floor":1},{"not_picked":["Havoc","Headbutt"],"picked":"Hemokinesis","floor":3},{"not_picked":["Headbutt","Iron Wave"],"picked":"Armaments","floor":7},{"not_picked":["True Grit","Wild Strike"],"picked":"Clothesline","floor":10},{"not_picked":["Thunderclap","Wild Strike"],"picked":"Headbutt","floor":12},{"not_picked":["Flex","Brutality"],"picked":"True Grit","floor":14}],"player_experience":913876,"relics_obtained":[{"floor":7,"key":"Odd Mushroom"},{"floor":9,"key":"Gambling Chip"}],"event_choices":[{"cards_removed":["Strike_R"],"damage_healed":0,"gold_gain":0,"player_choice":"Card Removal","damage_taken":0,"max_hp_gain":0,"max_hp_loss":0,"event_name":"The Cleric","floor":2,"gold_loss":75},{"damage_healed":0,"gold_gain":0,"player_choice":"Entered Light","damage_taken":23,"max_hp_gain":0,"max_hp_loss":0,"event_name":"Shining Light","floor":4,"gold_loss":0,"cards_upgraded":["Bash","Strike_R"]},{"damage_healed":0,"gold_gain":0,"player_choice":"Fought Mushrooms","damage_taken":0,"max_hp_gain":0,"max_hp_loss":0,"event_name":"Mushrooms","floor":7,"gold_loss":0},{"cards_removed":["Strike_R"],"damage_healed":0,"gold_gain":0,"player_choice":"Purged","damage_taken":0,"max_hp_gain":0,"max_hp_loss":0,"event_name":"Purifier","floor":13,"gold_loss":0}],"is_beta":true,"boss_relics":[],"items_purged_floors":[5],"is_endless":false,"potions_floor_spawned":[12],"killed_by":"Hexaghost","ascension_level":20}