{"gold_per_floor":[362,377,18,28,48,48,74,86,86,11,24,35,48,48,48,143,193,204,204,219,230,240,240,260,260,314,333,346,357,357,557,557,653,653,664,664,675,309,309,309,409,409,434,434],"floor_reached":44,"playtime":1438,"items_purged":["Pain","Corruption"],"score":510,"play_id":"c96948ba-c335-4dc3-8f5c-a381db23b845","local_time":"20190312064507","is_ascension_mode":true,"campfire_choices":[{"data":"Anger","floor":6,"key":"SMITH"},{"data":"Combust","floor":15,"key":"SMITH"},{"data":"Heavy Blade","floor":23,"key":"SMITH"},{"data":"Rupture","floor":30,"key":"SMITH"},{"data":"Limit Break","floor":32,"key":"SMITH"},{"floor":40,"key":"REST"},{"floor":42,"key":"DIG"}],"neow_cost":"CURSE","seed_source_timestamp":344942773123896,"circlet_count":0,"master_deck":["Strike_R","Strike_R","Strike_R","Strike_R","Strike_R","Defend_R","Defend_R","Defend_R","Defend_R","Bash","Armaments","Anger+1","Inflame","Heavy Blade+1","Cleave","Combust+1","Spot Weakness","Uppercut","Clash+1","Limit Break+1","Flex+1","Combust+1","Heavy Blade+1","Ghostly Armor+1","Rupture+1","Double Tap","Combust+1","Armaments+1","Flex+1","Madness+1"],"relics":["Burning Blood","Omamori","Red Skull","Meat on the Bone","Tiny House","MutagenicStrength","Anchor","Eternal Feather","Toxic Egg 2","HandDrill","Shovel","Orichalcum"],"potions_floor_usage":[5,8,16,18,22,24,27,27,33,44],"damage_taken":[{"damage":3,"enemies":"Small Slimes","floor":1,"turns":3},{"damage":12,"enemies":"2 Louse","floor":2,"turns":4},{"damage":6,"enemies":"Cultist","floor":4,"turns":4},{"damage":7,"enemies":"2 Fungi Beasts","floor":5,"turns":3},{"damage":34,"enemies":"Gremlin Nob","floor":7,"turns":5},{"damage":10,"enemies":"Large Slime","floor":8,"turns":5},{"damage":20,"enemies":"Red Slaver","floor":11,"turns":3},{"damage":1,"enemies":"Exordium Thugs","floor":12,"turns":3},{"damage":7,"enemies":"3 Louse","floor":13,"turns":3},{"damage":11,"enemies":"Slime Boss","floor":16,"turns":8},{"damage":40,"enemies":"3 Byrds","floor":18,"turns":5},{"damage":31,"enemies":"Shell Parasite","floor":20,"turns":4},{"damage":34,"enemies":"Shelled Parasite and Fungi","floor":21,"turns":4},{"damage":5,"enemies":"Cultist and Chosen","floor":22,"turns":4},{"damage":13,"enemies":"Snecko","floor":24,"turns":3},{"damage":15,"enemies":"Snake Plant","floor":27,"turns":3},{"damage":4,"enemies":"Centurion and Healer","floor":28,"turns":4},{"damage":5,"enemies":"Chosen and Byrds","floor":29,"turns":4},{"damage":67,"enemies":"Champ","floor":33,"turns":8},{"damage":45,"enemies":"Orb Walker","floor":35,"turns":5},{"damage":56,"enemies":"3 Shapes","floor":37,"turns":3},{"damage":37,"enemies":"Mind Bloom Boss Battle","floor":41,"turns":6},{"damage":86,"enemies":"Transient","floor":44,"turns":5}],"seed_played":"-1661543965407826096","potions_obtained":[{"floor":4,"key":"Fire Potion"},{"floor":7,"key":"AttackPotion"},{"floor":8,"key":"FairyPotion"},{"floor":13,"key":"SteroidPotion"},{"floor":17,"key":"Poison Potion"},{"floor":20,"key":"Poison Potion"},{"floor":21,"key":"Swift Potion"},{"floor":22,"key":"Explosive Potion"},{"floor":24,"key":"Weak Potion"},{"floor":29,"key":"SteroidPotion"},{"floor":35,"key":"Poison Potion"},{"floor":37,"key":"FearPotion"}],"is_trial":false,"path_per_floor":["M","M","$","M","M","R","E","M","T","$","M","M","M","?","R","B",null,"M","?","M","M","M","R","M","?","T","M","M","M","R","?","R","B",null,"M","?","M","$","?","R","?","R","T","M"],"character_chosen":"IRONCLAD","items_purchased":["Corruption","Omamori","Anger","Combust","Armaments+1","HandDrill","Flex+1"],"campfire_rested":1,"item_purchase_floors":[3,3,3,10,38,38,38],"current_hp_per_floor":[80,74,74,74,73,73,45,41,41,41,39,56,55,60,60,55,90,56,56,43,27,40,40,45,45,45,48,62,63,63,63,63,27,90,63,63,25,25,25,70,51,69,69,0],"gold":434,"neow_bonus":"TWO_FIFTY_GOLD","is_prod":false,"is_daily":false,"chose_seed":false,"campfire_upgraded":5,"win_rate":0,"timestamp":1552398307,"path_taken":["M","M","$","M","M","R","E","M","T","$","M","M","M","?","R","BOSS","M","?","?","M","M","R","M","?","T","M","M","M","R","?","R","BOSS","M","?","?","$","?","R","?","R","T","M"],"build_version":"2019-01-23","purchased_purges":2,"victory":false,"max_hp_per_floor":[80,80,80,80,80,80,80,80,80,80,80,80,80,85,85,85,90,90,90,90,90,90,90,90,90,90,90,90,90,90,90,90,90,90,90,90,90,90,90,90,90,90,90,90],"card_choices":[{"not_picked":["Pommel Strike","Shockwave"],"picked":"Armaments","floor":1},{"not_picked":["Body Slam","Burning Pact","Sword Boomerang"],"picked":"SKIP","floor":2},{"not_picked":["Headbutt","Intimidate"],"picked":"Inflame","floor":4},{"not_picked":["Shrug It Off","Body Slam","Wild Strike"],"picked":"SKIP","floor":5},{"not_picked":["Body Slam","Shrug It Off"],"picked":"Heavy Blade","floor":7},{"not_picked":["Impervious","Sentinel"],"picked":"Cleave","floor":8},{"not_picked":["Rampage","Entrench"],"picked":"Spot Weakness","floor":11},{"not_picked":["Wild Strike","Body Slam"],"picked":"Uppercut","floor":12},{"not_picked":["Hemokinesis","Sever Soul"],"picked":"Clash","floor":13},{"not_picked":["Immolate","Juggernaut"],"picked":"Limit Break","floor":16},{"not_picked":["Clothesline","Body Slam"],"picked":"Flex+1","floor":18},{"not_picked":["Clash","Cleave+1"],"picked":"Heavy Blade+1","floor":20},{"not_picked":["Impervious","Iron Wave","True Grit"],"picked":"SKIP","floor":21},{"not_picked":["Wild Strike+1","Havoc"],"picked":"Ghostly Armor+1","floor":22},{"not_picked":["Blood for Blood","Inflame","Carnage"],"picked":"SKIP","floor":24},{"not_picked":["Searing Blow","Wild Strike","Armaments"],"picked":"SKIP","floor":27},{"not_picked":["Thunderclap","Carnage"],"picked":"Rupture","floor":28},{"not_picked":["Anger","Flex+1","Corruption"],"picked":"SKIP","floor":29},{"not_picked":["Dark Embrace","Barricade"],"picked":"Double Tap","floor":33},{"not_picked":["Twin Strike+1","Inflame","Pummel"],"picked":"SKIP","floor":35},{"not_picked":["Sever Soul","Intimidate+1"],"picked":"Combust+1","floor":37},{"not_picked":["Impatience+1","Dramatic Entrance"],"picked":"Madness+1","floor":39}],"player_experience":335932,"relics_obtained":[{"floor":7,"key":"Red Skull"},{"floor":9,"key":"Meat on the Bone"},{"floor":26,"key":"Anchor"},{"floor":41,"key":"Shovel"},{"floor":42,"key":"Orichalcum"}],"event_choices":[{"damage_healed":0,"gold_gain":0,"player_choice":"Donut","damage_taken":0,"max_hp_gain":5,"max_hp_loss":0,"event_name":"Big Fish","floor":14,"gold_loss":0},{"damage_healed":0,"gold_gain":0,"player_choice":"Copied","damage_taken":0,"max_hp_gain":0,"max_hp_loss":0,"event_name":"Duplicator","floor":19,"gold_loss":0,"cards_obtained":["Combust"]},{"damage_healed":0,"gold_gain":0,"player_choice":"Inject Mutagens","damage_taken":0,"relics_obtained":["MutagenicStrength"],"max_hp_gain":0,"max_hp_loss":0,"event_name":"Drug Dealer","floor":25,"gold_loss":0},{"damage_healed":0,"gold_gain":250,"player_choice":"Bet on Owner","damage_taken":0,"max_hp_gain":0,"max_hp_loss":0,"event_name":"The Joust","floor":31,"gold_loss":50},{"damage_healed":0,"gold_gain":0,"player_choice":"Gave Potion","damage_taken":0,"relics_obtained":["Toxic Egg 2"],"max_hp_gain":0,"max_hp_loss":0,"event_name":"WeMeetAgain","floor":36,"gold_loss":0},{"damage_healed":0,"gold_gain":0,"player_choice":"Memory 1","damage_taken":0,"max_hp_gain":0,"max_hp_loss":0,"event_name":"SensoryStone","floor":39,"gold_loss":0},{"damage_healed":0,"gold_gain":0,"player_choice":"Fight","damage_taken":0,"max_hp_gain":0,"max_hp_loss":0,"event_name":"MindBloom","floor":41,"gold_loss":0}],"is_beta":false,"boss_relics":[{"not_picked":["Runic Dome","Fusion Hammer"],"picked":"Tiny House"},{"not_picked":["Orrery","Snecko Eye"],"picked":"Eternal Feather"}],"items_purged_floors":[3,38],"is_endless":false,"potions_floor_spawned":[4,7,8,13,20,21,22,24,29,35,37],"killed_by":"Transient","ascension_level":2}