{"gold_per_floor":[115,115,134,25,44,71,71,71,71,71,106,124,157,168,168,267,267,279,293,90,105,121,151,151,183,183,183,183,215,234,253,253,351,351,362,362,413,3,15,15,47,47,71,86,114,114,127,227,227,227,227,227,76,110,110],"floor_reached":56,"playtime":5532,"items_purged":["Strike_G","Strike_G","Writhe"],"score":1462,"play_id":"cf7f2936-2b41-4b8a-9566-4552d12f43b6","local_time":"20190319035213","is_ascension_mode":true,"campfire_choices":[{"data":"Neutralize","floor":7,"key":"SMITH"},{"data":"Predator","floor":10,"key":"SMITH"},{"data":"Bullet Time","floor":15,"key":"SMITH"},{"floor":24,"key":"REST"},{"data":"Noxious Fumes","floor":32,"key":"SMITH"},{"floor":40,"key":"REST"},{"floor":42,"key":"RECALL"},{"data":"Footwork","floor":49,"key":"SMITH"},{"data":"Calculated Gamble","floor":52,"key":"SMITH"}],"neow_cost":"CURSE","seed_source_timestamp":39369904441600,"circlet_count":0,"master_deck":["Defend_G","Defend_G","Defend_G","Defend_G","Defend_G","Survivor","Neutralize+1","Clumsy","Blade Dance","Predator","Predator+1","Masterful Stab","Dagger Spray","Bullet Time+1","Acrobatics","Flying Knee","All Out Attack","Bullet Time","Dodge and Roll+1","Dash","Noxious Fumes","PiercingWail","Noxious Fumes+1","Bouncing Flask+1","Bite","Bite","Bite","Bite","Footwork+1","Adrenaline","Predator","Expertise","Crippling Poison+1","Bane+1","Catalyst+1","Calculated Gamble+1","PiercingWail+1"],"relics":["Ring of the Snake","Ice Cream","Darkstone Periapt","Pantograph","Oddly Smooth Stone","Nunchaku","Cursed Key","Smiling Mask","Anchor","Sozu","Incense Burner","Omamori","ClockworkSouvenir","Centennial Puzzle","Strawberry","Lantern","Mercury Hourglass","Tough Bandages","Snake Skull","Bronze Scales"],"potions_floor_usage":[13,23,29,29,55],"damage_taken":[{"damage":0,"enemies":"2 Louse","floor":1,"turns":3},{"damage":2,"enemies":"Cultist","floor":3,"turns":4},{"damage":0,"enemies":"Small Slimes","floor":5,"turns":2},{"damage":36,"enemies":"Lagavulin","floor":6,"turns":7},{"damage":10,"enemies":"Gremlin Nob","floor":11,"turns":3},{"damage":4,"enemies":"Blue Slaver","floor":12,"turns":3},{"damage":9,"enemies":"Lagavulin","floor":13,"turns":5},{"damage":3,"enemies":"Exordium Wildlife","floor":14,"turns":3},{"damage":36,"enemies":"Hexaghost","floor":16,"turns":13},{"damage":6,"enemies":"Shell Parasite","floor":18,"turns":4},{"damage":0,"enemies":"Spheric Guardian","floor":19,"turns":3},{"damage":4,"enemies":"3 Cultists","floor":21,"turns":4},{"damage":18,"enemies":"Cultist and Chosen","floor":22,"turns":7},{"damage":12,"enemies":"Gremlin Leader","floor":23,"turns":7},{"damage":29,"enemies":"Book of Stabbing","floor":25,"turns":6},{"damage":16,"enemies":"Slavers","floor":29,"turns":5},{"damage":0,"enemies":"Centurion and Healer","floor":30,"turns":6},{"damage":30,"enemies":"Snecko","floor":31,"turns":5},{"damage":58,"enemies":"Champ","floor":33,"turns":12},{"damage":25,"enemies":"3 Darklings","floor":35,"turns":5},{"damage":46,"enemies":"2 Orb Walkers","floor":37,"turns":5},{"damage":0,"enemies":"3 Shapes","floor":39,"turns":4},{"damage":0,"enemies":"Reptomancer","floor":41,"turns":5},{"damage":12,"enemies":"Writhing Mass","floor":44,"turns":5},{"damage":22,"enemies":"Giant Head","floor":45,"turns":7},{"damage":15,"enemies":"3 Darklings","floor":47,"turns":3},{"damage":11,"enemies":"Mind Bloom Boss Battle","floor":48,"turns":4},{"damage":35,"enemies":"Donu and Deca","floor":50,"turns":8},{"damage":58,"enemies":"Shield and Spear","floor":54,"turns":7},{"damage":66,"enemies":"The Heart","floor":55,"turns":8}],"seed_played":"-4070437643093409875","potions_obtained":[{"floor":3,"key":"AttackPotion"},{"floor":5,"key":"Block Potion"},{"floor":12,"key":"Regen Potion"},{"floor":16,"key":"Ancient Potion"},{"floor":21,"key":"PowerPotion"},{"floor":23,"key":"SpeedPotion"},{"floor":25,"key":"Block Potion"},{"floor":33,"key":"AttackPotion"}],"is_trial":false,"path_per_floor":["M","?","M","$","M","E","R","$","T","R","E","M","E","M","R","B",null,"M","M","$","M","M","E","R","E","T","?","?","E","M","M","R","B",null,"M","?","?","$","M","R","E","R","T","M","E","T","M","?","R","B",null,"R","$","E","B",null],"character_chosen":"THE_SILENT","items_purchased":["Predator","Dash","Noxious Fumes","Omamori","ClockworkSouvenir","Snake Skull"],"campfire_rested":2,"item_purchase_floors":[4,20,20,38,38,53],"current_hp_per_floor":[70,70,68,68,68,32,32,32,32,32,22,18,23,20,20,9,70,64,64,64,60,42,30,51,24,30,30,55,49,59,35,35,20,76,57,57,19,19,23,45,57,57,64,60,50,50,43,67,67,54,83,83,83,35,2],"gold":110,"neow_bonus":"ONE_RARE_RELIC","is_prod":false,"is_daily":false,"chose_seed":false,"campfire_upgraded":6,"win_rate":0,"timestamp":1552947733,"path_taken":["M","?","M","$","M","E","R","$","T","R","E","M","E","?","R","BOSS","M","M","$","M","M","E","R","E","T","?","?","E","M","M","R","BOSS","M","?","?","?","M","R","E","R","T","?","E","?","?","?","R","BOSS","R","$","E","BOSS"],"build_version":"2019-01-23","purchased_purges":3,"victory":true,"max_hp_per_floor":[70,70,70,70,70,70,70,70,70,70,70,70,70,70,70,70,70,70,70,70,70,70,70,70,70,76,76,76,76,76,76,76,76,76,76,76,76,76,76,76,76,76,83,83,83,83,83,83,83,83,83,83,83,83,83],"card_choices":[{"not_picked":["Blur","Distraction"],"picked":"Blade Dance","floor":1},{"not_picked":["Terror","Slice"],"picked":"Predator","floor":3},{"not_picked":["Dagger Spray","Prepared"],"picked":"Masterful Stab","floor":5},{"not_picked":["Flechettes","Quick Slash"],"picked":"Dagger Spray","floor":6},{"not_picked":["Endless Agony","Sucker Punch"],"picked":"Bullet Time","floor":11},{"not_picked":["Tactician","Dagger Spray"],"picked":"Acrobatics","floor":12},{"not_picked":["Predator","Distraction"],"picked":"Flying Knee","floor":13},{"not_picked":["Escape Plan","Underhanded Strike"],"picked":"All Out Attack","floor":14},{"not_picked":["After Image","Die Die Die"],"picked":"Bullet Time","floor":16},{"not_picked":["Backflip","Eviscerate"],"picked":"Dodge and Roll+1","floor":18},{"not_picked":["Flying Knee","Dodge and Roll","Underhanded Strike"],"picked":"SKIP","floor":19},{"not_picked":["Blade Dance+1","Flying Knee"],"picked":"PiercingWail","floor":21},{"not_picked":["Blur","Escape Plan","Blade Dance"],"picked":"SKIP","floor":22},{"not_picked":["Phantasmal Killer","Unload"],"picked":"Noxious Fumes","floor":23},{"not_picked":["Skewer","Finisher"],"picked":"Bouncing Flask+1","floor":25},{"not_picked":["Cloak And Dagger","Outmaneuver+1"],"picked":"Footwork","floor":29},{"not_picked":["Bane+1","Slice","Choke"],"picked":"SKIP","floor":30},{"not_picked":["Outmaneuver","Slice","Dagger Spray"],"picked":"SKIP","floor":31},{"not_picked":["Storm of Steel","Glass Knife"],"picked":"Adrenaline","floor":33},{"not_picked":["Distraction","Noxious Fumes+1"],"picked":"Predator","floor":35},{"not_picked":["Dagger Spray","Deflect+1"],"picked":"Expertise","floor":37},{"not_picked":["Eviscerate+1","Flying Knee+1","Reflex"],"picked":"SKIP","floor":39},{"not_picked":["Blade Dance+1","Sucker Punch"],"picked":"Crippling Poison+1","floor":41},{"not_picked":["Sucker Punch","Slice"],"picked":"Bane+1","floor":44},{"not_picked":["Slice+1","Distraction"],"picked":"Catalyst+1","floor":45},{"not_picked":["Outmaneuver","Flying Knee","Skewer+1"],"picked":"SKIP","floor":47},{"not_picked":["Deadly Poison+1","Dodge and Roll"],"picked":"Calculated Gamble","floor":48},{"not_picked":["Storm of Steel","Night Terror"],"picked":"PiercingWail+1","floor":54}],"player_experience":69988,"relics_obtained":[{"floor":6,"key":"Darkstone Periapt"},{"floor":9,"key":"Pantograph"},{"floor":11,"key":"Oddly Smooth Stone"},{"floor":13,"key":"Nunchaku"},{"floor":23,"key":"Blood Vial"},{"floor":25,"key":"Smiling Mask"},{"floor":29,"key":"Anchor"},{"floor":37,"key":"Incense Burner"},{"floor":41,"key":"Centennial Puzzle"},{"floor":43,"key":"Strawberry"},{"floor":45,"key":"Lantern"},{"floor":46,"key":"Mercury Hourglass"},{"floor":48,"key":"Tough Bandages"},{"floor":54,"key":"Bronze Scales"}],"event_choices":[{"cards_removed":["Strike_G"],"damage_healed":0,"gold_gain":0,"player_choice":"Offered Basic","damage_taken":0,"max_hp_gain":0,"max_hp_loss":0,"event_name":"Bonfire Elementals","floor":2,"gold_loss":0},{"damage_healed":0,"gold_gain":0,"player_choice":"Became a vampire (Vial)","damage_taken":0,"max_hp_gain":0,"max_hp_loss":0,"event_name":"Vampires","floor":27,"relics_lost":["Blood Vial"],"gold_loss":0,"cards_obtained":["Bite","Bite","Bite","Bite","Bite"]},{"damage_healed":25,"gold_gain":0,"player_choice":"Heal","damage_taken":0,"max_hp_gain":0,"max_hp_loss":0,"event_name":"The Library","floor":28,"gold_loss":0},{"cards_removed":["Bite"],"damage_healed":0,"gold_gain":0,"player_choice":"Removed Attack","damage_taken":0,"max_hp_gain":0,"max_hp_loss":0,"event_name":"Falling","floor":36,"gold_loss":0},{"damage_healed":0,"gold_gain":0,"player_choice":"Fight","damage_taken":0,"max_hp_gain":0,"max_hp_loss":0,"event_name":"Mysterious Sphere","floor":37,"gold_loss":0},{"damage_healed":0,"gold_gain":0,"player_choice":"Fight","damage_taken":0,"max_hp_gain":0,"max_hp_loss":0,"event_name":"MindBloom","floor":48,"gold_loss":0}],"is_beta":false,"boss_relics":[{"not_picked":["Velvet Choker","Eternal Feather"],"picked":"Cursed Key"},{"not_picked":["Tiny House","Fusion Hammer"],"picked":"Sozu"}],"items_purged_floors":[4,20,38],"is_endless":false,"potions_floor_spawned":[3,5,12,16,21,22,23,25,33,37,39,44,45,54],"ascension_level":3}