{"gold_per_floor":[113,5,5,18,30,59,76,110,110,110,110,110,127,159,159,260,260,273,198,198,118,118,146,146,178,208,228,247,42,42,60,60,163,163,174,174,174,192,242,242,242],"floor_reached":41,"playtime":2854,"items_purged":["Defend_G","Strike_G"],"score":536,"play_id":"1b1bc14d-b610-41d7-90ed-310d4648d2ee","local_time":"20190113005931","is_ascension_mode":true,"campfire_choices":[{"data":"Tactician","floor":12,"key":"SMITH"},{"floor":15,"key":"REST"},{"data":"Acrobatics","floor":24,"key":"SMITH"},{"floor":30,"key":"REST"},{"data":"RitualDagger","floor":32,"key":"SMITH"},{"data":"Calculated Gamble","floor":40,"key":"SMITH"}],"neow_cost":"NONE","seed_source_timestamp":24687006090319,"circlet_count":0,"master_deck":["Defend_G","Defend_G","Defend_G","Strike_G","Strike_G","Strike_G","Survivor","Neutralize","Concentrate","Tactician","Bullet Time","Tactician+1","Predator","Acrobatics+1","Blur","PiercingWail","Choke","After Image","RitualDagger+1","Escape Plan","Prepared","Master of Strategy","Venomology","Calculated Gamble+1"],"relics":["Ring of the Snake","NeowsBlessing","The Courier","Pen Nib","Happy Flower","Ninja Scroll","Busted Crown","Smiling Mask","Ornamental Fan","Tiny Chest","WristBlade","Mango"],"potions_floor_usage":[6,8,8,16,18,28,31,39,39,41,41],"damage_taken":[{"damage":0,"enemies":"Cultist","floor":1,"turns":1},{"damage":0,"enemies":"Jaw Worm","floor":4,"turns":1},{"damage":0,"enemies":"2 Louse","floor":5,"turns":1},{"damage":23,"enemies":"Gremlin Nob","floor":6,"turns":4},{"damage":0,"enemies":"Blue Slaver","floor":7,"turns":3},{"damage":22,"enemies":"3 Sentries","floor":8,"turns":9},{"damage":0,"enemies":"2 Fungi Beasts","floor":13,"turns":3},{"damage":38,"enemies":"Gremlin Nob","floor":14,"turns":5},{"damage":16,"enemies":"Slime Boss","floor":16,"turns":11},{"damage":6,"enemies":"3 Byrds","floor":18,"turns":6},{"damage":16,"enemies":"Slavers","floor":23,"turns":7},{"damage":17,"enemies":"Book of Stabbing","floor":25,"turns":6},{"damage":0,"enemies":"Chosen","floor":27,"turns":5},{"damage":3,"enemies":"Snecko","floor":28,"turns":4},{"damage":2,"enemies":"Centurion and Healer","floor":31,"turns":4},{"damage":23,"enemies":"Automaton","floor":33,"turns":12},{"damage":0,"enemies":"3 Shapes","floor":35,"turns":4},{"damage":0,"enemies":"Orb Walker","floor":38,"turns":1},{"damage":0,"enemies":"2 Orb Walkers","floor":39,"turns":4},{"damage":102,"enemies":"Nemesis","floor":41,"turns":9}],"seed_played":"-6058669628422946711","potions_obtained":[{"floor":1,"key":"SteroidPotion"},{"floor":6,"key":"AttackPotion"},{"floor":7,"key":"PowerPotion"},{"floor":14,"key":"SkillPotion"},{"floor":16,"key":"FearPotion"},{"floor":27,"key":"PowerPotion"},{"floor":28,"key":"Block Potion"},{"floor":33,"key":"GamblersBrew"},{"floor":38,"key":"Explosive Potion"}],"is_trial":false,"path_per_floor":["M","$","?","M","M","E","M","E","T","T","?","R","M","E","R","B",null,"M","?","?","$","?","E","R","E","T","M","M","$","R","M","R","B",null,"M","?","?","M","?","R","E"],"character_chosen":"THE_SILENT","items_purchased":["Tactician","Prepared","Dagger Throw","Master of Strategy"],"campfire_rested":2,"item_purchase_floors":[2,29,29,29],"current_hp_per_floor":[70,70,70,70,70,47,47,25,25,25,48,48,48,10,31,15,70,64,64,64,64,58,42,42,25,25,25,22,22,43,41,41,18,70,70,70,65,65,79,79,0],"gold":242,"neow_bonus":"THREE_ENEMY_KILL","is_prod":false,"is_daily":false,"chose_seed":false,"campfire_upgraded":4,"win_rate":0,"timestamp":1547359171,"path_taken":["M","$","?","?","?","E","M","E","T","?","?","R","M","E","R","BOSS","M","?","?","$","?","E","R","E","T","M","M","$","R","M","R","BOSS","M","?","?","M","?","R","E"],"build_version":"2019-01-10","purchased_purges":2,"victory":false,"max_hp_per_floor":[70,70,70,70,70,70,70,70,70,70,70,70,70,70,70,70,70,70,70,70,70,70,70,70,70,70,70,70,70,70,70,70,70,70,70,70,70,70,84,84,84],"card_choices":[{"not_picked":["PiercingWail","Underhanded Strike"],"picked":"Concentrate","floor":1},{"not_picked":["Sucker Punch","Blur"],"picked":"Tactician","floor":4},{"not_picked":["Poisoned Stab","Outmaneuver"],"picked":"Predator","floor":5},{"not_picked":["Dagger Throw","Adrenaline"],"picked":"Acrobatics","floor":6},{"not_picked":["Endless Agony","Bane"],"picked":"Blur","floor":7},{"not_picked":["Poisoned Stab","Grand Finale"],"picked":"PiercingWail","floor":8},{"not_picked":["Dodge and Roll","Flying Knee","Deflect"],"picked":"SKIP","floor":13},{"not_picked":["All Out Attack","Dodge and Roll"],"picked":"Choke","floor":14},{"not_picked":["Malaise","Grand Finale"],"picked":"After Image","floor":16},{"not_picked":["Eviscerate"],"picked":"SKIP","floor":18},{"not_picked":["Flechettes+1"],"picked":"SKIP","floor":23},{"not_picked":[],"picked":"Escape Plan","floor":25},{"not_picked":["Concentrate"],"picked":"SKIP","floor":27},{"not_picked":["Finisher"],"picked":"SKIP","floor":28},{"not_picked":["Deadly Poison"],"picked":"SKIP","floor":31},{"not_picked":[],"picked":"Venomology","floor":33},{"not_picked":["Dagger Spray"],"picked":"SKIP","floor":35},{"not_picked":[],"picked":"Calculated Gamble","floor":38}],"player_experience":192347,"relics_obtained":[{"floor":6,"key":"The Courier"},{"floor":8,"key":"Pen Nib"},{"floor":9,"key":"Happy Flower"},{"floor":14,"key":"Ninja Scroll"},{"floor":23,"key":"Smiling Mask"},{"floor":25,"key":"Ornamental Fan"},{"floor":26,"key":"Tiny Chest"},{"floor":39,"key":"Mango"}],"event_choices":[{"damage_healed":0,"gold_gain":0,"cards_transformed":["Defend_G"],"player_choice":"Transformed","damage_taken":0,"max_hp_gain":0,"max_hp_loss":0,"event_name":"Transmorgrifier","floor":3,"gold_loss":0,"cards_obtained":["Bullet Time"]},{"damage_healed":23,"gold_gain":0,"player_choice":"Banana","damage_taken":0,"max_hp_gain":0,"max_hp_loss":0,"event_name":"Big Fish","floor":11,"gold_loss":0},{"cards_removed":["Strike_G"],"damage_healed":0,"gold_gain":0,"player_choice":"Gave Gold","damage_taken":0,"max_hp_gain":0,"max_hp_loss":0,"event_name":"Beggar","floor":19,"gold_loss":75},{"damage_healed":0,"gold_gain":0,"player_choice":"Ignored","damage_taken":0,"max_hp_gain":0,"max_hp_loss":0,"event_name":"Cursed Tome","floor":20,"gold_loss":0},{"damage_healed":0,"gold_gain":0,"player_choice":"Joined the Cult","damage_taken":6,"max_hp_gain":0,"max_hp_loss":0,"event_name":"Nest","floor":22,"gold_loss":0,"cards_obtained":["RitualDagger"]},{"cards_removed":["Dagger Throw"],"damage_healed":0,"gold_gain":0,"player_choice":"Removed Attack","damage_taken":0,"max_hp_gain":0,"max_hp_loss":0,"event_name":"Falling","floor":36,"gold_loss":0},{"damage_healed":0,"gold_gain":0,"player_choice":"Memory 2","damage_taken":5,"max_hp_gain":0,"max_hp_loss":0,"event_name":"SensoryStone","floor":37,"gold_loss":0},{"damage_healed":0,"gold_gain":0,"player_choice":"Fight","damage_taken":0,"max_hp_gain":0,"max_hp_loss":0,"event_name":"Mysterious Sphere","floor":39,"gold_loss":0}],"is_beta":true,"boss_relics":[{"not_picked":["Coffee Dripper","Philosopher\u0027s Stone"],"picked":"Busted Crown"},{"not_picked":["Snecko Eye","Orrery"],"picked":"WristBlade"}],"items_purged_floors":[2,21],"is_endless":false,"potions_floor_spawned":[1,6,7,14,16,27,28,33,38],"killed_by":"Nemesis","ascension_level":4}