{"gold_per_floor":[112,112,112,112,37,37,77,77,100,119,133,133,146,162,162,293,293,311,325,325,425,425],"floor_reached":22,"playtime":645,"items_purged":["Strike_B"],"score":184,"play_id":"bd56cb7a-b1f6-42dc-b38c-cc8244bf8711","local_time":"20190129023015","is_ascension_mode":false,"campfire_choices":[{"data":"Dualcast","floor":6,"key":"SMITH"},{"floor":8,"key":"REST"},{"floor":15,"key":"REST"}],"neow_cost":"NONE","seed_source_timestamp":156643780634997,"circlet_count":0,"master_deck":["Strike_B","Strike_B","Strike_B","Defend_B","Defend_B","Defend_B","Zap+1","Dualcast+1","Hyperbeam","BootSequence","Ball Lightning","Storm","Heatsinks","Electrodynamics","Writhe"],"relics":["Cracked Core","Golden Idol","Mummified Hand","Boot","Inserter","Prayer Wheel"],"potions_floor_usage":[7,19,22,22],"damage_taken":[{"damage":11,"enemies":"Jaw Worm","floor":1,"turns":2},{"damage":43,"enemies":"Gremlin Nob","floor":7,"turns":5},{"damage":0,"enemies":"2 Louse","floor":10,"turns":1},{"damage":1,"enemies":"Cultist","floor":11,"turns":3},{"damage":0,"enemies":"2 Fungi Beasts","floor":13,"turns":2},{"damage":3,"enemies":"Red Slaver","floor":14,"turns":3},{"damage":41,"enemies":"Slime Boss","floor":16,"turns":8},{"damage":22,"enemies":"Spheric Guardian","floor":18,"turns":4},{"damage":18,"enemies":"Shell Parasite","floor":19,"turns":5},{"damage":35,"enemies":"Shelled Parasite and Fungi","floor":22,"turns":4}],"seed_played":"7469737201805139474","potions_obtained":[{"floor":1,"key":"PowerPotion"},{"floor":14,"key":"Strength Potion"},{"floor":16,"key":"LiquidBronze"},{"floor":18,"key":"EssenceOfSteel"},{"floor":19,"key":"Explosive Potion"}],"is_trial":false,"path_per_floor":["M","?","$","?","$","R","E","R","T","M","M","?","M","M","R","B",null,"M","M","?","?","M"],"character_chosen":"DEFECT","items_purchased":[],"campfire_rested":2,"item_purchase_floors":[],"current_hp_per_floor":[64,46,46,46,46,46,3,25,25,25,24,24,24,21,43,2,75,53,35,35,35,0],"gold":425,"neow_bonus":"ONE_RANDOM_RARE_CARD","is_prod":false,"is_daily":false,"chose_seed":false,"campfire_upgraded":1,"win_rate":0.0,"timestamp":1548757815,"path_taken":["M","?","$","?","$","R","E","R","T","M","?","?","M","?","R","BOSS","M","M","?","?","?"],"build_version":"2019-01-23","purchased_purges":1,"victory":false,"max_hp_per_floor":[75,75,75,75,75,75,75,75,75,75,75,75,75,75,75,75,75,75,75,75,75,75],"card_choices":[{"not_picked":["Blizzard","Rebound"],"picked":"BootSequence","floor":1},{"not_picked":["Force Field","BootSequence"],"picked":"Ball Lightning","floor":7},{"not_picked":["Hologram","Streamline","Ball Lightning"],"picked":"SKIP","floor":10},{"not_picked":["Stack","Steam Power","Streamline"],"picked":"SKIP","floor":11},{"not_picked":["Sweeping Beam","Auto Shields"],"picked":"Storm","floor":13},{"not_picked":["Compile Driver","Chaos"],"picked":"Heatsinks","floor":14},{"not_picked":["Reboot","Biased Cognition"],"picked":"Electrodynamics","floor":16},{"not_picked":["Compile Driver","Stack","Steam+1"],"picked":"SKIP","floor":18},{"not_picked":["Stack","Beam Cell","Leap"],"picked":"SKIP","floor":19}],"player_experience":209588,"relics_obtained":[{"floor":7,"key":"Mummified Hand"},{"floor":9,"key":"Boot"}],"event_choices":[{"damage_healed":0,"gold_gain":0,"player_choice":"Take Damage","damage_taken":18,"relics_obtained":["Golden Idol"],"max_hp_gain":0,"max_hp_loss":0,"event_name":"Golden Idol","floor":2,"gold_loss":0},{"damage_healed":0,"gold_gain":0,"player_choice":"Upgraded","damage_taken":0,"max_hp_gain":0,"max_hp_loss":0,"event_name":"Upgrade Shrine","floor":4,"gold_loss":0,"cards_upgraded":["Zap"]},{"cards_removed":["Defend_B"],"damage_healed":0,"gold_gain":0,"player_choice":"Purged","damage_taken":0,"max_hp_gain":0,"max_hp_loss":0,"event_name":"Purifier","floor":12,"gold_loss":0},{"damage_healed":0,"gold_gain":0,"player_choice":"Opened","damage_taken":0,"relics_obtained":["Prayer Wheel"],"max_hp_gain":0,"max_hp_loss":0,"event_name":"The Mausoleum","floor":20,"gold_loss":0,"cards_obtained":["Writhe"]},{"damage_healed":0,"gold_gain":100,"player_choice":"Pray","damage_taken":0,"max_hp_gain":0,"max_hp_loss":0,"event_name":"Golden Shrine","floor":21,"gold_loss":0}],"is_beta":false,"boss_relics":[{"not_picked":["Runic Pyramid","Runic Dome"],"picked":"Inserter"}],"items_purged_floors":[5],"is_endless":false,"potions_floor_spawned":[1,14,16,18,19],"killed_by":"Shelled Parasite and Fungi","ascension_level":0}