{"gold_per_floor":[117,117,117,128,128,128,162,173,200,200,220,238,288,288],"floor_reached":14,"playtime":247,"items_purged":[],"score":230,"play_id":"f01c9dac-4a02-4c6d-93c3-567bdd2719ac","local_time":"20181026161405","is_ascension_mode":true,"campfire_choices":[{"data":"Streamline","floor":6.0,"key":"SMITH"},{"data":"Beam Cell","floor":10.0,"key":"SMITH"}],"neow_cost":"NONE","seed_source_timestamp":1287445651238522,"circlet_count":0,"master_deck":["Strike_B+1","Strike_B","Strike_B","Defend_B","Defend_B","Defend_B","Defend_B","Zap","Dualcast+1","AscendersBane","Streamline+1","FTL","Beam Cell+1","BootSequence","Defragment","Barrage"],"special_seed":0,"relics":["Cracked Core","NeowsBlessing","Ancient Tea Set","Art of War","Potion Belt"],"potions_floor_usage":[14],"damage_taken":[{"damage":0.0,"enemies":"2 Louse","floor":1.0,"turns":1.0},{"damage":0.0,"enemies":"Cultist","floor":4.0,"turns":1.0},{"damage":0.0,"enemies":"Lagavulin","floor":7.0,"turns":1.0},{"damage":7.0,"enemies":"Jaw Worm","floor":8.0,"turns":2.0},{"damage":0.0,"enemies":"2 Fungi Beasts","floor":11.0,"turns":2.0},{"damage":1.0,"enemies":"Exordium Thugs","floor":12.0,"turns":2.0},{"damage":20,"enemies":"3 Sentries","floor":14,"turns":4}],"seed_played":"-88040135376873442","potions_obtained":[{"floor":1.0,"key":"GamblersBrew"},{"floor":7.0,"key":"FearPotion"},{"floor":8.0,"key":"FearPotion"},{"floor":11.0,"key":"Energy Potion"}],"is_trial":false,"path_per_floor":["M","?","?","M","?","R","E","M","T","R","M","M","?"],"character_chosen":"DEFECT","items_purchased":[],"campfire_rested":0,"item_purchase_floors":[],"current_hp_per_floor":[64,64,59,59,38,38,38,31,31,31,31,30,23,3],"gold":288,"neow_bonus":"THREE_ENEMY_KILL","is_prod":false,"is_daily":false,"chose_seed":false,"campfire_upgraded":2,"win_rate":0,"timestamp":1540584845,"path_taken":["M","?","?","M","?","R","E","M","T","R","M","?","?","E"],"build_version":"2018-10-25v2","purchased_purges":0,"victory":false,"max_hp_per_floor":[71,71,71,71,71,71,71,71,71,71,71,71,71,71],"card_choices":[{"not_picked":["Cold Snap","Gash"],"picked":"Streamline","floor":1.0},{"not_picked":["Hello World","Force Field"],"picked":"FTL","floor":4.0},{"not_picked":["FTL","Coolheaded"],"picked":"Beam Cell","floor":7.0},{"not_picked":["Compile Driver","Conserve Battery"],"picked":"BootSequence","floor":8.0},{"not_picked":["Rip and Tear","Glacier"],"picked":"Defragment","floor":11.0},{"not_picked":["Gash","Coolheaded"],"picked":"Barrage","floor":12.0}],"player_experience":1024916,"relics_obtained":[{"floor":7.0,"key":"Art of War"},{"floor":9.0,"key":"Potion Belt"}],"event_choices":[{"cards_removed":["Strike_B"],"damage_healed":0.0,"max_hp_gain":0.0,"max_hp_loss":0.0,"gold_gain":0.0,"event_name":"Bonfire Elementals","player_choice":"Offered Basic","floor":2.0,"gold_loss":0.0,"damage_taken":0.0},{"damage_healed":0.0,"max_hp_gain":0.0,"max_hp_loss":0.0,"gold_gain":0.0,"event_name":"Scrap Ooze","player_choice":"Success","floor":3.0,"gold_loss":0.0,"damage_taken":5.0,"relics_obtained":["Ancient Tea Set"]},{"damage_healed":0.0,"max_hp_gain":0.0,"max_hp_loss":0.0,"gold_gain":0.0,"event_name":"Shining Light","player_choice":"Entered Light","floor":5.0,"gold_loss":0.0,"damage_taken":21.0,"cards_upgraded":["Dualcast","Strike_B"]},{"damage_healed":0,"gold_gain":50,"player_choice":"Touch","damage_taken":7,"max_hp_gain":0,"max_hp_loss":0,"event_name":"FaceTrader","floor":13,"gold_loss":0}],"is_beta":false,"boss_relics":[],"items_purged_floors":[],"is_endless":false,"potions_floor_spawned":[1,7,8,11],"killed_by":"3 Sentries","ascension_level":20}