{"gold_per_floor":[218,183,202,222,222,257,257,291,361,361,386,343,343,363,363,440,440,455,455,471,487,507,507,507],"floor_reached":24,"playtime":1148,"items_purged":[],"score":432,"play_id":"a37fcbdc-244b-44ad-a41f-486fa85b43ee","local_time":"20181122000547","is_ascension_mode":true,"campfire_choices":[{"data":"Streamline","floor":7,"key":"SMITH"},{"data":"Defragment","floor":13,"key":"SMITH"},{"data":"Streamline","floor":15,"key":"SMITH"},{"floor":23,"key":"REST"}],"neow_cost":"NONE","seed_source_timestamp":619080960534610,"circlet_count":0,"master_deck":["AscendersBane","Strike_B","Strike_B","Strike_B","Strike_B","Defend_B","Defend_B","Defend_B","Defend_B","Zap","Dualcast","Streamline+1","Steam","Streamline+1","BootSequence","Defragment+1","Core Surge","Genetic Algorithm","Coolheaded","Core Surge","Rebound","Glacier","Undo","Steam"],"relics":["Cracked Core","Dead Branch","Strawberry","Kunai","Art of War","Cursed Key","MutagenicStrength"],"potions_floor_usage":[6,11,20,24],"damage_taken":[{"damage":7,"enemies":"Small Slimes","floor":1,"turns":2},{"damage":2,"enemies":"Jaw Worm","floor":3,"turns":3},{"damage":0,"enemies":"Cultist","floor":4,"turns":3},{"damage":12,"enemies":"Lagavulin","floor":6,"turns":6},{"damage":28,"enemies":"3 Sentries","floor":8,"turns":9},{"damage":8,"enemies":"Gremlin Nob","floor":11,"turns":3},{"damage":6,"enemies":"Large Slime","floor":14,"turns":4},{"damage":16,"enemies":"Slime Boss","floor":16,"turns":11},{"damage":20,"enemies":"3 Byrds","floor":18,"turns":6},{"damage":9,"enemies":"Spheric Guardian","floor":20,"turns":3},{"damage":13,"enemies":"Chosen and Byrds","floor":21,"turns":6},{"damage":0,"enemies":"Snecko","floor":22,"turns":6},{"damage":46,"enemies":"Book of Stabbing","floor":24,"turns":7}],"seed_played":"-8097184883888212551","potions_obtained":[{"floor":3,"key":"Block Potion"},{"floor":6,"key":"SteroidPotion"},{"floor":14,"key":"Strength Potion"},{"floor":16,"key":"FocusPotion"},{"floor":18,"key":"Energy Potion"}],"is_trial":false,"path_per_floor":["M","?","M","M","?","E","R","E","T","$","E","$","R","M","R","B",null,"M","?","M","M","M","R","E"],"character_chosen":"DEFECT","items_purchased":["Genetic Algorithm"],"campfire_rested":1,"item_purchase_floors":[12],"current_hp_per_floor":[57,71,69,69,69,57,57,36,36,36,28,28,28,22,22,6,60,40,40,31,18,18,41,0],"gold":507,"neow_bonus":"HUNDRED_GOLD","is_prod":false,"is_daily":false,"chose_seed":false,"campfire_upgraded":3,"win_rate":0,"timestamp":1542863147,"path_taken":["M","?","M","M","?","E","R","E","T","$","E","?","R","M","R","BOSS","M","?","M","M","M","R","E"],"build_version":"2018-11-15","purchased_purges":0,"victory":false,"max_hp_per_floor":[71,71,71,71,71,71,71,78,78,78,78,78,78,78,78,78,78,78,78,78,78,78,78,78],"card_choices":[{"not_picked":["Turbo","Stack"],"picked":"Streamline","floor":1},{"not_picked":["Gash","Recycle"],"picked":"Steam","floor":3},{"not_picked":["Turbo","Blizzard"],"picked":"Streamline","floor":4},{"not_picked":["Amplify","Leap"],"picked":"BootSequence","floor":6},{"not_picked":["Redo","Beam Cell"],"picked":"Defragment","floor":8},{"not_picked":["Coolheaded","Sweeping Beam"],"picked":"Core Surge","floor":11},{"not_picked":["Aggregate","Go for the Eyes"],"picked":"Coolheaded","floor":14},{"not_picked":["Rainbow","Creative AI"],"picked":"Core Surge","floor":16},{"not_picked":["Compile Driver","Gash"],"picked":"Rebound","floor":18},{"not_picked":["Barrage","Stack"],"picked":"Glacier","floor":20},{"not_picked":["Redo","Steam"],"picked":"Undo","floor":21},{"not_picked":["Scrape","Auto Shields"],"picked":"Steam","floor":22}],"player_experience":893863,"relics_obtained":[{"floor":6,"key":"Dead Branch"},{"floor":8,"key":"Strawberry"},{"floor":9,"key":"Kunai"},{"floor":11,"key":"Art of War"}],"event_choices":[{"damage_healed":17,"gold_gain":0,"player_choice":"Healed","damage_taken":0,"max_hp_gain":0,"max_hp_loss":0,"event_name":"The Cleric","floor":2,"gold_loss":35},{"damage_healed":0,"gold_gain":0,"player_choice":"Ignored","damage_taken":0,"max_hp_gain":0,"max_hp_loss":0,"event_name":"Liars Game","floor":5,"gold_loss":0},{"damage_healed":0,"gold_gain":0,"player_choice":"Inject Mutagens","damage_taken":0,"relics_obtained":["MutagenicStrength"],"max_hp_gain":0,"max_hp_loss":0,"event_name":"Drug Dealer","floor":19,"gold_loss":0}],"is_beta":true,"boss_relics":[{"not_picked":["Orrery","Black Star"],"picked":"Cursed Key"}],"items_purged_floors":[],"is_endless":false,"potions_floor_spawned":[3,6,14,16,18],"killed_by":"Book of Stabbing","ascension_level":20}