{"gold_per_floor":[112,132,151,164,164,199,199,46,46,46,65,88,88,126,126,250,250,270,270,260,260,260,260,328,341,389,433,446,489,503,503,503,503],"floor_reached":33,"playtime":2353,"items_purged":[],"score":365,"play_id":"67c55333-d8c0-479d-b75e-2ccab08828fd","local_time":"20190324194116","is_ascension_mode":true,"campfire_choices":[{"floor":7.0,"key":"REST"},{"data":"True Grit","floor":13.0,"key":"SMITH"},{"data":"Carnage","floor":15.0,"key":"SMITH"},{"data":"J.A.X.","floor":23,"key":"SMITH"},{"floor":32,"key":"REST"}],"neow_cost":"NONE","seed_source_timestamp":25830796794700,"circlet_count":0,"master_deck":["Strike_R+1","Strike_R+1","Strike_R+1","Strike_R+1","Defend_R+1","Defend_R+1","Defend_R+1","Defend_R+1","Bash","Clothesline","Carnage+1","Shrug It Off","Blood for Blood","Metallicize","True Grit+1","Shockwave","Impervious","Thunderclap+1","J.A.X.+1","Body Slam+1","Disarm","Barricade","Battle Trance","Corruption","Ghostly Armor"],"special_seed":0,"relics":["Burning Blood","Centennial Puzzle","Golden Idol","Question Card","Omamori","Paper Frog","Bottled Lightning","Sozu","Tiny Chest","PreservedInsect","Shuriken","Pen Nib","Vajra"],"potions_floor_usage":[29],"damage_taken":[{"damage":5.0,"enemies":"Small Slimes","floor":1.0,"turns":3.0},{"damage":9.0,"enemies":"Jaw Worm","floor":2.0,"turns":3.0},{"damage":0.0,"enemies":"Cultist","floor":3.0,"turns":3.0},{"damage":11.0,"enemies":"Large Slime","floor":4.0,"turns":6.0},{"damage":32.0,"enemies":"3 Sentries","floor":6.0,"turns":9.0},{"damage":18.0,"enemies":"Exordium Wildlife","floor":11.0,"turns":6.0},{"damage":6.0,"enemies":"2 Fungi Beasts","floor":12.0,"turns":5.0},{"damage":24.0,"enemies":"Gremlin Nob","floor":14.0,"turns":4.0},{"damage":10,"enemies":"The Guardian","floor":16,"turns":11},{"damage":15,"enemies":"Chosen","floor":18,"turns":5},{"damage":21,"enemies":"2 Thieves","floor":20,"turns":4},{"damage":20,"enemies":"Book of Stabbing","floor":24,"turns":5},{"damage":12,"enemies":"Cultist and Chosen","floor":25,"turns":7},{"damage":28,"enemies":"Gremlin Leader","floor":27,"turns":6},{"damage":4,"enemies":"Snake Plant","floor":28,"turns":3},{"damage":8,"enemies":"Slavers","floor":29,"turns":3},{"damage":10,"enemies":"Snecko","floor":30,"turns":3},{"damage":44,"enemies":"Collector","floor":33,"turns":5}],"seed_played":"560572382910478979","potions_obtained":[{"floor":1.0,"key":"BloodPotion"},{"floor":2.0,"key":"Fire Potion"},{"floor":6.0,"key":"SpeedPotion"},{"floor":12.0,"key":"EssenceOfSteel"},{"floor":16,"key":"AttackPotion"}],"is_trial":false,"path_per_floor":["M","M","M","M","?","E","R","$","T","?","M","M","R","E","R","B",null,"M","?","M","?","?","R","E","M","T","E","M","E","M","?","R","B"],"character_chosen":"IRONCLAD","items_purchased":["Omamori"],"campfire_rested":2,"item_purchase_floors":[8],"current_hp_per_floor":[80,77,80,75,55,29,53,53,53,53,41,41,41,23,23,19,80,71,71,56,56,56,56,42,36,36,14,16,14,10,10,34,0],"gold":503,"neow_bonus":"RANDOM_COMMON_RELIC","is_prod":false,"is_daily":false,"chose_seed":false,"campfire_upgraded":3,"win_rate":0,"timestamp":1553436676,"path_taken":["M","M","M","M","?","E","R","?","T","?","M","?","R","E","R","BOSS","M","?","M","?","?","R","E","M","T","E","M","E","M","?","R","BOSS"],"build_version":"2019-01-23","purchased_purges":0,"victory":false,"max_hp_per_floor":[80,80,80,80,80,80,80,80,80,80,80,80,80,80,80,80,80,80,80,80,80,80,80,80,80,80,80,80,80,80,80,80,80],"card_choices":[{"not_picked":["Power Through","Pummel"],"picked":"Clothesline","floor":1.0},{"not_picked":["Fire Breathing","Twin Strike"],"picked":"Carnage","floor":2.0},{"not_picked":["Sever Soul","Pommel Strike"],"picked":"Shrug It Off","floor":3.0},{"not_picked":["Wild Strike","Warcry"],"picked":"Blood for Blood","floor":4.0},{"not_picked":["Dual Wield","Shrug It Off"],"picked":"Metallicize","floor":6.0},{"not_picked":["Headbutt","Inflame","Body Slam"],"picked":"True Grit","floor":11.0},{"not_picked":["Wild Strike","Infernal Blade","Anger","Whirlwind"],"picked":"SKIP","floor":12.0},{"not_picked":["Sever Soul","Infernal Blade","Reckless Charge"],"picked":"Shockwave","floor":14.0},{"not_picked":["Berserk","Brutality","Fiend Fire"],"picked":"Impervious","floor":16},{"not_picked":["Twin Strike+1","True Grit","Armaments"],"picked":"Thunderclap+1","floor":18},{"not_picked":["Sword Boomerang","Twin Strike+1","Anger+1"],"picked":"Body Slam+1","floor":20},{"not_picked":["Havoc+1","Clash+1","Dropkick+1"],"picked":"Barricade","floor":24},{"not_picked":["Pummel+1","Combust","Havoc","Heavy Blade"],"picked":"SKIP","floor":25},{"not_picked":["Sentinel","Shrug It Off","Clothesline+1"],"picked":"Battle Trance","floor":27},{"not_picked":["Armaments","Power Through","Sever Soul+1"],"picked":"Corruption","floor":28},{"not_picked":["Heavy Blade","Clash+1","Shockwave"],"picked":"Ghostly Armor","floor":29},{"not_picked":["Ghostly Armor","Havoc","Shockwave+1","Bludgeon"],"picked":"SKIP","floor":30}],"player_experience":107679,"relics_obtained":[{"floor":6.0,"key":"Question Card"},{"floor":9.0,"key":"Paper Frog"},{"floor":14.0,"key":"Bottled Lightning"},{"floor":24,"key":"Tiny Chest"},{"floor":26,"key":"PreservedInsect"},{"floor":27,"key":"Shuriken"},{"floor":29,"key":"Pen Nib"}],"event_choices":[{"damage_healed":0.0,"max_hp_gain":0.0,"max_hp_loss":0.0,"gold_gain":0.0,"event_name":"Golden Idol","player_choice":"Take Damage","floor":5.0,"gold_loss":0.0,"damage_taken":20.0,"relics_obtained":["Golden Idol"]},{"cards_removed":["Strike_R"],"damage_healed":0.0,"max_hp_gain":0.0,"max_hp_loss":0.0,"gold_gain":0.0,"event_name":"Purifier","player_choice":"Purged","floor":10.0,"gold_loss":0.0,"damage_taken":0.0},{"damage_healed":0,"gold_gain":0,"player_choice":"Obtain J.A.X.","damage_taken":0,"max_hp_gain":0,"max_hp_loss":0,"event_name":"Drug Dealer","floor":19,"gold_loss":0,"cards_obtained":["J.A.X."]},{"damage_healed":0,"gold_gain":0,"player_choice":"Simplicity","damage_taken":0,"max_hp_gain":0,"max_hp_loss":0,"event_name":"Back to Basics","floor":21,"gold_loss":0,"cards_upgraded":["Strike_R","Strike_R","Strike_R","Strike_R","Defend_R","Defend_R","Defend_R","Defend_R"]},{"damage_healed":0,"gold_gain":0,"player_choice":"Read","damage_taken":0,"max_hp_gain":0,"max_hp_loss":0,"event_name":"The Library","floor":22,"gold_loss":0,"cards_obtained":["Disarm"]},{"damage_healed":0,"gold_gain":0,"player_choice":"Opened","damage_taken":0,"relics_obtained":["Vajra"],"max_hp_gain":0,"max_hp_loss":0,"event_name":"The Mausoleum","floor":31,"gold_loss":0,"cards_obtained":["Writhe"]}],"is_beta":false,"boss_relics":[{"not_picked":["Orrery","Tiny House"],"picked":"Sozu"}],"items_purged_floors":[],"is_endless":false,"potions_floor_spawned":[1,2,6,12,16,18,24,25,30],"killed_by":"Collector","ascension_level":3}