{"gold_per_floor":[359,359,371,8,8,8,42,55,55,55,85,103,103],"floor_reached":13,"playtime":749,"items_purged":[],"score":177,"play_id":"4d366d9a-3f1e-4858-a777-6cd6fce16af5","local_time":"20190317081032","is_ascension_mode":true,"campfire_choices":[{"data":"Neutralize","floor":6,"key":"SMITH"},{"floor":10,"key":"REST"}],"neow_cost":"PERCENT_DAMAGE","seed_source_timestamp":276069494663951,"circlet_count":0,"master_deck":["AscendersBane","Defend_G","Defend_G","Defend_G","Defend_G","Defend_G","Strike_G","Strike_G","Strike_G","Strike_G","Survivor","Neutralize+1","Backstab","Noxious Fumes","Flash of Steel","Cloak And Dagger","Venomology","Blade Dance","Cloak And Dagger"],"relics":["Ring of the Snake","Shuriken","Kunai","Orichalcum","Potion Belt"],"potions_floor_usage":[12,13,13],"damage_taken":[{"damage":2,"enemies":"Jaw Worm","floor":1,"turns":5},{"damage":4,"enemies":"Cultist","floor":3,"turns":4},{"damage":27,"enemies":"3 Sentries","floor":7,"turns":8},{"damage":0,"enemies":"2 Louse","floor":8,"turns":2},{"damage":4,"enemies":"Lagavulin","floor":11,"turns":7},{"damage":0,"enemies":"Exordium Thugs","floor":12,"turns":4},{"damage":28,"enemies":"Gremlin Nob","floor":13,"turns":4}],"seed_played":"1646320816317104710","potions_obtained":[{"floor":8,"key":"LiquidBronze"}],"is_trial":false,"path_per_floor":["M","?","M","$","?","R","E","M","T","R","E","M","E"],"character_chosen":"THE_SILENT","items_purchased":["Shuriken","Flash of Steel"],"campfire_rested":1,"item_purchase_floors":[4,4],"current_hp_per_floor":[42,42,38,38,38,38,11,11,11,30,26,26,0],"gold":103,"neow_bonus":"TWO_FIFTY_GOLD","is_prod":false,"is_daily":false,"chose_seed":false,"campfire_upgraded":1,"win_rate":0,"timestamp":1552824632,"path_taken":["M","?","?","$","?","R","E","M","T","R","E","M","E"],"build_version":"2019-03-15","purchased_purges":0,"victory":false,"max_hp_per_floor":[66,66,66,66,66,66,66,66,66,66,66,66,66],"card_choices":[{"not_picked":["Bane","Dagger Spray"],"picked":"Backstab","floor":1},{"not_picked":["Dagger Throw","Deadly Poison"],"picked":"Noxious Fumes","floor":3},{"not_picked":["Catalyst","Acrobatics"],"picked":"Cloak And Dagger","floor":7},{"not_picked":["Dodge and Roll","Choke"],"picked":"Venomology","floor":8},{"not_picked":["Dodge and Roll","Backflip"],"picked":"Blade Dance","floor":11},{"not_picked":["Blade Dance","Reflex"],"picked":"Cloak And Dagger","floor":12}],"player_experience":537398,"relics_obtained":[{"floor":7,"key":"Kunai"},{"floor":9,"key":"Orichalcum"},{"floor":11,"key":"Potion Belt"}],"event_choices":[{"cards_removed":["Strike_G"],"damage_healed":0,"gold_gain":0,"player_choice":"Offered Basic","damage_taken":0,"max_hp_gain":0,"max_hp_loss":0,"event_name":"Bonfire Elementals","floor":2,"gold_loss":0},{"damage_healed":0,"gold_gain":0,"player_choice":"Ignored","damage_taken":0,"max_hp_gain":0,"max_hp_loss":0,"event_name":"Golden Idol","floor":5,"gold_loss":0}],"is_beta":true,"boss_relics":[],"items_purged_floors":[],"is_endless":false,"potions_floor_spawned":[8],"killed_by":"Gremlin Nob","ascension_level":18}