{"gold_per_floor":[116,32,32,32,109,137,200,200,250,279,292,305,321,334,334,406,406,419,206,220,320,350,350,384,384,408,426,426,460,145,173,173,250,250,269,279,279,299,180,180,212,212,294,305,334,346,378,393,393,393,393,393,393,38,66,66],"floor_reached":57,"playtime":3801,"items_purged":["Strike_G","Strike_G"],"score":2866,"play_id":"aae974c9-c206-4a08-85c4-054971ab571d","local_time":"20190303200103","is_ascension_mode":true,"campfire_choices":[{"data":"After Image","floor":8.0,"key":"SMITH"},{"data":"Deadly Poison","floor":15.0,"key":"SMITH"},{"data":"Bouncing Flask","floor":23.0,"key":"SMITH"},{"floor":28.0,"key":"REST"},{"data":"Well Laid Plans","floor":32.0,"key":"SMITH"},{"floor":40.0,"key":"RECALL"},{"data":"Malaise","floor":42.0,"key":"SMITH"},{"data":"Caltrops","floor":49.0,"key":"SMITH"},{"data":"Noxious Fumes","floor":53.0,"key":"SMITH"}],"neow_cost":"NONE","seed_source_timestamp":770104917183345,"circlet_count":0,"master_deck":["AscendersBane","Defend_G","Defend_G","Defend_G+1","Defend_G","Defend_G","Strike_G+1","Strike_G","Strike_G","Survivor","Neutralize+1","Endless Agony","After Image+1","Dagger Throw","Blur","Night Terror","Deadly Poison","Cloak And Dagger","Deadly Poison+1","Malaise+1","Flying Knee+1","Noxious Fumes+1","Poisoned Stab","Well Laid Plans+1","Bouncing Flask+1","Crippling Poison","Leg Sweep","Blur","Calculated Gamble","Acrobatics","Cloak And Dagger+1","Caltrops+1","Skewer","Prepared+1","Malaise+1","Prepared+1","Backflip+1","Calculated Gamble+1"],"special_seed":0,"relics":["Ring of the Snake","NeowsBlessing","Mercury Hourglass","Anchor","PreservedInsect","Bag of Marbles","Philosopher\u0027s Stone","Happy Flower","Peace Pipe","Paper Crane","Red Mask","Omamori","MutagenicStrength","Regal Pillow","Pocketwatch","Ice Cream","Centennial Puzzle","Coffee Dripper","Snake Skull","Toxic Egg 2","Meat on the Bone","Shuriken","Bag of Preparation","Lantern"],"potions_floor_usage":[56,56],"damage_taken":[{"damage":0.0,"enemies":"Cultist","floor":1.0,"turns":1.0},{"damage":0.0,"enemies":"Lagavulin","floor":6.0,"turns":1.0},{"damage":0.0,"enemies":"Gremlin Nob","floor":7.0,"turns":1.0},{"damage":10.0,"enemies":"3 Sentries","floor":10.0,"turns":5.0},{"damage":0.0,"enemies":"Small Slimes","floor":11.0,"turns":2.0},{"damage":0.0,"enemies":"Jaw Worm","floor":12.0,"turns":3.0},{"damage":0.0,"enemies":"Large Slime","floor":13.0,"turns":5.0},{"damage":0.0,"enemies":"Looter","floor":14.0,"turns":3.0},{"damage":11.0,"enemies":"The Guardian","floor":16.0,"turns":12.0},{"damage":2.0,"enemies":"Spheric Guardian","floor":18.0,"turns":5.0},{"damage":19.0,"enemies":"3 Byrds","floor":20.0,"turns":4.0},{"damage":0.0,"enemies":"Colosseum Slavers","floor":21.0,"turns":5.0},{"damage":1.0,"enemies":"Colosseum Nobs","floor":21.0,"turns":4.0},{"damage":0.0,"enemies":"Masked Bandits","floor":22.0,"turns":4.0},{"damage":4.0,"enemies":"Book of Stabbing","floor":24.0,"turns":4.0},{"damage":0.0,"enemies":"Cultist and Chosen","floor":27.0,"turns":7.0},{"damage":9.0,"enemies":"Slavers","floor":29.0,"turns":3.0},{"damage":18.0,"enemies":"Book of Stabbing","floor":31.0,"turns":4.0},{"damage":5.0,"enemies":"Automaton","floor":33.0,"turns":10.0},{"damage":0.0,"enemies":"Orb Walker","floor":35.0,"turns":3.0},{"damage":0.0,"enemies":"3 Shapes","floor":36.0,"turns":5.0},{"damage":4.0,"enemies":"Sphere and 2 Shapes","floor":38.0,"turns":4.0},{"damage":45.0,"enemies":"Giant Head","floor":41.0,"turns":9.0},{"damage":0.0,"enemies":"Jaw Worm Horde","floor":44.0,"turns":4.0},{"damage":1.0,"enemies":"Nemesis","floor":45.0,"turns":5.0},{"damage":2.0,"enemies":"Maw","floor":46.0,"turns":7.0},{"damage":0.0,"enemies":"Giant Head","floor":47.0,"turns":9.0},{"damage":0.0,"enemies":"4 Shapes","floor":48.0,"turns":6.0},{"damage":8.0,"enemies":"Awakened One","floor":50.0,"turns":15.0},{"damage":6.0,"enemies":"Time Eater","floor":51.0,"turns":16.0},{"damage":24.0,"enemies":"Shield and Spear","floor":55.0,"turns":6.0},{"damage":27,"enemies":"The Heart","floor":56,"turns":11}],"seed_played":"-3856091365607272362","potions_obtained":[{"floor":6.0,"key":"Weak Potion"},{"floor":7.0,"key":"Poison Potion"},{"floor":11.0,"key":"GhostInAJar"},{"floor":18.0,"key":"FearPotion"},{"floor":24.0,"key":"Explosive Potion"},{"floor":29.0,"key":"LiquidBronze"},{"floor":41.0,"key":"Fire Potion"},{"floor":45.0,"key":"SteroidPotion"}],"is_trial":false,"path_per_floor":["M","$","?","?","T","E","?","R","T","E","M","M","M","M","R","B",null,"M","$","M","?","?","R","E","?","T","M","R","E","$","E","R","B",null,"M","M","?","M","$","R","E","R","T","M","E","M","E","M","R","B","B",null,"R","$","E","B",null],"character_chosen":"THE_SILENT","items_purchased":["After Image","Noxious Fumes","Happy Flower","Ice Cream","Caltrops","Bag of Preparation","Backflip+1","Swift Potion"],"campfire_rested":1,"item_purchase_floors":[2,19,19,30,39,54,54,54],"current_hp_per_floor":[59,59,39,39,39,39,39,39,39,29,29,29,29,29,29,18,54,52,52,33,32,32,32,28,28,28,28,62,53,53,35,35,30,57,57,57,57,53,53,53,8,8,8,8,7,17,29,41,41,45,39,59,59,59,35,20],"gold":66,"neow_bonus":"THREE_ENEMY_KILL","is_prod":false,"is_daily":false,"chose_seed":false,"campfire_upgraded":7,"win_rate":0,"timestamp":1551661263,"path_taken":["M","$","?","?","?","E","?","R","T","E","M","M","M","M","R","BOSS","M","$","M","?","?","R","E","?","T","M","R","E","?","E","R","BOSS","M","M","?","?","$","R","E","R","T","M","E","M","E","M","R","BOSS","BOSS","R","$","E","BOSS"],"build_version":"2019-02-06","purchased_purges":2,"victory":true,"max_hp_per_floor":[66,66,66,66,66,66,66,66,66,66,66,66,66,66,66,66,66,66,66,66,66,66,66,66,66,66,66,66,66,66,66,66,66,66,66,66,66,66,66,66,66,66,66,66,66,66,66,66,66,66,66,66,66,66,66,66],"card_choices":[{"not_picked":["Backflip","Cloak And Dagger"],"picked":"Endless Agony","floor":1.0},{"not_picked":["Quick Slash","Underhanded Strike"],"picked":"Dagger Throw","floor":6.0},{"not_picked":["Deadly Poison","Acrobatics"],"picked":"Blur","floor":7.0},{"not_picked":["Heel Hook","Underhanded Strike","Slice"],"picked":"SKIP","floor":10.0},{"not_picked":["Flying Knee","Outmaneuver"],"picked":"Night Terror","floor":11.0},{"not_picked":["Quick Slash","Blade Dance"],"picked":"Deadly Poison","floor":12.0},{"not_picked":["Expertise","Masterful Stab"],"picked":"Cloak And Dagger","floor":13.0},{"not_picked":["Dagger Spray","Bane"],"picked":"Deadly Poison","floor":14.0},{"not_picked":["Glass Knife","Unload"],"picked":"Malaise","floor":16.0},{"not_picked":["Blade Dance","Sucker Punch"],"picked":"Flying Knee+1","floor":18.0},{"not_picked":["Prepared","Blade Dance"],"picked":"Poisoned Stab","floor":20.0},{"not_picked":["Outmaneuver","Skewer"],"picked":"Well Laid Plans","floor":21.0},{"not_picked":["Prepared","Quick Slash"],"picked":"Bouncing Flask","floor":22.0},{"not_picked":["Skewer","Predator"],"picked":"Crippling Poison","floor":24.0},{"not_picked":["Terror","Blur"],"picked":"Leg Sweep","floor":27.0},{"not_picked":["Flying Knee","Dodge and Roll"],"picked":"Blur","floor":29.0},{"not_picked":["Deflect","Outmaneuver","Concentrate"],"picked":"SKIP","floor":31.0},{"not_picked":["Deflect","Outmaneuver","Concentrate"],"picked":"SKIP","floor":31.0},{"not_picked":["Bouncing Flask","Blade Dance"],"picked":"Calculated Gamble","floor":35.0},{"not_picked":["Acrobatics","Blade Dance+1","Dagger Spray+1"],"picked":"SKIP","floor":36.0},{"not_picked":["Blade Dance+1","Dagger Spray+1"],"picked":"Acrobatics","floor":36.0},{"not_picked":["Dagger Spray","Deflect+1"],"picked":"Cloak And Dagger+1","floor":38.0},{"not_picked":["Outmaneuver","All Out Attack"],"picked":"Skewer","floor":41.0},{"not_picked":["Blade Dance+1","Terror+1"],"picked":"Prepared+1","floor":44.0},{"not_picked":["Infinite Blades","Heel Hook","Expertise+1"],"picked":"SKIP","floor":45.0},{"not_picked":["Cloak And Dagger+1","Flying Knee"],"picked":"Malaise+1","floor":46.0},{"not_picked":["Endless Agony+1","Blade Dance+1","Underhanded Strike"],"picked":"SKIP","floor":47.0},{"not_picked":["Terror+1","Noxious Fumes"],"picked":"Prepared+1","floor":48.0},{"not_picked":["Blade Dance+1","Distraction+1"],"picked":"Calculated Gamble+1","floor":55.0}],"player_experience":1048760,"relics_obtained":[{"floor":6.0,"key":"Mercury Hourglass"},{"floor":7.0,"key":"Anchor"},{"floor":9.0,"key":"PreservedInsect"},{"floor":10.0,"key":"Bag of Marbles"},{"floor":21.0,"key":"Peace Pipe"},{"floor":21.0,"key":"Paper Crane"},{"floor":22.0,"key":"Red Mask"},{"floor":24.0,"key":"Omamori"},{"floor":26.0,"key":"Regal Pillow"},{"floor":29.0,"key":"Pocketwatch"},{"floor":31.0,"key":"Centennial Puzzle"},{"floor":41.0,"key":"Snake Skull"},{"floor":43.0,"key":"Toxic Egg 2"},{"floor":45.0,"key":"Meat on the Bone"},{"floor":47.0,"key":"Shuriken"},{"floor":55.0,"key":"Lantern"}],"event_choices":[{"damage_healed":0.0,"max_hp_gain":0.0,"max_hp_loss":0.0,"gold_gain":0.0,"event_name":"Shining Light","player_choice":"Entered Light","floor":3.0,"gold_loss":0.0,"damage_taken":20.0,"cards_upgraded":["Defend_G","Strike_G"]},{"damage_healed":0.0,"max_hp_gain":0.0,"max_hp_loss":0.0,"gold_gain":0.0,"event_name":"Living Wall","player_choice":"Grow","floor":4.0,"gold_loss":0.0,"damage_taken":0.0,"cards_upgraded":["Neutralize"]},{"damage_healed":0.0,"max_hp_gain":0.0,"max_hp_loss":0.0,"gold_gain":0.0,"event_name":"Dead Adventurer","player_choice":"Searched \u00271\u0027 times","floor":7.0,"gold_loss":0.0,"damage_taken":0.0},{"damage_healed":0.0,"max_hp_gain":0.0,"max_hp_loss":0.0,"gold_gain":0.0,"event_name":"Colosseum","player_choice":"Fight","floor":21.0,"gold_loss":0.0,"damage_taken":0.0},{"damage_healed":0.0,"max_hp_gain":0.0,"max_hp_loss":0.0,"gold_gain":0.0,"event_name":"Colosseum","player_choice":"Fought Nobs","floor":21.0,"gold_loss":0.0,"damage_taken":0.0},{"damage_healed":0.0,"max_hp_gain":0.0,"max_hp_loss":0.0,"gold_gain":0.0,"event_name":"Masked Bandits","player_choice":"Fought Bandits","floor":22.0,"gold_loss":0.0,"damage_taken":0.0},{"damage_healed":0.0,"max_hp_gain":0.0,"max_hp_loss":0.0,"gold_gain":0.0,"event_name":"Drug Dealer","player_choice":"Inject Mutagens","floor":25.0,"gold_loss":0.0,"damage_taken":0.0,"relics_obtained":["MutagenicStrength"]},{"damage_healed":0.0,"max_hp_gain":0.0,"max_hp_loss":0.0,"gold_gain":0.0,"event_name":"FaceTrader","player_choice":"Leave","floor":37.0,"gold_loss":0.0,"damage_taken":0.0}],"is_beta":true,"boss_relics":[{"not_picked":["WristBlade","Empty Cage"],"picked":"Philosopher\u0027s Stone"},{"not_picked":["Tiny House","Sozu"],"picked":"Coffee Dripper"}],"items_purged_floors":[39,54],"is_endless":false,"potions_floor_spawned":[6,7,11,14,18,24,29,41,45,47,48],"ascension_level":20}