{"gold_per_floor":[114,129,129,129,148,148,176,176,223,223,251,251,165,200,200,276,276,286,15,27,117,129,148,148,148,175,100,100,131,131,131,131,131],"floor_reached":33,"playtime":1069,"items_purged":[],"score":658,"play_id":"713d2c2b-d658-48f6-8740-5c5f372eb9f7","local_time":"20190318021802","is_ascension_mode":true,"campfire_choices":[{"data":"Sunder","floor":6.0,"key":"SMITH"},{"data":"Buffer","floor":8.0,"key":"SMITH"},{"data":"Zap","floor":12,"key":"SMITH"},{"data":"Sweeping Beam","floor":15,"key":"SMITH"},{"data":"Go for the Eyes","floor":24,"key":"SMITH"},{"data":"Seek","floor":28,"key":"SMITH"},{"data":"Coolheaded","floor":32,"key":"SMITH"}],"neow_cost":"NONE","seed_source_timestamp":423781820202958,"circlet_count":0,"master_deck":["AscendersBane","Strike_B+1","Strike_B","Defend_B+1","Defend_B","Defend_B","Defend_B","Zap+1","Dualcast","Sweeping Beam+1","Sunder+1","Buffer+1","Go for the Eyes+1","Coolheaded+1","Conserve Battery","Ball Lightning","Seek+1","Gash","Reinforced Body","Coolheaded","Stack+1"],"special_seed":0,"relics":["Cracked Core","NeowsBlessing","Art of War","Orichalcum","Question Card","Centennial Puzzle","Coffee Dripper","Meat on the Bone","Bag of Marbles","Peace Pipe","Pocketwatch"],"potions_floor_usage":[14,29,33],"damage_taken":[{"damage":0.0,"enemies":"2 Louse","floor":1.0,"turns":1.0},{"damage":0.0,"enemies":"Jaw Worm","floor":2.0,"turns":1.0},{"damage":0.0,"enemies":"Small Slimes","floor":5.0,"turns":1.0},{"damage":20.0,"enemies":"3 Sentries","floor":7.0,"turns":8.0},{"damage":0,"enemies":"Gremlin Nob","floor":11,"turns":4},{"damage":0,"enemies":"Lagavulin","floor":14,"turns":6},{"damage":18,"enemies":"Slime Boss","floor":16,"turns":12},{"damage":0,"enemies":"Chosen","floor":18,"turns":4},{"damage":11,"enemies":"3 Byrds","floor":20,"turns":5},{"damage":12,"enemies":"Snake Plant","floor":22,"turns":4},{"damage":16,"enemies":"3 Cultists","floor":23,"turns":5},{"damage":8,"enemies":"Slavers","floor":29,"turns":2},{"damage":21,"enemies":"Automaton","floor":33,"turns":6}],"seed_played":"3194961412021599805","potions_obtained":[{"floor":5.0,"key":"Block Potion"},{"floor":11,"key":"Regen Potion"},{"floor":16,"key":"SteroidPotion"},{"floor":29,"key":"EssenceOfSteel"}],"is_trial":false,"path_per_floor":["M","M","?","?","M","R","E","R","T","?","E","R","$","E","R","B",null,"M","$","M","?","M","M","R","$","T","?","R","E","?","T","R","B"],"character_chosen":"DEFECT","items_purchased":["Conserve Battery","PowerPotion","Meat on the Bone"],"campfire_rested":0,"item_purchase_floors":[13,13,19],"current_hp_per_floor":[64,64,43,48,48,48,28,28,28,28,28,28,28,43,43,25,63,63,63,52,38,38,34,34,34,34,34,34,38,16,16,16,0],"gold":131,"neow_bonus":"THREE_ENEMY_KILL","is_prod":false,"is_daily":false,"chose_seed":false,"campfire_upgraded":7,"win_rate":0,"timestamp":1552889882,"path_taken":["M","M","?","?","M","R","E","R","T","?","E","R","$","E","R","BOSS","M","$","?","?","?","M","R","?","T","?","R","E","?","?","R","BOSS"],"build_version":"2019-03-15","purchased_purges":0,"victory":false,"max_hp_per_floor":[71,71,71,76,76,76,76,76,76,76,76,76,76,76,76,76,76,76,76,76,76,76,76,76,76,76,76,76,76,81,81,81,81],"card_choices":[{"not_picked":["Stack","Storm"],"picked":"Sweeping Beam","floor":1.0},{"not_picked":["Steam","Redo"],"picked":"Sunder","floor":2.0},{"not_picked":["Conserve Battery","Leap"],"picked":"Buffer","floor":5.0},{"not_picked":["Stack","Streamline","Go for the Eyes"],"picked":"SKIP","floor":7.0},{"not_picked":["Streamline","Sweeping Beam"],"picked":"Coolheaded","floor":11},{"not_picked":["Sweeping Beam","Force Field","Meteor Strike"],"picked":"Ball Lightning","floor":14},{"not_picked":["Meteor Strike","Machine Learning","Fission"],"picked":"Seek","floor":16},{"not_picked":["Turbo","Redo","Force Field","Barrage"],"picked":"SKIP","floor":18},{"not_picked":["Reprogram","Tempest","Steam Power"],"picked":"Gash","floor":20},{"not_picked":["Self Repair+1","Redo","Conserve Battery"],"picked":"Reinforced Body","floor":22},{"not_picked":["Stack+1","Compile Driver","Streamline"],"picked":"Coolheaded","floor":23},{"not_picked":["Conserve Battery","Compile Driver","Hello World"],"picked":"Stack+1","floor":29}],"player_experience":1133630,"relics_obtained":[{"floor":7.0,"key":"Art of War"},{"floor":9.0,"key":"Orichalcum"},{"floor":11,"key":"Question Card"},{"floor":14,"key":"Centennial Puzzle"},{"floor":26,"key":"Bag of Marbles"},{"floor":29,"key":"Peace Pipe"},{"floor":31,"key":"Pocketwatch"}],"event_choices":[{"damage_healed":0.0,"max_hp_gain":0.0,"max_hp_loss":0.0,"gold_gain":0.0,"event_name":"Shining Light","player_choice":"Entered Light","floor":3.0,"gold_loss":0.0,"damage_taken":21.0,"cards_upgraded":["Defend_B","Strike_B"]},{"damage_healed":0.0,"max_hp_gain":5.0,"max_hp_loss":0.0,"gold_gain":0.0,"event_name":"Big Fish","player_choice":"Donut","floor":4.0,"gold_loss":0.0,"damage_taken":0.0},{"damage_healed":0.0,"max_hp_gain":0.0,"max_hp_loss":0.0,"gold_gain":0.0,"cards_transformed":["Strike_B"],"event_name":"Transmorgrifier","player_choice":"Transformed","floor":10.0,"gold_loss":0.0,"damage_taken":0.0,"cards_obtained":["Go for the Eyes"]},{"damage_healed":0,"gold_gain":90,"player_choice":"GOLD ","damage_taken":14,"max_hp_gain":0,"max_hp_loss":0,"event_name":"Knowing Skull","floor":21,"potions_obtained":[],"gold_loss":0,"cards_obtained":[]},{"cards_removed":["Strike_B"],"damage_healed":0,"gold_gain":0,"player_choice":"Gave Gold","damage_taken":0,"max_hp_gain":0,"max_hp_loss":0,"event_name":"Beggar","floor":27,"gold_loss":75},{"damage_healed":0,"gold_gain":0,"player_choice":"Shed Blood","damage_taken":27,"max_hp_gain":5,"max_hp_loss":0,"event_name":"Forgotten Altar","floor":30,"gold_loss":0}],"is_beta":true,"boss_relics":[{"not_picked":["Astrolabe","Tiny House"],"picked":"Coffee Dripper"}],"items_purged_floors":[],"is_endless":false,"potions_floor_spawned":[5,11,16,22,29],"killed_by":"Automaton","ascension_level":20}