{"gold_per_floor":[218,218,393,411,428,428,428,462,462,462,482,498,498,498,498,602,602,617,31,31,31,31,61,61],"floor_reached":24,"playtime":673,"items_purged":[],"score":223,"play_id":"79bfbc49-7750-4757-a7bf-3a22842ddf0f","local_time":"20190221045830","is_ascension_mode":true,"campfire_choices":[{"data":"Doom and Gloom","floor":6,"key":"SMITH"},{"data":"White Noise","floor":10,"key":"SMITH"},{"floor":13,"key":"REST"},{"data":"Streamline","floor":15,"key":"SMITH"}],"neow_cost":"NONE","seed_source_timestamp":46918328721754,"circlet_count":0,"master_deck":["Strike_B","Strike_B","Strike_B","Strike_B+1","Defend_B","Defend_B","Defend_B+1","Defend_B","Zap","Dualcast","White Noise+1","Doubt","Doom and Gloom+1","FTL","Streamline+1","Loop","Parasite","Static Discharge+1"],"relics":["Cracked Core","Matryoshka","PreservedInsect","Ancient Tea Set","Kunai","Busted Crown","Frozen Egg 2","Gremlin Horn","Singing Bowl","MutagenicStrength","Pantograph"],"potions_floor_usage":[8,23,23,24],"damage_taken":[{"damage":1,"enemies":"Jaw Worm","floor":1,"turns":3},{"damage":2,"enemies":"Small Slimes","floor":4,"turns":4},{"damage":1,"enemies":"2 Louse","floor":5,"turns":3},{"damage":15,"enemies":"Gremlin Nob","floor":8,"turns":4},{"damage":0,"enemies":"Blue Slaver","floor":11,"turns":3},{"damage":11,"enemies":"Exordium Wildlife","floor":12,"turns":3},{"damage":10,"enemies":"Slime Boss","floor":16,"turns":6},{"damage":23,"enemies":"Chosen","floor":18,"turns":5},{"damage":42,"enemies":"Book of Stabbing","floor":23,"turns":4},{"damage":16,"enemies":"Spheric Guardian","floor":24,"turns":3}],"seed_played":"-1136863847561311544","potions_obtained":[{"floor":1,"key":"Energy Potion"},{"floor":5,"key":"Regen Potion"},{"floor":12,"key":"Strength Potion"},{"floor":16,"key":"SpeedPotion"},{"floor":23,"key":"SpeedPotion"}],"is_trial":false,"path_per_floor":["M","?","?","M","M","R","?","E","T","R","M","M","R","?","R","B",null,"M","$","?","$","?","E","M"],"character_chosen":"DEFECT","items_purchased":["Frozen Egg 2","Static Discharge+1","Gremlin Horn"],"campfire_rested":1,"item_purchase_floors":[19,19,19],"current_hp_per_floor":[74,59,59,57,56,56,49,43,43,43,43,32,54,72,72,62,75,52,52,52,52,52,12,0],"gold":61,"neow_bonus":"HUNDRED_GOLD","is_prod":false,"is_daily":false,"chose_seed":false,"campfire_upgraded":3,"win_rate":0,"timestamp":1550753910,"path_taken":["M","?","?","M","M","R","?","E","T","R","?","M","R","?","R","BOSS","M","$","?","$","?","E","M"],"build_version":"2019-01-23","purchased_purges":0,"victory":false,"max_hp_per_floor":[75,75,75,75,75,75,75,75,75,75,75,75,75,75,75,75,75,75,75,75,75,75,77,77],"card_choices":[{"not_picked":["Coolheaded","Leap"],"picked":"White Noise","floor":1},{"not_picked":["Compile Driver","Barrage","Leap"],"picked":"SKIP","floor":4},{"not_picked":["Stack","Ball Lightning"],"picked":"Doom and Gloom","floor":5},{"not_picked":["Darkness","Beam Cell"],"picked":"FTL","floor":8},{"not_picked":["All For One","Compile Driver"],"picked":"Streamline","floor":11},{"not_picked":["Leap","Conserve Battery"],"picked":"Loop","floor":12},{"not_picked":["Cold Snap+1"],"picked":"SKIP","floor":18},{"not_picked":["Reinforced Body+1"],"picked":"Singing Bowl","floor":23}],"player_experience":261358,"relics_obtained":[{"floor":8,"key":"PreservedInsect"},{"floor":9,"key":"Ancient Tea Set"},{"floor":9,"key":"Kunai"},{"floor":23,"key":"Pantograph"}],"event_choices":[{"damage_healed":0,"gold_gain":0,"player_choice":"Entered Light","damage_taken":15,"max_hp_gain":0,"max_hp_loss":0,"event_name":"Shining Light","floor":2,"gold_loss":0,"cards_upgraded":["Strike_B","Defend_B"]},{"damage_healed":0,"gold_gain":175,"player_choice":"AGREE","damage_taken":0,"max_hp_gain":0,"max_hp_loss":0,"event_name":"Liars Game","floor":3,"gold_loss":0,"cards_obtained":["Doubt"]},{"damage_healed":0,"gold_gain":0,"player_choice":"Success","damage_taken":7,"relics_obtained":["Matryoshka"],"max_hp_gain":0,"max_hp_loss":0,"event_name":"Scrap Ooze","floor":7,"gold_loss":0},{"damage_healed":18,"gold_gain":0,"player_choice":"Healed and dodged fight","damage_taken":0,"max_hp_gain":0,"max_hp_loss":0,"event_name":"Mushrooms","floor":14,"gold_loss":0,"cards_obtained":["Parasite"]},{"damage_healed":0,"gold_gain":0,"player_choice":"Opened","damage_taken":0,"relics_obtained":["Singing Bowl"],"max_hp_gain":0,"max_hp_loss":0,"event_name":"The Mausoleum","floor":20,"gold_loss":0},{"damage_healed":0,"gold_gain":0,"player_choice":"Inject Mutagens","damage_taken":0,"relics_obtained":["MutagenicStrength"],"max_hp_gain":0,"max_hp_loss":0,"event_name":"Drug Dealer","floor":22,"gold_loss":0}],"is_beta":false,"boss_relics":[{"not_picked":["Calling Bell","Runic Dome"],"picked":"Busted Crown"}],"items_purged_floors":[],"is_endless":false,"potions_floor_spawned":[1,5,12,16,23],"killed_by":"Spheric Guardian","ascension_level":1}