{"gold_per_floor":[113,123,56,56,56,87,87,104,131,151,182,200,234,246,246,246],"floor_reached":16,"playtime":787,"items_purged":[],"score":243,"play_id":"af2dffe8-4455-4306-9dcd-eab698ea3e32","local_time":"20190218144255","is_ascension_mode":true,"campfire_choices":[{"data":"Pommel Strike","floor":7,"key":"SMITH"},{"data":"Uppercut","floor":15,"key":"SMITH"}],"neow_cost":"NONE","seed_source_timestamp":21653235122681,"circlet_count":0,"master_deck":["AscendersBane","Strike_R","Strike_R","Strike_R+1","Strike_R+1","Strike_R","Defend_R","Defend_R","Defend_R","Defend_R","Bash","Metallicize","Pommel Strike+1","Spot Weakness","Dark Embrace","Feel No Pain","Anger","Pummel","Anger","Uppercut+1","Iron Wave"],"relics":["Burning Blood","NeowsBlessing","Centennial Puzzle","Smiling Mask","Shuriken","Omamori"],"potions_floor_usage":[11,16,16],"damage_taken":[{"damage":0,"enemies":"Small Slimes","floor":1,"turns":2},{"damage":0,"enemies":"2 Louse","floor":2,"turns":1},{"damage":0,"enemies":"Gremlin Nob","floor":6,"turns":2},{"damage":6,"enemies":"Cultist","floor":8,"turns":3},{"damage":7,"enemies":"Gremlin Gang","floor":10,"turns":4},{"damage":11,"enemies":"3 Sentries","floor":11,"turns":5},{"damage":4,"enemies":"3 Louse","floor":12,"turns":3},{"damage":17,"enemies":"Lagavulin","floor":13,"turns":5},{"damage":11,"enemies":"Looter","floor":14,"turns":2},{"damage":53,"enemies":"The Guardian","floor":16,"turns":9}],"seed_played":"-3891269867558261545","potions_obtained":[{"floor":1,"key":"Strength Potion"},{"floor":2,"key":"SteroidPotion"},{"floor":13,"key":"FearPotion"}],"is_trial":false,"path_per_floor":["M","M","$","?","?","E","R","M","T","M","E","M","E","M","R","B"],"character_chosen":"IRONCLAD","items_purchased":["Spot Weakness"],"campfire_rested":0,"item_purchase_floors":[3],"current_hp_per_floor":[78,80,80,64,64,70,70,70,70,69,64,66,55,50,50,0],"gold":246,"neow_bonus":"THREE_ENEMY_KILL","is_prod":false,"is_daily":false,"chose_seed":false,"campfire_upgraded":2,"win_rate":0,"timestamp":1550518975,"path_taken":["M","M","$","?","?","E","R","M","T","M","E","M","E","M","R","BOSS"],"build_version":"2019-02-06","purchased_purges":0,"victory":false,"max_hp_per_floor":[80,80,80,80,80,80,80,80,80,80,80,80,80,80,80,80],"card_choices":[{"not_picked":["Inflame","Dropkick"],"picked":"Metallicize","floor":1},{"not_picked":["Bloodletting","Searing Blow"],"picked":"Pommel Strike","floor":2},{"not_picked":["Reckless Charge","Uppercut"],"picked":"Feel No Pain","floor":6},{"not_picked":["Combust","Perfected Strike"],"picked":"Anger","floor":8},{"not_picked":["Pommel Strike","Searing Blow"],"picked":"Pummel","floor":10},{"not_picked":["Body Slam","Fire Breathing"],"picked":"Anger","floor":11},{"not_picked":["Warcry","Dual Wield","Wild Strike"],"picked":"SKIP","floor":12},{"not_picked":["Thunderclap","Warcry"],"picked":"Uppercut","floor":13},{"not_picked":["Sword Boomerang","Wild Strike"],"picked":"Iron Wave","floor":14}],"player_experience":387479,"relics_obtained":[{"floor":6,"key":"Centennial Puzzle"},{"floor":9,"key":"Smiling Mask"},{"floor":11,"key":"Shuriken"},{"floor":13,"key":"Omamori"}],"event_choices":[{"damage_healed":0,"gold_gain":0,"player_choice":"Entered Light","damage_taken":16,"max_hp_gain":0,"max_hp_loss":0,"event_name":"Shining Light","floor":4,"gold_loss":0,"cards_upgraded":["Strike_R","Strike_R"]},{"damage_healed":0,"gold_gain":0,"player_choice":"1 cards matched","damage_taken":0,"max_hp_gain":0,"max_hp_loss":0,"event_name":"Match and Keep!","floor":5,"gold_loss":0,"cards_obtained":["Dark Embrace"]}],"is_beta":true,"boss_relics":[],"items_purged_floors":[],"is_endless":false,"potions_floor_spawned":[1,2,8,13],"killed_by":"The Guardian","ascension_level":13}