{"gold_per_floor":[115,127,139,155,330,345,345,378,378,378,393,405,425,425,425,425],"floor_reached":16,"playtime":699,"items_purged":[],"score":136,"play_id":"c1331169-6f05-4072-ae82-ff1a1708f6b3","local_time":"20190307012114","is_ascension_mode":true,"campfire_choices":[{"floor":10,"key":"REST"},{"floor":15,"key":"REST"}],"neow_cost":"NONE","seed_source_timestamp":120263615791688,"circlet_count":0,"master_deck":["Defend_G","Defend_G","Defend_G","Defend_G","Defend_G","Strike_G","Strike_G","Strike_G","Strike_G","Survivor","Neutralize","Dagger Throw","Dagger Throw","Dagger Throw","Dagger Throw","Doubt","Dagger Throw","Adrenaline","Dagger Spray"],"relics":["Ring of the Snake","Dream Catcher","Regal Pillow","Frozen Egg 2","FaceOfCleric"],"potions_floor_usage":[6,6,6],"damage_taken":[{"damage":1,"enemies":"2 Louse","floor":1,"turns":4},{"damage":0,"enemies":"Jaw Worm","floor":2,"turns":5},{"damage":0,"enemies":"Cultist","floor":3,"turns":3},{"damage":2,"enemies":"Blue Slaver","floor":4,"turns":4},{"damage":11,"enemies":"Gremlin Gang","floor":6,"turns":5},{"damage":59,"enemies":"Lagavulin","floor":8,"turns":7},{"damage":9,"enemies":"Lots of Slimes","floor":11,"turns":3},{"damage":3,"enemies":"Exordium Thugs","floor":12,"turns":5},{"damage":7,"enemies":"Large Slime","floor":13,"turns":4},{"damage":64,"enemies":"Hexaghost","floor":16,"turns":9}],"seed_played":"7098029968956314906","potions_obtained":[{"floor":2,"key":"GamblersBrew"},{"floor":3,"key":"Regen Potion"},{"floor":4,"key":"EssenceOfSteel"},{"floor":13,"key":"SneckoOil"}],"is_trial":false,"path_per_floor":["M","M","M","M","?","M","?","E","T","R","M","M","M","?","R","B"],"character_chosen":"THE_SILENT","items_purchased":[],"campfire_rested":2,"item_purchase_floors":[],"current_hp_per_floor":[69,69,69,67,67,68,68,9,9,45,36,33,26,26,62,0],"gold":425,"neow_bonus":"RANDOM_COMMON_RELIC","is_prod":false,"is_daily":false,"chose_seed":false,"campfire_upgraded":0,"win_rate":0,"timestamp":1551950474,"path_taken":["M","M","M","M","?","M","?","E","T","R","M","M","?","?","R","BOSS"],"build_version":"2019-01-23","purchased_purges":0,"victory":false,"max_hp_per_floor":[70,70,70,70,70,70,70,70,70,70,70,70,70,70,70,70],"card_choices":[{"not_picked":["Dodge and Roll","Flying Knee"],"picked":"Dagger Throw","floor":1},{"not_picked":["Reflex","Phantasmal Killer"],"picked":"Dagger Throw","floor":2},{"not_picked":["All Out Attack","Flying Knee"],"picked":"Dagger Throw","floor":3},{"not_picked":["Tactician","Predator"],"picked":"Dagger Throw","floor":4},{"not_picked":["Choke","Sucker Punch"],"picked":"Dagger Throw","floor":6},{"not_picked":["Flying Knee","Prepared"],"picked":"Adrenaline","floor":8},{"not_picked":["Blade Dance","Slice"],"picked":"Dagger Spray","floor":10},{"not_picked":["Underhanded Strike","Deadly Poison","Calculated Gamble"],"picked":"SKIP","floor":11},{"not_picked":["Expertise","Heel Hook","Masterful Stab"],"picked":"SKIP","floor":12},{"not_picked":["Cloak And Dagger","Predator","Bane"],"picked":"SKIP","floor":13}],"player_experience":311081,"relics_obtained":[{"floor":8,"key":"Regal Pillow"},{"floor":9,"key":"Frozen Egg 2"}],"event_choices":[{"damage_healed":0,"gold_gain":175,"player_choice":"AGREE","damage_taken":0,"max_hp_gain":0,"max_hp_loss":0,"event_name":"Liars Game","floor":5,"gold_loss":0,"cards_obtained":["Doubt"]},{"cards_removed":["Strike_G"],"damage_healed":0,"gold_gain":0,"player_choice":"Offered Basic","damage_taken":0,"max_hp_gain":0,"max_hp_loss":0,"event_name":"Bonfire Elementals","floor":7,"gold_loss":0},{"damage_healed":0,"gold_gain":0,"player_choice":"Trade","damage_taken":0,"relics_obtained":["FaceOfCleric"],"max_hp_gain":0,"max_hp_loss":0,"event_name":"FaceTrader","floor":14,"gold_loss":0}],"is_beta":false,"boss_relics":[],"items_purged_floors":[],"is_endless":false,"potions_floor_spawned":[2,3,4,13],"killed_by":"Hexaghost","ascension_level":1}