{"gold_per_floor":[117,130,80,80,5,36,36,65,65,77,77,107,107,13,13,13],"floor_reached":16,"playtime":830,"items_purged":["Dualcast"],"score":145,"play_id":"b29b71bc-f93a-43cd-92cd-0ec05aa840e7","local_time":"20190120045435","is_ascension_mode":true,"campfire_choices":[{"data":"Genetic Algorithm","floor":7,"key":"SMITH"},{"floor":11,"key":"REST"},{"data":"Zap","floor":13,"key":"SMITH"},{"data":"Gash","floor":15,"key":"SMITH"}],"neow_cost":"NONE","seed_source_timestamp":1749050040492,"circlet_count":0,"master_deck":["Strike_B","Strike_B","Defend_B","Defend_B","Defend_B","Zap+1","Reboot","Genetic Algorithm+1","Gash+1","BootSequence","Steam","Cold Snap","Undo+1","Flash of Steel"],"relics":["Cracked Core","Gremlin Horn","Bottled Flame","Bag of Preparation","Toxic Egg 2"],"potions_floor_usage":[8,12,12],"damage_taken":[{"damage":0,"enemies":"2 Louse","floor":1,"turns":2},{"damage":11,"enemies":"Small Slimes","floor":2,"turns":4},{"damage":37,"enemies":"Gremlin Nob","floor":6,"turns":4},{"damage":13,"enemies":"3 Sentries","floor":8,"turns":7},{"damage":0,"enemies":"Jaw Worm","floor":10,"turns":3},{"damage":17,"enemies":"Gremlin Nob","floor":12,"turns":4},{"damage":19,"enemies":"Hexaghost","floor":16,"turns":11}],"seed_played":"-2138199377697602422","potions_obtained":[{"floor":1,"key":"Dexterity Potion"},{"floor":8,"key":"PowerPotion"},{"floor":10,"key":"FocusPotion"}],"is_trial":false,"path_per_floor":["M","M","?","?","$","E","R","E","T","M","R","E","R","$","R","B"],"character_chosen":"DEFECT","items_purchased":["Flash of Steel"],"campfire_rested":1,"item_purchase_floors":[14],"current_hp_per_floor":[75,64,64,57,57,20,20,7,7,7,29,12,12,12,12,0],"gold":13,"neow_bonus":"TRANSFORM_CARD","is_prod":false,"is_daily":false,"chose_seed":false,"campfire_upgraded":3,"win_rate":0,"timestamp":1547978075,"path_taken":["M","M","?","?","?","E","R","E","T","M","R","E","R","$","R","BOSS"],"build_version":"2019-01-17","purchased_purges":1,"victory":false,"max_hp_per_floor":[75,75,75,75,75,75,75,75,75,75,75,75,75,75,75,75],"card_choices":[{"not_picked":["Skim","Beam Cell"],"picked":"Genetic Algorithm","floor":1},{"not_picked":["Streamline","Rebound"],"picked":"Gash","floor":2},{"not_picked":["Rebound","Consume"],"picked":"BootSequence","floor":6},{"not_picked":["Defragment","Reprogram"],"picked":"Steam","floor":8},{"not_picked":["Rebound","Stack"],"picked":"Cold Snap","floor":10},{"not_picked":["Electrodynamics","Barrage"],"picked":"Undo","floor":12}],"player_experience":226968,"relics_obtained":[{"floor":6,"key":"Gremlin Horn"},{"floor":8,"key":"Bottled Flame"},{"floor":9,"key":"Bag of Preparation"},{"floor":12,"key":"Toxic Egg 2"}],"event_choices":[{"cards_removed":["Strike_B"],"damage_healed":0,"gold_gain":0,"player_choice":"Card Removal","damage_taken":0,"max_hp_gain":0,"max_hp_loss":0,"event_name":"The Cleric","floor":3,"gold_loss":50},{"cards_removed":["Defend_B"],"damage_healed":0,"gold_gain":0,"player_choice":"Card Removal","damage_taken":7,"max_hp_gain":0,"max_hp_loss":0,"event_name":"Golden Wing","floor":4,"gold_loss":0}],"is_beta":true,"boss_relics":[],"items_purged_floors":[5],"is_endless":false,"potions_floor_spawned":[1,8,10],"killed_by":"Hexaghost","ascension_level":5}