{"path_per_floor":["M","M","$","M","?","$","R","M","T","M","E","T","M","M","R"],"character_chosen":"IRONCLAD","items_purchased":["True Grit","Molten Egg 2"],"gold_per_floor":[109,122,68,87,262,23,23,35,35,45,80,80,96,108,108,108],"floor_reached":16,"campfire_rested":1,"playtime":669,"current_hp_per_floor":[39,36,36,38,38,38,38,46,46,31,24,24,18,15,47,0],"items_purged":[],"gold":108,"score":129,"play_id":"8cc2abd4-f980-4007-8f0c-a729dc428799","local_time":"20180331164628","is_prod":false,"is_daily":false,"is_ascension_mode":false,"campfire_upgraded":1,"timestamp":1522539988,"path_taken":["M","?","?","M","?","$","R","M","T","?","E","?","M","M","R","BOSS"],"build_version":"2018-03-29v2","purchased_purges":0,"victory":false,"master_deck":["Strike_R","Strike_R","Strike_R","Strike_R","Strike_R","Defend_R","Defend_R","Defend_R","Defend_R","Bash","Feed+1","Headbutt","Wild Strike","True Grit","Flex","Doubt","Infernal Blade","Immolate+1","Flex","Flex+1"],"max_hp_per_floor":[83,86,86,89,89,89,89,93,93,97,101,101,105,109,109,109],"relics":["Burning Blood","Molten Egg 2","Mummified Hand","Ice Cream","Toxic Egg 2"],"card_choices":[{"not_picked":["Impervious","Fiend Fire"],"picked":"Feed","floor":0},{"not_picked":["Anger","Pommel Strike"],"picked":"Headbutt","floor":1},{"not_picked":["Shrug It Off","Clash"],"picked":"Wild Strike","floor":2},{"not_picked":["Clothesline","Twin Strike"],"picked":"Flex","floor":4},{"not_picked":["Disarm","Battle Trance"],"picked":"Infernal Blade","floor":8},{"not_picked":["True Grit","Warcry"],"picked":"Immolate","floor":10},{"not_picked":["Blood for Blood","Shrug It Off"],"picked":"Flex","floor":11},{"not_picked":["Uppercut","Thunderclap"],"picked":"Flex","floor":14}],"player_experience":70645,"potions_floor_usage":[11,11,14],"damage_taken":[{"damage":10,"enemies":"Cultist","floor":1,"turns":5},{"damage":12,"enemies":"Small Slimes","floor":2,"turns":6},{"damage":7,"enemies":"2 Louse","floor":4,"turns":2},{"damage":2,"enemies":"Large Slime","floor":8,"turns":7},{"damage":25,"enemies":"Red Slaver","floor":10,"turns":4},{"damage":17,"enemies":"3 Sentries","floor":11,"turns":6},{"damage":16,"enemies":"Exordium Thugs","floor":13,"turns":4},{"damage":16,"enemies":"2 Fungi Beasts","floor":14,"turns":3},{"damage":50,"enemies":"The Guardian","floor":16,"turns":5}],"event_choices":[{"event_name":"Liars Game","player_choice":"agreed","floor":5,"damage_taken":0}],"boss_relics":[],"potions_floor_spawned":[2,10,13],"seed_played":"-325578192042054350","killed_by":"The Guardian","ascension_level":0,"is_trial":false}