{"gold_per_floor":[110,129,58,58,76,101,101,124,148,179,191,466,8,61,61,166,166,178,178,268,278,25,25,36,46,46,46,62,62,62,76,76,172,172,182,182,82,98,1097,1124,516,516,516,530,530,564,564,579,579,579,579,579,9,44,44],"floor_reached":56,"playtime":8582,"items_purged":["Regret","Writhe","Normality","Defend_B"],"score":2031,"play_id":"04e7a863-1ac4-428b-975d-d9d18e412ac7","local_time":"20181211235027","is_ascension_mode":true,"campfire_choices":[{"floor":7.0,"key":"REST"},{"floor":15.0,"key":"REST"},{"data":"Defragment","floor":23.0,"key":"SMITH"},{"data":"Hologram","floor":27.0,"key":"SMITH"},{"data":"Sunder","floor":30.0,"key":"SMITH"},{"floor":32.0,"key":"REST"},{"floor":42.0,"key":"RECALL"},{"data":"Reinforced Body","floor":45.0,"key":"SMITH"},{"data":"Hologram","floor":47.0,"key":"SMITH"},{"data":"Meteor Strike","floor":49.0,"key":"SMITH"},{"data":"Coolheaded","floor":52.0,"key":"SMITH"}],"neow_cost":"PERCENT_DAMAGE","seed_source_timestamp":0,"circlet_count":0,"master_deck":["Strike_B+1","Strike_B","Strike_B+1","Strike_B","Defend_B","Defend_B","Defend_B","Dualcast","Genetic Algorithm","Cold Snap","Chill","Conserve Battery","Reinforced Body+1","Sunder+1","Hologram+1","Loop","Hologram+1","Meteor Strike+1","Double Energy","Defragment+1","Conserve Battery+1","Decay","Hologram+1","Go for the Eyes","Normality","Coolheaded+1","Capacitor","Beam Cell","Pain","Purity","Seek","The Bomb","Stack+1"],"special_seed":0,"relics":["Cracked Core","Calipers","Vajra","Odd Mushroom","Happy Flower","Matryoshka","Pocketwatch","Dream Catcher","Bronze Scales","Cursed Key","Singing Bowl","Darkstone Periapt","Blue Candle","Meat on the Bone","Busted Crown","Whetstone","Chemical X","Oddly Smooth Stone","Lantern","Anchor"],"potions_floor_usage":[55,55,55],"damage_taken":[{"damage":8.0,"enemies":"Jaw Worm","floor":1.0,"turns":4.0},{"damage":4.0,"enemies":"2 Louse","floor":2.0,"turns":2.0},{"damage":0.0,"enemies":"Cultist","floor":5.0,"turns":4.0},{"damage":25.0,"enemies":"Lagavulin","floor":6.0,"turns":9.0},{"damage":2.0,"enemies":"The Mushroom Lair","floor":8.0,"turns":5.0},{"damage":20.0,"enemies":"Gremlin Nob","floor":10.0,"turns":5.0},{"damage":1.0,"enemies":"Blue Slaver","floor":11.0,"turns":4.0},{"damage":0.0,"enemies":"Hexaghost","floor":16.0,"turns":10.0},{"damage":0.0,"enemies":"3 Byrds","floor":18.0,"turns":3.0},{"damage":0.0,"enemies":"Spheric Guardian","floor":21.0,"turns":3.0},{"damage":0.0,"enemies":"Cultist and Chosen","floor":24.0,"turns":5.0},{"damage":0.0,"enemies":"Sentry and Sphere","floor":25.0,"turns":6.0},{"damage":12.0,"enemies":"Centurion and Healer","floor":28.0,"turns":5.0},{"damage":8.0,"enemies":"Cultist and Chosen","floor":31.0,"turns":6.0},{"damage":2.0,"enemies":"Automaton","floor":33.0,"turns":17.0},{"damage":0.0,"enemies":"3 Shapes","floor":35.0,"turns":5.0},{"damage":14.0,"enemies":"3 Darklings","floor":38.0,"turns":6.0},{"damage":6.0,"enemies":"Giant Head","floor":40.0,"turns":8.0},{"damage":2.0,"enemies":"Maw","floor":44.0,"turns":9.0},{"damage":10.0,"enemies":"Reptomancer","floor":46.0,"turns":11.0},{"damage":2.0,"enemies":"Spire Growth","floor":48.0,"turns":4.0},{"damage":38.0,"enemies":"Donu and Deca","floor":50.0,"turns":15.0},{"damage":22.0,"enemies":"Shield and Spear","floor":54.0,"turns":9.0},{"damage":50,"enemies":"The Heart","floor":55,"turns":11}],"seed_played":"3823595421675830859","potions_obtained":[{"floor":5.0,"key":"Poison Potion"},{"floor":8.0,"key":"Ancient Potion"},{"floor":10.0,"key":"PowerPotion"},{"floor":24.0,"key":"Dexterity Potion"},{"floor":28.0,"key":"SteroidPotion"}],"is_trial":false,"path_per_floor":["M","M","$","?","M","E","R","?","T","E","M","?","$","T","R","B",null,"M","?","?","M","$","R","M","M","T","R","M","?","R","M","R","B",null,"M","?","$","M","?","E","$","R","T","M","R","E","R","M","R","B",null,"R","$","E","B",null],"character_chosen":"DEFECT","items_purchased":["Chill","Pocketwatch","Loop","SteroidPotion","Singing Bowl","Chemical X","Oddly Smooth Stone","Capacitor","Beam Cell","Purity","Seek","The Bomb"],"campfire_rested":3,"item_purchase_floors":[3,13,13,13,22,41,41,41,41,53,53,53],"current_hp_per_floor":[42,38,38,43,43,18,42,40,40,20,19,19,19,19,43,43,71,71,56,40,40,40,40,40,42,42,42,32,38,38,42,70,70,90,92,92,92,80,92,86,86,86,92,92,92,84,84,84,84,58,108,108,108,86,48],"gold":44,"neow_bonus":"ONE_RARE_RELIC","is_prod":false,"is_daily":false,"chose_seed":false,"campfire_upgraded":7,"win_rate":0,"timestamp":1544590227,"path_taken":["M","M","$","?","M","E","R","?","T","E","?","?","$","?","R","BOSS","M","?","?","M","$","R","M","M","T","R","?","?","R","M","R","BOSS","M","?","$","M","?","E","$","R","T","M","R","E","R","M","R","BOSS","R","$","E","BOSS"],"build_version":"2018-12-06","purchased_purges":4,"victory":true,"max_hp_per_floor":[75,75,75,80,80,80,80,80,80,80,80,80,80,80,80,80,80,80,85,85,85,85,85,85,87,87,87,89,95,95,95,95,97,97,99,99,99,101,113,113,113,113,119,121,121,123,123,125,125,125,125,125,125,125,125],"card_choices":[{"not_picked":["Steam","Ball Lightning"],"picked":"Genetic Algorithm","floor":1.0},{"not_picked":["Loop","Beam Cell"],"picked":"Cold Snap","floor":2.0},{"not_picked":["Stack","Force Field"],"picked":"Conserve Battery","floor":5.0},{"not_picked":["Double Energy","BootSequence"],"picked":"Reinforced Body","floor":6.0},{"not_picked":["Beam Cell","Ball Lightning"],"picked":"Sunder","floor":8.0},{"not_picked":["Rip and Tear","Chaos","Compile Driver"],"picked":"SKIP","floor":10.0},{"not_picked":["Rip and Tear","Chaos","Compile Driver"],"picked":"SKIP","floor":10.0},{"not_picked":["Hello World","Leap"],"picked":"Hologram","floor":11.0},{"not_picked":["Turbo","Steam"],"picked":"Hologram","floor":15.0},{"not_picked":["Seek","Thunder Strike"],"picked":"Meteor Strike","floor":16.0},{"not_picked":["Storm+1","Melter+1"],"picked":"Double Energy","floor":18.0},{"not_picked":["Darkness","Stack"],"picked":"Defragment","floor":21.0},{"not_picked":["Beam Cell","Gash"],"picked":"Conserve Battery+1","floor":24.0},{"not_picked":["Lockon","Chill","Stack"],"picked":"Singing Bowl","floor":25.0},{"not_picked":["Chill","Sweeping Beam","Go for the Eyes"],"picked":"Singing Bowl","floor":28.0},{"not_picked":["Stack","Beam Cell"],"picked":"Hologram+1","floor":31.0},{"not_picked":["Reboot","Gash"],"picked":"Go for the Eyes","floor":32.0},{"not_picked":["Amplify","Biased Cognition","Electrodynamics"],"picked":"Singing Bowl","floor":33.0},{"not_picked":["Steam+1"],"picked":"Singing Bowl","floor":35.0},{"not_picked":["Genetic Algorithm+1"],"picked":"Singing Bowl","floor":38.0},{"not_picked":[],"picked":"Coolheaded","floor":40.0},{"not_picked":["Ball Lightning+1"],"picked":"Singing Bowl","floor":44.0},{"not_picked":["Conserve Battery+1"],"picked":"Singing Bowl","floor":46.0},{"not_picked":["Go for the Eyes"],"picked":"Singing Bowl","floor":48.0},{"not_picked":[],"picked":"Stack+1","floor":54.0}],"player_experience":234132,"relics_obtained":[{"floor":6.0,"key":"Vajra"},{"floor":8.0,"key":"Odd Mushroom"},{"floor":9.0,"key":"Happy Flower"},{"floor":10.0,"key":"Matryoshka"},{"floor":14.0,"key":"Dream Catcher"},{"floor":14.0,"key":"Bronze Scales"},{"floor":26.0,"key":"Darkstone Periapt"},{"floor":26.0,"key":"Blue Candle"},{"floor":40.0,"key":"Whetstone"},{"floor":46.0,"key":"Lantern"},{"floor":54.0,"key":"Anchor"}],"event_choices":[{"damage_healed":0.0,"max_hp_gain":5.0,"max_hp_loss":0.0,"gold_gain":0.0,"event_name":"Big Fish","player_choice":"Donut","floor":4.0,"gold_loss":0.0,"damage_taken":0.0},{"damage_healed":0.0,"max_hp_gain":0.0,"max_hp_loss":0.0,"gold_gain":0.0,"event_name":"Mushrooms","player_choice":"Fought Mushrooms","floor":8.0,"gold_loss":0.0,"damage_taken":0.0},{"damage_healed":0.0,"max_hp_gain":0.0,"max_hp_loss":0.0,"gold_gain":275.0,"event_name":"Golden Shrine","player_choice":"Desecrate","floor":12.0,"gold_loss":0.0,"damage_taken":0.0,"cards_obtained":["Regret"]},{"damage_healed":0.0,"max_hp_gain":5.0,"max_hp_loss":0.0,"gold_gain":0.0,"event_name":"Forgotten Altar","player_choice":"Shed Blood","floor":19.0,"gold_loss":0.0,"damage_taken":20.0},{"damage_healed":0.0,"max_hp_gain":0.0,"max_hp_loss":0.0,"gold_gain":90.0,"event_name":"Knowing Skull","player_choice":"GOLD ","floor":20.0,"potions_obtained":[],"gold_loss":0.0,"damage_taken":16.0,"cards_obtained":[]},{"damage_healed":0.0,"max_hp_gain":0.0,"max_hp_loss":0.0,"gold_gain":0.0,"event_name":"The Mausoleum","player_choice":"Opened","floor":29.0,"gold_loss":0.0,"damage_taken":0.0,"relics_obtained":["Meat on the Bone"],"cards_obtained":["Writhe"]},{"cards_removed":["Zap"],"damage_healed":0.0,"max_hp_gain":0.0,"max_hp_loss":0.0,"gold_gain":0.0,"event_name":"Falling","player_choice":"Removed Skill","floor":36.0,"gold_loss":0.0,"damage_taken":0.0},{"damage_healed":0.0,"max_hp_gain":0.0,"max_hp_loss":0.0,"gold_gain":999.0,"event_name":"MindBloom","player_choice":"Gold","floor":39.0,"gold_loss":0.0,"damage_taken":0.0,"cards_obtained":["Normality","Normality"]}],"is_beta":false,"boss_relics":[{"not_picked":["FrozenCore","Fusion Hammer"],"picked":"Cursed Key"},{"not_picked":["Runic Pyramid","Orrery"],"picked":"Busted Crown"}],"items_purged_floors":[13,37,41,53],"is_endless":false,"potions_floor_spawned":[5,8,10,24,28,33,38,44,46],"ascension_level":6}