{"gold_per_floor":[117,137,154,34,34,68,68,68,68,92,92,131,149,163,163,286,286,302,15,15,15,15,15,50,68,68,81,481,481,513,543,555,567],"floor_reached":33,"playtime":1589,"items_purged":["Strike_G","Strike_G"],"score":350,"play_id":"84efae7c-2e32-4370-92fe-59e9303c12eb","local_time":"20181104135222","is_ascension_mode":true,"campfire_choices":[{"data":"Poisoned Stab","floor":7,"key":"SMITH"},{"data":"Catalyst","floor":11,"key":"SMITH"},{"floor":15,"key":"REST"},{"data":"Ghostly","floor":23,"key":"SMITH"},{"data":"Bullet Time","floor":32,"key":"SMITH"}],"neow_cost":"NONE","seed_source_timestamp":869341450824,"circlet_count":0,"master_deck":["Defend_G","Defend_G","Defend_G","Defend_G","Defend_G+1","Strike_G","Strike_G","Strike_G","Survivor","Neutralize","Catalyst+1","Infinite Blades+1","Catalyst+1","Poisoned Stab+1","Bullet Time+1","Deadly Poison","Corpse Explosion","Calculated Gamble","All Out Attack","A Thousand Cuts+1","Dagger Spray+1","Footwork+1","Ghostly","Ghostly+1","Ghostly","Ghostly","Ghostly","Grand Finale","Acrobatics","Predator","Accuracy+1","Crippling Poison+1","Backflip+1"],"relics":["Ring of the Snake","NeowsBlessing","Bloody Idol","Frozen Egg 2","PreservedInsect","Ancient Tea Set","Black Star","Bronze Scales","Oddly Smooth Stone","Juzu Bracelet","Pen Nib","Old Coin","Matryoshka","MawBank","War Paint"],"potions_floor_usage":[10,12,24,25,28,28,31],"damage_taken":[{"damage":0,"enemies":"Cultist","floor":1,"turns":1},{"damage":0,"enemies":"2 Louse","floor":2,"turns":1},{"damage":0,"enemies":"Small Slimes","floor":3,"turns":1},{"damage":24,"enemies":"Lagavulin","floor":6,"turns":6},{"damage":4,"enemies":"Red Slaver","floor":10,"turns":3},{"damage":19,"enemies":"3 Sentries","floor":12,"turns":8},{"damage":0,"enemies":"3 Louse","floor":13,"turns":4},{"damage":4,"enemies":"2 Fungi Beasts","floor":14,"turns":3},{"damage":6,"enemies":"Hexaghost","floor":16,"turns":6},{"damage":11,"enemies":"Shell Parasite","floor":18,"turns":3},{"damage":23,"enemies":"Slavers","floor":24,"turns":5},{"damage":1,"enemies":"Chosen","floor":25,"turns":6},{"damage":16,"enemies":"Snake Plant","floor":27,"turns":3},{"damage":0,"enemies":"Colosseum Slavers","floor":28,"turns":5},{"damage":2,"enemies":"Colosseum Nobs","floor":28,"turns":4},{"damage":4,"enemies":"Gremlin Leader","floor":30,"turns":4},{"damage":11,"enemies":"Sentry and Sphere","floor":31,"turns":3},{"damage":44,"enemies":"Collector","floor":33,"turns":6}],"seed_played":"2410700726419737273","potions_obtained":[{"floor":1,"key":"SneckoOil"},{"floor":6,"key":"SpeedPotion"},{"floor":10,"key":"Block Potion"},{"floor":16,"key":"FearPotion"},{"floor":18,"key":"SneckoOil"},{"floor":24,"key":"Weak Potion"},{"floor":25,"key":"EssenceOfSteel"}],"is_trial":false,"path_per_floor":["M","M","M","$","?","E","R","?","T","M","R","E","M","M","R","B",null,"M","$","?","?","?","R","E","M","T","M","?","?","E","M","R","B"],"character_chosen":"THE_SILENT","items_purchased":["Poisoned Stab","Footwork+1","Bronze Scales"],"campfire_rested":1,"item_purchase_floors":[4,19,19],"current_hp_per_floor":[70,70,70,70,65,41,41,41,41,37,37,18,18,14,33,27,65,54,54,32,32,32,32,14,18,18,7,15,15,16,15,20,0],"gold":567,"neow_bonus":"THREE_ENEMY_KILL","is_prod":false,"is_daily":false,"chose_seed":false,"campfire_upgraded":4,"win_rate":0,"timestamp":1541357542,"path_taken":["M","M","?","$","?","E","R","?","T","M","R","E","?","M","R","BOSS","M","$","?","?","?","R","E","M","T","M","?","?","E","M","R","BOSS"],"build_version":"2018-11-02","purchased_purges":2,"victory":false,"max_hp_per_floor":[70,70,70,70,65,65,65,65,65,65,65,65,65,65,65,65,65,65,65,32,32,32,32,32,32,32,32,32,32,32,32,32,32],"card_choices":[{"not_picked":["Eviscerate","Deadly Poison"],"picked":"Catalyst","floor":1},{"not_picked":["Tactician","PiercingWail"],"picked":"Infinite Blades","floor":2},{"not_picked":["Acrobatics","Distraction"],"picked":"Catalyst","floor":3},{"not_picked":["Calculated Gamble","Dagger Throw"],"picked":"Bullet Time","floor":6},{"not_picked":["Cloak And Dagger","Outmaneuver"],"picked":"Deadly Poison","floor":10},{"not_picked":["Flying Knee","Dash"],"picked":"Corpse Explosion","floor":12},{"not_picked":["Deflect","Concentrate"],"picked":"Calculated Gamble","floor":13},{"not_picked":["Slice","Calculated Gamble"],"picked":"All Out Attack","floor":14},{"not_picked":["Adrenaline","Tools of the Trade+1"],"picked":"A Thousand Cuts+1","floor":16},{"not_picked":["Blade Dance","Bane"],"picked":"Dagger Spray+1","floor":18},{"not_picked":["Riddle With Holes","Reflex"],"picked":"Grand Finale","floor":24},{"not_picked":["Calculated Gamble","Setup"],"picked":"Acrobatics","floor":25},{"not_picked":["Distraction","Reflex"],"picked":"Predator","floor":27},{"not_picked":["Dash","Acrobatics"],"picked":"Accuracy+1","floor":28},{"not_picked":["Dodge and Roll+1","Noxious Fumes+1"],"picked":"Crippling Poison+1","floor":30},{"not_picked":["Outmaneuver","Bane+1"],"picked":"Backflip+1","floor":31}],"player_experience":96356,"relics_obtained":[{"floor":6,"key":"Frozen Egg 2"},{"floor":9,"key":"PreservedInsect"},{"floor":12,"key":"Ancient Tea Set"},{"floor":24,"key":"Oddly Smooth Stone"},{"floor":24,"key":"Juzu Bracelet"},{"floor":26,"key":"Pen Nib"},{"floor":28,"key":"Old Coin"},{"floor":28,"key":"Matryoshka"},{"floor":30,"key":"MawBank"},{"floor":30,"key":"War Paint"}],"event_choices":[{"damage_healed":0,"gold_gain":0,"player_choice":"Lose Max HP","damage_taken":0,"relics_obtained":["Golden Idol"],"max_hp_gain":0,"max_hp_loss":5,"event_name":"Golden Idol","floor":5,"gold_loss":0},{"damage_healed":0,"gold_gain":0,"player_choice":"Upgraded","damage_taken":0,"max_hp_gain":0,"max_hp_loss":0,"event_name":"Upgrade Shrine","floor":8,"gold_loss":0,"cards_upgraded":["Infinite Blades"]},{"damage_healed":0,"gold_gain":0,"player_choice":"Became a Ghost","damage_taken":0,"max_hp_gain":0,"max_hp_loss":33,"event_name":"Ghosts","floor":20,"gold_loss":0,"cards_obtained":["Ghostly","Ghostly","Ghostly","Ghostly","Ghostly"]},{"damage_healed":0,"gold_gain":0,"player_choice":"Gave Idol","damage_taken":0,"relics_obtained":["Bloody Idol"],"max_hp_gain":0,"max_hp_loss":0,"event_name":"Forgotten Altar","floor":21,"relics_lost":["Golden Idol"],"gold_loss":0},{"damage_healed":0,"gold_gain":0,"player_choice":"Ignored","damage_taken":0,"max_hp_gain":0,"max_hp_loss":0,"event_name":"Cursed Tome","floor":22,"gold_loss":0},{"damage_healed":0,"gold_gain":0,"player_choice":"Fight","damage_taken":0,"max_hp_gain":0,"max_hp_loss":0,"event_name":"Colosseum","floor":28,"gold_loss":0},{"damage_healed":0,"gold_gain":0,"player_choice":"Fought Nobs","damage_taken":0,"max_hp_gain":0,"max_hp_loss":0,"event_name":"Colosseum","floor":28,"gold_loss":0},{"damage_healed":0,"gold_gain":0,"player_choice":"Ignored","damage_taken":0,"max_hp_gain":0,"max_hp_loss":0,"event_name":"Upgrade Shrine","floor":29,"gold_loss":0}],"is_beta":true,"boss_relics":[{"not_picked":["White Beast Statue","HoveringKite"],"picked":"Black Star"}],"items_purged_floors":[4,19],"is_endless":false,"potions_floor_spawned":[1,6,10,16,18,24,25,28],"killed_by":"Collector","ascension_level":2}