{"gold_per_floor":[111,130,205,37,37,37,63,80,80,80,93,108,122,184,184,282,282,296,296,296,46,58,58,75,75,126,155,155,155,169,181,181,181],"floor_reached":33,"playtime":1101,"items_purged":["Feel No Pain"],"score":294,"play_id":"61d7ec9f-353a-4bd7-ac4c-abc4ce2d258b","local_time":"20190312054248","is_ascension_mode":true,"campfire_choices":[{"data":"Bludgeon","floor":6,"key":"SMITH"},{"data":"Bandage Up","floor":10,"key":"SMITH"},{"data":"Flex","floor":15,"key":"SMITH"},{"floor":23,"key":"REST"},{"data":"Reaper","floor":25,"key":"SMITH"},{"floor":29,"key":"REST"},{"floor":32,"key":"REST"}],"neow_cost":"PERCENT_DAMAGE","seed_source_timestamp":341541579226107,"circlet_count":0,"master_deck":["Strike_R","Strike_R","Defend_R","Defend_R","Defend_R","Defend_R","Bash","Bludgeon+1","Inflame","Thunderclap","Bandage Up+1","Flex+1","Barricade+1","Inflame+1","Reaper+1","Cleave+1","Heavy Blade+1","Thunderclap+1"],"relics":["Burning Blood","Sundial","Frozen Egg 2","Torii","Runic Cube","Shuriken","Bronze Scales","Nunchaku","MutagenicStrength"],"potions_floor_usage":[7,12,16,19,30,33],"damage_taken":[{"damage":4,"enemies":"Small Slimes","floor":1,"turns":2},{"damage":12,"enemies":"Jaw Worm","floor":2,"turns":2},{"damage":17,"enemies":"3 Sentries","floor":7,"turns":7},{"damage":1,"enemies":"Cultist","floor":8,"turns":3},{"damage":9,"enemies":"2 Fungi Beasts","floor":11,"turns":3},{"damage":11,"enemies":"Looter","floor":12,"turns":2},{"damage":14,"enemies":"Large Slime","floor":13,"turns":4},{"damage":12,"enemies":"3 Sentries","floor":14,"turns":6},{"damage":42,"enemies":"The Guardian","floor":16,"turns":9},{"damage":30,"enemies":"2 Thieves","floor":18,"turns":5},{"damage":38,"enemies":"Colosseum Slavers","floor":19,"turns":4},{"damage":20,"enemies":"Chosen","floor":22,"turns":5},{"damage":33,"enemies":"3 Cultists","floor":24,"turns":5},{"damage":51,"enemies":"Book of Stabbing","floor":27,"turns":4},{"damage":52,"enemies":"Centurion and Healer","floor":30,"turns":5},{"damage":25,"enemies":"Snake Plant","floor":31,"turns":3},{"damage":96,"enemies":"Champ","floor":33,"turns":11}],"seed_played":"5015297813195882508","potions_obtained":[{"floor":2,"key":"Block Potion"},{"floor":8,"key":"GamblersBrew"},{"floor":12,"key":"SpeedPotion"},{"floor":16,"key":"Strength Potion"},{"floor":27,"key":"SpeedPotion"},{"floor":30,"key":"Dexterity Potion"}],"is_trial":false,"path_per_floor":["M","M","?","$","?","R","E","M","T","R","M","M","M","?","R","B",null,"M","?","?","$","M","R","M","R","T","E","?","R","M","M","R","B"],"character_chosen":"IRONCLAD","items_purchased":["Bandage Up","Shuriken"],"campfire_rested":3,"item_purchase_floors":[4,21],"current_hp_per_floor":[58,52,41,41,41,41,34,43,43,43,46,47,45,45,45,15,80,73,62,47,47,39,64,69,69,69,48,48,73,46,45,70,0],"gold":181,"neow_bonus":"TRANSFORM_TWO_CARDS","is_prod":false,"is_daily":false,"chose_seed":false,"campfire_upgraded":4,"win_rate":0,"timestamp":1552394568,"path_taken":["M","M","?","$","?","R","E","M","T","R","?","M","M","?","R","BOSS","M","?","?","$","M","R","M","R","T","E","?","R","M","M","R","BOSS"],"build_version":"2019-01-23","purchased_purges":1,"victory":false,"max_hp_per_floor":[80,80,80,80,80,80,80,80,80,80,80,80,80,80,80,80,80,80,80,85,85,85,85,85,85,85,85,85,85,85,85,85,85],"card_choices":[{"not_picked":["Warcry","Rage"],"picked":"Inflame","floor":1},{"not_picked":["Rampage","Burning Pact"],"picked":"Thunderclap","floor":2},{"not_picked":["Thunderclap","Cleave"],"picked":"Flex","floor":7},{"not_picked":["Anger","Thunderclap","Iron Wave"],"picked":"SKIP","floor":8},{"not_picked":["Sever Soul","Whirlwind"],"picked":"Barricade+1","floor":11},{"not_picked":["Evolve+1","Clothesline","Perfected Strike"],"picked":"SKIP","floor":12},{"not_picked":["Dual Wield","Heavy Blade","Body Slam"],"picked":"SKIP","floor":13},{"not_picked":["Seeing Red","Clothesline"],"picked":"Inflame+1","floor":14},{"not_picked":["Double Tap","Impervious"],"picked":"Reaper","floor":16},{"not_picked":["Sever Soul","True Grit"],"picked":"Cleave+1","floor":18},{"not_picked":["Dual Wield","Infernal Blade","Perfected Strike+1"],"picked":"SKIP","floor":22},{"not_picked":["Fire Breathing+1","Rage"],"picked":"Heavy Blade+1","floor":24},{"not_picked":["Shrug It Off","Sever Soul","Whirlwind"],"picked":"SKIP","floor":27},{"not_picked":["Flex","Iron Wave+1","Sentinel"],"picked":"SKIP","floor":30},{"not_picked":["Burning Pact","Wild Strike"],"picked":"Thunderclap+1","floor":31}],"player_experience":332572,"relics_obtained":[{"floor":7,"key":"Sundial"},{"floor":9,"key":"Frozen Egg 2"},{"floor":14,"key":"Torii"},{"floor":26,"key":"Bronze Scales"},{"floor":27,"key":"Nunchaku"}],"event_choices":[{"damage_healed":0,"gold_gain":75,"player_choice":"Gather Gold","damage_taken":11,"max_hp_gain":0,"max_hp_loss":0,"event_name":"World of Goop","floor":3,"gold_loss":0},{"cards_removed":["Strike_R"],"damage_healed":0,"gold_gain":0,"player_choice":"Offered Basic","damage_taken":0,"max_hp_gain":0,"max_hp_loss":0,"event_name":"Bonfire Elementals","floor":5,"gold_loss":0},{"damage_healed":0,"gold_gain":0,"player_choice":"Searched \u00271\u0027 times","damage_taken":0,"max_hp_gain":0,"max_hp_loss":0,"event_name":"Dead Adventurer","floor":14,"gold_loss":0},{"damage_healed":0,"gold_gain":0,"player_choice":"Fight","damage_taken":0,"max_hp_gain":0,"max_hp_loss":0,"event_name":"Colosseum","floor":19,"gold_loss":0},{"damage_healed":0,"gold_gain":0,"player_choice":"Fled From Nobs","damage_taken":0,"max_hp_gain":0,"max_hp_loss":0,"event_name":"Colosseum","floor":19,"gold_loss":0},{"damage_healed":0,"gold_gain":0,"player_choice":"Shed Blood","damage_taken":20,"max_hp_gain":5,"max_hp_loss":0,"event_name":"Forgotten Altar","floor":20,"gold_loss":0},{"damage_healed":0,"gold_gain":0,"player_choice":"Inject Mutagens","damage_taken":0,"relics_obtained":["MutagenicStrength"],"max_hp_gain":0,"max_hp_loss":0,"event_name":"Drug Dealer","floor":28,"gold_loss":0}],"is_beta":false,"boss_relics":[{"not_picked":["Philosopher\u0027s Stone","Cursed Key"],"picked":"Runic Cube"}],"items_purged_floors":[4],"is_endless":false,"potions_floor_spawned":[2,8,12,16,19,27,30],"killed_by":"Champ","ascension_level":2}