{"gold_per_floor":[111,111,124,124,7,7,30,66,113,113,126,126,145,186,186,186],"floor_reached":16,"playtime":1052,"items_purged":["Strike_B"],"score":209,"play_id":"32848f81-b44c-4eea-8c57-7f21a374c766","local_time":"20190318094153","is_ascension_mode":true,"campfire_choices":[{"data":"Fusion","floor":6,"key":"SMITH"},{"data":"Defragment","floor":10,"key":"SMITH"},{"floor":12,"key":"REST"},{"floor":15,"key":"REST"}],"neow_cost":"NONE","seed_source_timestamp":2692615471724,"circlet_count":0,"master_deck":["AscendersBane","Strike_B","Strike_B","Strike_B","Defend_B","Defend_B","Defend_B","Defend_B","Zap","Dualcast","Leap","Fusion+1","Capacitor","Leap","Defragment+1","Undo","Barrage","White Noise"],"relics":["Cracked Core","Golden Idol","Regal Pillow","Orichalcum","Blue Candle"],"potions_floor_usage":[8,13,14,14],"damage_taken":[{"damage":10,"enemies":"2 Louse","floor":1,"turns":3},{"damage":2,"enemies":"Jaw Worm","floor":3,"turns":4},{"damage":1,"enemies":"Cultist","floor":7,"turns":4},{"damage":24,"enemies":"Lagavulin","floor":8,"turns":7},{"damage":20,"enemies":"Large Slime","floor":11,"turns":9},{"damage":1,"enemies":"2 Fungi Beasts","floor":13,"turns":4},{"damage":42,"enemies":"Gremlin Nob","floor":14,"turns":6},{"damage":42,"enemies":"Slime Boss","floor":16,"turns":11}],"seed_played":"-7329536233586344739","potions_obtained":[{"floor":0,"key":"PowerPotion"},{"floor":0,"key":"FairyPotion"},{"floor":7,"key":"FearPotion"},{"floor":11,"key":"FearPotion"},{"floor":13,"key":"Energy Potion"}],"is_trial":false,"path_per_floor":["M","?","M","?","$","R","M","E","T","R","M","R","M","E","R","B"],"character_chosen":"DEFECT","items_purchased":["Capacitor"],"campfire_rested":2,"item_purchase_floors":[5],"current_hp_per_floor":[54,59,57,57,57,57,56,32,32,32,12,47,46,4,39,0],"gold":186,"neow_bonus":"THREE_SMALL_POTIONS","is_prod":false,"is_daily":false,"chose_seed":false,"campfire_upgraded":2,"win_rate":0,"timestamp":1552916513,"path_taken":["M","?","M","?","$","R","?","E","T","R","M","R","M","E","R","BOSS"],"build_version":"2019-03-15","purchased_purges":1,"victory":false,"max_hp_per_floor":[71,76,76,69,69,69,69,69,69,69,69,69,69,69,69,69],"card_choices":[{"not_picked":["Barrage","Sweeping Beam"],"picked":"Leap","floor":1},{"not_picked":["Stack","Turbo"],"picked":"Fusion","floor":3},{"not_picked":["Double Energy","Force Field"],"picked":"Leap","floor":7},{"not_picked":["Chill","Compile Driver"],"picked":"Defragment","floor":8},{"not_picked":["Force Field","Stack"],"picked":"Undo","floor":11},{"not_picked":["Streamline","Storm"],"picked":"Barrage","floor":13},{"not_picked":["Force Field","Multi-Cast"],"picked":"White Noise","floor":14}],"player_experience":553676,"relics_obtained":[{"floor":8,"key":"Regal Pillow"},{"floor":9,"key":"Orichalcum"},{"floor":14,"key":"Blue Candle"}],"event_choices":[{"damage_healed":0,"gold_gain":0,"player_choice":"Donut","damage_taken":0,"max_hp_gain":5,"max_hp_loss":0,"event_name":"Big Fish","floor":2,"gold_loss":0},{"damage_healed":0,"gold_gain":0,"player_choice":"Lose Max HP","damage_taken":0,"relics_obtained":["Golden Idol"],"max_hp_gain":0,"max_hp_loss":7,"event_name":"Golden Idol","floor":4,"gold_loss":0}],"is_beta":true,"boss_relics":[],"items_purged_floors":[5],"is_endless":false,"potions_floor_spawned":[7,11,13],"killed_by":"Slime Boss","ascension_level":18}