{"gold_per_floor":[118,131,131,145,164,164,194,119,119,137,151,226,253,253,253,353,403,417,417,417,317,192,192,209,225,295,313,332,357,357,368,368,472,472,490,590,590,602,452,452,478,493,520,520,531,356,375,375,375,375],"floor_reached":51,"playtime":1615,"items_purged":["Strike_R","Defend_R","Defend_R","Defend_R","Defend_R+1"],"score":784,"play_id":"90c95d6b-c49e-4d9c-9db0-93d6ab4b9bbe","local_time":"20190316131143","is_ascension_mode":false,"campfire_choices":[{"data":"Bash","floor":6.0,"key":"SMITH"},{"data":"Defend_R","floor":15.0,"key":"SMITH"},{"data":"Spot Weakness","floor":23,"key":"SMITH"},{"floor":32,"key":"REST"},{"floor":49,"key":"REST"}],"neow_cost":"NONE","seed_source_timestamp":289710189166065,"circlet_count":0,"master_deck":["Bash+1","Thunderclap","Spot Weakness+1","Dropkick","Dropkick+1","Thunderclap"],"special_seed":0,"relics":["Black Blood","Charon\u0027s Ashes","Dodecahedron","Mummified Hand","Tiny House","Bottled Lightning","Gremlin Horn","MutagenicStrength","FossilizedHelix","Darkstone Periapt","Incense Burner","War Paint"],"potions_floor_usage":[25,29,29,36,50,50,50],"damage_taken":[{"damage":5.0,"enemies":"Small Slimes","floor":1.0,"turns":4.0},{"damage":6.0,"enemies":"Cultist","floor":2.0,"turns":4.0},{"damage":11.0,"enemies":"Jaw Worm","floor":4.0,"turns":2.0},{"damage":6.0,"enemies":"Large Slime","floor":5.0,"turns":3.0},{"damage":16.0,"enemies":"Lagavulin","floor":7.0,"turns":5.0},{"damage":20.0,"enemies":"Exordium Wildlife","floor":10.0,"turns":5.0},{"damage":6.0,"enemies":"Lots of Slimes","floor":11.0,"turns":3.0},{"damage":31.0,"enemies":"3 Sentries","floor":13.0,"turns":4.0},{"damage":9.0,"enemies":"The Guardian","floor":16.0,"turns":8.0},{"damage":0,"enemies":"3 Byrds","floor":18,"turns":3},{"damage":16,"enemies":"Spheric Guardian","floor":24,"turns":4},{"damage":22,"enemies":"Snecko","floor":25,"turns":5},{"damage":20,"enemies":"Cultist and Chosen","floor":27,"turns":4},{"damage":16,"enemies":"Centurion and Healer","floor":28,"turns":6},{"damage":22,"enemies":"Book of Stabbing","floor":29,"turns":3},{"damage":0,"enemies":"Snake Plant","floor":31,"turns":2},{"damage":63,"enemies":"Collector","floor":33,"turns":7},{"damage":13,"enemies":"3 Shapes","floor":35,"turns":4},{"damage":36,"enemies":"Mind Bloom Boss Battle","floor":36,"turns":5},{"damage":17,"enemies":"Orb Walker","floor":38,"turns":3},{"damage":35,"enemies":"Giant Head","floor":41,"turns":6},{"damage":0,"enemies":"3 Darklings","floor":42,"turns":2},{"damage":0,"enemies":"Transient","floor":45,"turns":5},{"damage":32,"enemies":"Writhing Mass","floor":47,"turns":3},{"damage":40,"enemies":"Awakened One","floor":50,"turns":4}],"seed_played":"-1439986708314176879","potions_obtained":[{"floor":5.0,"key":"BloodPotion"},{"floor":7.0,"key":"Swift Potion"},{"floor":10.0,"key":"SkillPotion"},{"floor":11.0,"key":"Weak Potion"},{"floor":13.0,"key":"Weak Potion"},{"floor":17,"key":"BloodPotion"},{"floor":24,"key":"Dexterity Potion"},{"floor":28,"key":"SteroidPotion"},{"floor":33,"key":"Weak Potion"},{"floor":41,"key":"SteroidPotion"},{"floor":47,"key":"SkillPotion"}],"is_trial":false,"path_per_floor":["M","M","?","M","M","R","E","$","T","M","M","?","E","?","R","B",null,"M","?","?","$","$","R","M","M","T","M","M","E","?","M","R","B",null,"M","?","?","M","$","T","E","M","T","?","M","$","M","?","R","B",null],"character_chosen":"IRONCLAD","items_purchased":[],"campfire_rested":2,"item_purchase_floors":[],"current_hp_per_floor":[88,88,88,83,83,83,73,73,73,59,59,48,31,31,31,28,93,93,93,93,93,93,93,83,67,67,53,43,36,36,42,69,12,93,90,64,64,57,57,57,32,42,42,42,52,52,30,35,62,32],"gold":375,"neow_bonus":"TEN_PERCENT_HP_BONUS","is_prod":false,"is_daily":false,"chose_seed":false,"campfire_upgraded":3,"win_rate":0,"timestamp":1552756303,"path_taken":["M","M","?","M","M","R","E","$","T","?","M","?","E","?","R","BOSS","M","?","?","?","$","R","M","?","T","M","M","E","?","M","R","BOSS","M","?","?","M","$","?","E","M","T","?","M","$","?","?","R","BOSS"],"build_version":"2019-03-15","purchased_purges":5,"victory":true,"max_hp_per_floor":[88,88,88,88,88,88,88,88,88,88,88,88,88,88,88,88,93,93,93,93,93,93,93,93,93,93,93,93,93,93,93,93,93,93,93,93,93,93,93,93,93,93,93,93,93,93,93,93,93,93],"card_choices":[{"not_picked":["Clothesline","Wild Strike"],"picked":"Thunderclap","floor":1.0},{"not_picked":["Blood for Blood","Perfected Strike","Sword Boomerang"],"picked":"SKIP","floor":2.0},{"not_picked":["Entrench","Armaments"],"picked":"Spot Weakness","floor":4.0},{"not_picked":["Demon Form","Heavy Blade"],"picked":"Dropkick","floor":5.0},{"not_picked":["Second Wind","Hemokinesis","Dropkick"],"picked":"SKIP","floor":7.0},{"not_picked":["Second Wind","Heavy Blade","Armaments"],"picked":"SKIP","floor":10.0},{"not_picked":["Seeing Red","Hemokinesis","Warcry"],"picked":"SKIP","floor":11.0},{"not_picked":["Wild Strike","Corruption","Headbutt"],"picked":"SKIP","floor":13.0},{"not_picked":["Clothesline","Seeing Red","Havoc+1"],"picked":"SKIP","floor":18},{"not_picked":["Clothesline","Battle Trance+1","Pommel Strike"],"picked":"SKIP","floor":24},{"not_picked":["Headbutt","Battle Trance","Rupture"],"picked":"SKIP","floor":25},{"not_picked":["Flex","Pommel Strike","Infernal Blade"],"picked":"SKIP","floor":27},{"not_picked":["Body Slam+1","Dark Embrace","Flame Barrier+1"],"picked":"SKIP","floor":28},{"not_picked":["Fire Breathing","Body Slam+1","Havoc"],"picked":"SKIP","floor":29},{"not_picked":["Heavy Blade","Body Slam","Iron Wave"],"picked":"SKIP","floor":31},{"not_picked":["Second Wind+1","Cleave","Body Slam"],"picked":"SKIP","floor":35},{"not_picked":["Warcry+1","Fire Breathing+1","Pommel Strike+1"],"picked":"SKIP","floor":38},{"not_picked":["Blood for Blood+1","Fiend Fire","Feel No Pain"],"picked":"SKIP","floor":41},{"not_picked":["Twin Strike","Pommel Strike+1","Entrench+1"],"picked":"SKIP","floor":42},{"not_picked":["Clothesline","Heavy Blade","Infernal Blade"],"picked":"SKIP","floor":45},{"not_picked":["Searing Blow","Thunderclap+1","Whirlwind+1"],"picked":"SKIP","floor":47}],"player_experience":1109248,"relics_obtained":[{"floor":7.0,"key":"Charon\u0027s Ashes"},{"floor":9.0,"key":"Dodecahedron"},{"floor":13.0,"key":"Mummified Hand"},{"floor":26,"key":"Bottled Lightning"},{"floor":29,"key":"Gremlin Horn"},{"floor":36,"key":"FossilizedHelix"},{"floor":40,"key":"Darkstone Periapt"},{"floor":41,"key":"Incense Burner"},{"floor":43,"key":"War Paint"}],"event_choices":[{"damage_healed":0.0,"max_hp_gain":0.0,"max_hp_loss":0.0,"gold_gain":0.0,"cards_transformed":["Strike_R"],"event_name":"Transmorgrifier","player_choice":"Transformed","floor":3.0,"gold_loss":0.0,"damage_taken":0.0,"cards_obtained":["Sword Boomerang"]},{"damage_healed":0.0,"max_hp_gain":0.0,"max_hp_loss":0.0,"gold_gain":75.0,"event_name":"World of Goop","player_choice":"Gather Gold","floor":12.0,"gold_loss":0.0,"damage_taken":11.0},{"damage_healed":0.0,"max_hp_gain":0.0,"max_hp_loss":0.0,"gold_gain":0.0,"cards_transformed":["Strike_R"],"event_name":"Living Wall","player_choice":"Change","floor":14.0,"gold_loss":0.0,"damage_taken":0.0,"cards_obtained":["Dropkick"]},{"damage_healed":0,"gold_gain":0,"player_choice":"Ignored","damage_taken":0,"max_hp_gain":0,"max_hp_loss":0,"event_name":"Vampires","floor":19,"gold_loss":0},{"cards_removed":["Strike_R"],"damage_healed":0,"gold_gain":0,"player_choice":"Elegance","damage_taken":0,"max_hp_gain":0,"max_hp_loss":0,"event_name":"Back to Basics","floor":20,"gold_loss":0},{"damage_healed":0,"gold_gain":0,"player_choice":"Inject Mutagens","damage_taken":0,"relics_obtained":["MutagenicStrength"],"max_hp_gain":0,"max_hp_loss":0,"event_name":"Drug Dealer","floor":30,"gold_loss":0},{"damage_healed":0,"gold_gain":0,"player_choice":"Fight","damage_taken":0,"max_hp_gain":0,"max_hp_loss":0,"event_name":"MindBloom","floor":36,"gold_loss":0},{"damage_healed":0,"gold_gain":0,"player_choice":"Ignored","damage_taken":0,"max_hp_gain":0,"max_hp_loss":0,"event_name":"Tomb of Lord Red Mask","floor":37,"gold_loss":0},{"damage_healed":0,"gold_gain":0,"cards_transformed":["Strike_R"],"player_choice":"Transformed","damage_taken":0,"max_hp_gain":0,"max_hp_loss":0,"event_name":"Transmorgrifier","floor":44,"gold_loss":0,"cards_obtained":["Thunderclap"]},{"cards_removed":["Sword Boomerang"],"damage_healed":5,"gold_gain":0,"player_choice":"Offered Common","damage_taken":0,"max_hp_gain":0,"max_hp_loss":0,"event_name":"Bonfire Elementals","floor":48,"gold_loss":0},{"cards_removed":["Sword Boomerang"],"damage_healed":5,"gold_gain":0,"player_choice":"Offered Special","damage_taken":0,"max_hp_gain":0,"max_hp_loss":0,"event_name":"Bonfire Elementals","floor":48,"gold_loss":0}],"is_beta":true,"boss_relics":[{"not_picked":["Pandora\u0027s Box","Snecko Eye"],"picked":"Tiny House"},{"not_picked":["Black Star","Eternal Feather"],"picked":"Black Blood"}],"items_purged_floors":[8,21,22,39,46],"is_endless":false,"potions_floor_spawned":[5,7,10,11,13,24,28,33,41,47],"ascension_level":0}