{"gold_per_floor":[111,129,144,144,319,319,357,371,371,371,405,24,24,49,49,180,180,198,5,5,20,43,81,81,104,158,176,196,196,18,18,18,138,138,154,154,9,27,43,87,87,0,24,67,82,82,82,103,103,103],"floor_reached":51,"playtime":2349,"items_purged":["Doubt"],"score":990,"play_id":"bbc5479c-bf53-4717-b457-c785b5e5fbb9","local_time":"20181221040636","is_ascension_mode":true,"campfire_choices":[{"data":"Whirlwind","floor":6,"key":"SMITH"},{"data":"Perfected Strike","floor":10,"key":"SMITH"},{"data":"Iron Wave","floor":15,"key":"SMITH"},{"data":"Bash","floor":24,"key":"SMITH"},{"data":"Barricade","floor":32,"key":"SMITH"},{"floor":41,"key":"REST"},{"data":"Impervious","floor":46,"key":"SMITH"},{"data":"Disarm","floor":49,"key":"SMITH"}],"neow_cost":"NONE","seed_source_timestamp":182002441895982,"circlet_count":0,"master_deck":["Strike_R","Strike_R","Strike_R","Strike_R","Strike_R","Defend_R","Defend_R","Bash+1","Perfected Strike","Whirlwind+1","Iron Wave+1","Perfected Strike+1","Shrug It Off","Feed+1","Infernal Blade+1","Thunderclap","Flash of Steel","Impervious+1","Headbutt","Ghostly Armor","Twin Strike+1","Twin Strike","Barricade+1","Impervious","Flex","Limit Break","Disarm+1","Spot Weakness","Inflame","Iron Wave","Shrug It Off","Perfected Strike","Dark Embrace","Flex+1"],"relics":["Burning Blood","NeowsBlessing","Golden Idol","Happy Flower","Blood Vial","Meat on the Bone","Membership Card","Lantern","Pen Nib","Mark of Pain","Paper Frog","Ancient Tea Set","Vajra","Philosopher\u0027s Stone","OrangePellets","Bottled Flame","Red Mask","Strawberry","Red Skull"],"potions_floor_usage":[7,16,16,16,18,23,23,27,33,40,40,50,50],"damage_taken":[{"damage":0,"enemies":"Cultist","floor":1,"turns":1},{"damage":0,"enemies":"Small Slimes","floor":2,"turns":1},{"damage":0,"enemies":"Jaw Worm","floor":3,"turns":1},{"damage":20,"enemies":"3 Sentries","floor":7,"turns":7},{"damage":10,"enemies":"2 Fungi Beasts","floor":8,"turns":3},{"damage":15,"enemies":"Gremlin Nob","floor":11,"turns":4},{"damage":4,"enemies":"Red Slaver","floor":14,"turns":2},{"damage":24,"enemies":"The Guardian","floor":16,"turns":9},{"damage":2,"enemies":"3 Byrds","floor":18,"turns":5},{"damage":6,"enemies":"2 Thieves","floor":21,"turns":3},{"damage":0,"enemies":"Cultist and Chosen","floor":22,"turns":3},{"damage":18,"enemies":"Book of Stabbing","floor":23,"turns":3},{"damage":4,"enemies":"Centurion and Healer","floor":25,"turns":3},{"damage":10,"enemies":"3 Cultists","floor":27,"turns":5},{"damage":7,"enemies":"Cultist and Chosen","floor":28,"turns":2},{"damage":57,"enemies":"Automaton","floor":33,"turns":11},{"damage":17,"enemies":"3 Shapes","floor":35,"turns":3},{"damage":0,"enemies":"3 Darklings","floor":38,"turns":1},{"damage":47,"enemies":"Maw","floor":39,"turns":6},{"damage":62,"enemies":"Giant Head","floor":40,"turns":9},{"damage":29,"enemies":"Reptomancer","floor":44,"turns":5},{"damage":0,"enemies":"Sphere and 2 Shapes","floor":45,"turns":1},{"damage":13,"enemies":"Spire Growth","floor":48,"turns":4},{"damage":22,"enemies":"Time Eater","floor":50,"turns":5}],"seed_played":"-5768138053981860616","potions_obtained":[{"floor":3,"key":"Regen Potion"},{"floor":8,"key":"Block Potion"},{"floor":13,"key":"Regen Potion"},{"floor":13,"key":"EntropicBrew"},{"floor":21,"key":"SteroidPotion"},{"floor":27,"key":"SteroidPotion"},{"floor":39,"key":"Fruit Juice"},{"floor":40,"key":"AttackPotion"},{"floor":48,"key":"Dexterity Potion"}],"is_trial":false,"path_per_floor":["M","M","M","?","?","R","E","M","T","R","E","$","?","M","R","B",null,"M","$","?","M","M","E","R","M","T","M","M","?","$","?","R","B",null,"M","?","$","M","M","E","R","?","T","E","M","R","?","M","R","B",null],"character_chosen":"IRONCLAD","items_purchased":["Membership Card","Lantern","Pen Nib","Paper Frog","Thunderclap","Flash of Steel","Vajra","Twin Strike","Barricade","OrangePellets","Inflame","Block Potion"],"campfire_rested":1,"item_purchase_floors":[12,12,12,19,19,19,30,30,30,37,37,37],"current_hp_per_floor":[80,80,80,60,60,60,61,57,57,57,50,50,50,54,54,53,73,82,82,82,83,83,71,71,79,79,81,82,64,64,64,64,27,79,74,74,74,82,59,22,54,54,61,52,72,72,61,68,68,66],"gold":103,"neow_bonus":"THREE_ENEMY_KILL","is_prod":false,"is_daily":false,"chose_seed":false,"campfire_upgraded":7,"win_rate":0,"timestamp":1545383196,"path_taken":["M","?","M","?","?","R","E","M","T","R","E","?","?","?","R","BOSS","M","$","?","M","?","E","R","M","T","M","M","?","$","?","R","BOSS","M","?","$","?","M","E","R","?","T","E","M","R","?","M","R","BOSS"],"build_version":"2018-12-20","purchased_purges":1,"victory":true,"max_hp_per_floor":[80,80,80,80,80,80,80,80,80,80,80,80,80,80,80,80,80,83,83,83,83,83,83,83,87,87,91,91,96,96,96,96,96,96,100,100,100,100,104,109,109,109,116,116,116,116,116,116,116,116],"card_choices":[{"not_picked":["True Grit","Burning Pact"],"picked":"Perfected Strike","floor":1},{"not_picked":["Body Slam","Disarm"],"picked":"Whirlwind","floor":2},{"not_picked":["Power Through","Havoc"],"picked":"Iron Wave","floor":3},{"not_picked":["Combust","Shockwave"],"picked":"Perfected Strike","floor":7},{"not_picked":["Cleave","Sword Boomerang","True Grit"],"picked":"SKIP","floor":8},{"not_picked":["Power Through","Clash"],"picked":"Shrug It Off","floor":11},{"not_picked":["Flex","Armaments","Warcry"],"picked":"SKIP","floor":14},{"not_picked":["Reaper","Demon Form"],"picked":"Feed","floor":16},{"not_picked":["Feel No Pain","Sentinel"],"picked":"Infernal Blade+1","floor":18},{"not_picked":["Body Slam+1","Bloodletting+1","Havoc"],"picked":"SKIP","floor":21},{"not_picked":["Sword Boomerang+1","Flex+1","True Grit"],"picked":"SKIP","floor":22},{"not_picked":["Sentinel","Warcry"],"picked":"Impervious","floor":23},{"not_picked":["Sword Boomerang+1","Power Through+1"],"picked":"Headbutt","floor":25},{"not_picked":["Clothesline","Seeing Red"],"picked":"Ghostly Armor","floor":27},{"not_picked":["Inflame","Thunderclap+1"],"picked":"Twin Strike+1","floor":28},{"not_picked":["Brutality","Barricade"],"picked":"Limit Break","floor":33},{"not_picked":["Anger+1","Warcry"],"picked":"Disarm","floor":35},{"not_picked":["Headbutt+1","Intimidate"],"picked":"Iron Wave","floor":38},{"not_picked":["Flex","Cleave"],"picked":"Shrug It Off","floor":39},{"not_picked":["Uppercut","Spot Weakness"],"picked":"Perfected Strike","floor":40},{"not_picked":["Flame Barrier+1","Clothesline"],"picked":"Dark Embrace","floor":44},{"not_picked":["Sword Boomerang+1","Headbutt+1"],"picked":"Flex+1","floor":45},{"not_picked":["Armaments","Body Slam","Warcry"],"picked":"SKIP","floor":48}],"player_experience":158153,"relics_obtained":[{"floor":7,"key":"Happy Flower"},{"floor":9,"key":"Blood Vial"},{"floor":11,"key":"Meat on the Bone"},{"floor":23,"key":"Ancient Tea Set"},{"floor":40,"key":"Bottled Flame"},{"floor":43,"key":"Strawberry"},{"floor":44,"key":"Red Skull"}],"event_choices":[{"damage_healed":0,"gold_gain":0,"player_choice":"Take Damage","damage_taken":20,"relics_obtained":["Golden Idol"],"max_hp_gain":0,"max_hp_loss":0,"event_name":"Golden Idol","floor":4,"gold_loss":0},{"damage_healed":0,"gold_gain":175,"player_choice":"AGREE","damage_taken":0,"max_hp_gain":0,"max_hp_loss":0,"event_name":"Liars Game","floor":5,"gold_loss":0,"cards_obtained":["Doubt"]},{"damage_healed":0,"gold_gain":0,"player_choice":"Got Potions","damage_taken":0,"max_hp_gain":0,"max_hp_loss":0,"event_name":"Lab","floor":13,"gold_loss":0},{"damage_healed":0,"gold_gain":0,"player_choice":"Forge","damage_taken":0,"max_hp_gain":0,"max_hp_loss":0,"event_name":"Accursed Blacksmith","floor":20,"gold_loss":0,"cards_upgraded":["Feed"]},{"damage_healed":0,"gold_gain":0,"player_choice":"Shed Blood","damage_taken":23,"max_hp_gain":5,"max_hp_loss":0,"event_name":"Forgotten Altar","floor":29,"gold_loss":0},{"damage_healed":0,"gold_gain":0,"cards_transformed":["Defend_R","Defend_R"],"player_choice":"Became Test Subject","damage_taken":0,"max_hp_gain":0,"max_hp_loss":0,"event_name":"Drug Dealer","floor":31,"gold_loss":0,"cards_obtained":["Impervious","Flex"]},{"damage_healed":0,"gold_gain":0,"player_choice":"1 cards matched","damage_taken":0,"max_hp_gain":0,"max_hp_loss":0,"event_name":"Match and Keep!","floor":36,"gold_loss":0,"cards_obtained":["Spot Weakness"]},{"damage_healed":0,"gold_gain":0,"player_choice":"Paid","damage_taken":0,"relics_obtained":["Red Mask"],"max_hp_gain":0,"max_hp_loss":0,"event_name":"Tomb of Lord Red Mask","floor":42,"gold_loss":87},{"damage_healed":0,"gold_gain":0,"player_choice":"Damaged","damage_taken":11,"max_hp_gain":0,"max_hp_loss":0,"event_name":"Wheel of Change","floor":47,"gold_loss":0}],"is_beta":true,"boss_relics":[{"not_picked":["Orrery","Pandora\u0027s Box"],"picked":"Mark of Pain"},{"not_picked":["Lizard Tail","Runic Pyramid"],"picked":"Philosopher\u0027s Stone"}],"items_purged_floors":[12],"is_endless":false,"potions_floor_spawned":[3,8,14,21,27,39,40,48],"ascension_level":5}