{"gold_per_floor":[140,154,154,154,119,119,119,144,171,197,212,212,212,228,228,228],"floor_reached":16,"playtime":351,"items_purged":[],"score":196,"play_id":"0c36a8db-95dc-4ae8-9a80-7b28d689c69f","local_time":"20180920215922","is_ascension_mode":true,"campfire_choices":[{"data":"Dualcast","floor":6,"key":"SMITH"},{"data":"Zap","floor":15,"key":"SMITH"}],"neow_cost":"NONE","seed_source_timestamp":652225533216347,"circlet_count":0,"master_deck":["Strike_B","Strike_B","Strike_B","Strike_B","Defend_B+1","Defend_B+1","Defend_B","Defend_B","Zap+1","Dualcast+1","AscendersBane","Defragment+1","Capacitor","Defragment","Leap"],"relics":["Cracked Core","Tiny Chest","Centennial Puzzle","Anchor","Ancient Tea Set","Boot","Lantern","War Paint"],"potions_floor_usage":[8,14,16],"damage_taken":[{"damage":12,"enemies":"Small Slimes","floor":1,"turns":4},{"damage":1,"enemies":"Cultist","floor":2,"turns":3},{"damage":25,"enemies":"3 Sentries","floor":8,"turns":7},{"damage":0,"enemies":"Jaw Worm","floor":11,"turns":2},{"damage":0,"enemies":"2 Fungi Beasts","floor":14,"turns":2},{"damage":26,"enemies":"Hexaghost","floor":16,"turns":9}],"seed_played":"473200895725930896","potions_obtained":[{"floor":1,"key":"Swift Potion"},{"floor":2,"key":"Explosive Potion"},{"floor":11,"key":"Swift Potion"}],"is_trial":false,"path_per_floor":["M","M","?","?","?","R","?","E","T","T","M","T","T","M","R"],"character_chosen":"DEFECT","items_purchased":[],"campfire_rested":0,"item_purchase_floors":[],"current_hp_per_floor":[52,51,51,33,50,50,50,25,25,25,25,25,25,25,25,0],"gold":228,"neow_bonus":"RANDOM_COMMON_RELIC","is_prod":false,"is_daily":false,"chose_seed":false,"campfire_upgraded":2,"win_rate":0,"timestamp":1537495162,"path_taken":["M","M","?","?","?","R","?","E","T","?","M","?","?","M","R","BOSS"],"build_version":"2018-09-20","purchased_purges":0,"victory":false,"max_hp_per_floor":[71,71,71,71,71,71,71,71,71,71,71,71,71,71,71,71],"card_choices":[{"not_picked":["FTL","Hello World"],"picked":"Defragment","floor":1},{"not_picked":["Compile Driver","Cold Snap"],"picked":"Capacitor","floor":2},{"not_picked":["Gash","Turbo"],"picked":"Defragment","floor":8},{"not_picked":["Capacitor","Redo","Sweeping Beam"],"picked":"SKIP","floor":11},{"not_picked":["Double Energy","Sweeping Beam"],"picked":"Leap","floor":14}],"player_experience":861232,"relics_obtained":[{"floor":8,"key":"Anchor"},{"floor":9,"key":"Ancient Tea Set"},{"floor":10,"key":"Boot"},{"floor":12,"key":"Lantern"},{"floor":13,"key":"War Paint"}],"event_choices":[{"event_name":"Liars Game","player_choice":"disagreed","floor":3,"damage_taken":0},{"event_name":"Scrap Ooze","player_choice":"success","floor":4,"damage_taken":18},{"event_name":"The Cleric","player_choice":"Healed","floor":5,"damage_taken":0},{"event_name":"Living Wall","player_choice":"Grow","floor":7,"damage_taken":0}],"is_beta":false,"boss_relics":[],"items_purged_floors":[],"is_endless":false,"potions_floor_spawned":[1,2,11],"killed_by":"Hexaghost","ascension_level":20}