{"gold_per_floor":[110,110,129,54,66,97,97,112,183,212,212,222,222,239,239,334,334,334,27,27,27,27,27,27,27,27,27,27,27,27,27,27,27,27,27,27,27,27,27,27,27,27,27,27,27,27,27,27,27,27],"floor_reached":51,"playtime":3589,"items_purged":["Decay","Strike_R"],"score":1434,"play_id":"3aa4d2d0-e5d0-4023-bb36-50d0aa133a2a","local_time":"20190204193413","is_ascension_mode":true,"campfire_choices":[{"data":"Armaments","floor":7,"key":"SMITH"},{"data":"Clothesline","floor":11,"key":"SMITH"},{"data":"Disarm","floor":13,"key":"SMITH"},{"data":"Flame Barrier","floor":15,"key":"SMITH"},{"data":"Barricade","floor":23,"key":"SMITH"},{"data":"Body Slam","floor":25,"key":"SMITH"},{"data":"Bash","floor":32,"key":"SMITH"},{"data":"Corruption","floor":40,"key":"SMITH"},{"data":"Body Slam","floor":45,"key":"SMITH"},{"data":"Discovery","floor":49,"key":"SMITH"}],"neow_cost":"NONE","seed_source_timestamp":47982448939136,"circlet_count":0,"master_deck":["AscendersBane","Strike_R+1","Defend_R","Defend_R","Defend_R","Defend_R","Bash+1","Armaments+1","Body Slam+1","Clothesline+1","Disarm","Burning Pact","Disarm+1","Flame Barrier+1","Barricade+1","Iron Wave+1","Impervious","Feed","Shrug It Off","Ghostly","Ghostly","Ghostly","Ghostly","Ghostly","True Grit+1","Headbutt+1","Spot Weakness+1","RitualDagger","Corruption+1","Hemokinesis+1","Exhume+1","Clothesline+1","Disarm","Deep Breath","Discovery+1","Uppercut+1","Pommel Strike+1","Flame Barrier+1","Body Slam+1","Shrug It Off+1","Flame Barrier+1"],"relics":["Burning Blood","StoneCalendar","Sundial","Art of War","Ectoplasm","Red Skull","Dream Catcher","Whetstone","Matryoshka","Astrolabe","Charon\u0027s Ashes","Strawberry","Orichalcum","Kunai","Pen Nib","Bag of Preparation","Boot"],"potions_floor_usage":[0,6,10,27,35,50,50],"damage_taken":[{"damage":6,"enemies":"Jaw Worm","floor":1,"turns":5},{"damage":3,"enemies":"Cultist","floor":3,"turns":3},{"damage":9,"enemies":"2 Louse","floor":5,"turns":3},{"damage":28,"enemies":"Gremlin Nob","floor":6,"turns":5},{"damage":21,"enemies":"Large Slime","floor":8,"turns":7},{"damage":8,"enemies":"Lagavulin","floor":10,"turns":7},{"damage":21,"enemies":"Exordium Wildlife","floor":12,"turns":6},{"damage":5,"enemies":"Blue Slaver","floor":14,"turns":5},{"damage":4,"enemies":"The Guardian","floor":16,"turns":13},{"damage":14,"enemies":"Shell Parasite","floor":18,"turns":7},{"damage":0,"enemies":"3 Byrds","floor":20,"turns":4},{"damage":0,"enemies":"Sentry and Sphere","floor":22,"turns":10},{"damage":5,"enemies":"Book of Stabbing","floor":24,"turns":8},{"damage":9,"enemies":"Gremlin Leader","floor":27,"turns":8},{"damage":2,"enemies":"Centurion and Healer","floor":28,"turns":7},{"damage":16,"enemies":"Book of Stabbing","floor":29,"turns":11},{"damage":0,"enemies":"Snake Plant","floor":31,"turns":7},{"damage":0,"enemies":"Collector","floor":33,"turns":9},{"damage":1,"enemies":"3 Darklings","floor":35,"turns":5},{"damage":1,"enemies":"Mind Bloom Boss Battle","floor":37,"turns":11},{"damage":0,"enemies":"3 Shapes","floor":38,"turns":5},{"damage":0,"enemies":"Nemesis","floor":41,"turns":7},{"damage":1,"enemies":"Maw","floor":42,"turns":10},{"damage":1,"enemies":"4 Shapes","floor":44,"turns":3},{"damage":21,"enemies":"Giant Head","floor":46,"turns":10},{"damage":0,"enemies":"Sphere and 2 Shapes","floor":47,"turns":7},{"damage":0,"enemies":"Awakened One","floor":50,"turns":11}],"seed_played":"-4847077942649514163","potions_obtained":[{"floor":0,"key":"Fruit Juice"},{"floor":0,"key":"BloodPotion"},{"floor":0,"key":"PowerPotion"},{"floor":8,"key":"Swift Potion"},{"floor":12,"key":"Energy Potion"},{"floor":27,"key":"Explosive Potion"},{"floor":41,"key":"EssenceOfSteel"}],"is_trial":false,"path_per_floor":["M","?","M","$","M","E","R","M","T","E","R","M","R","M","R","B",null,"M","$","M","?","M","R","E","R","T","E","M","E","?","M","R","B",null,"M","?","?","M","T","R","E","M","T","M","R","E","M","$","R","B",null],"character_chosen":"IRONCLAD","items_purchased":["Impervious","Feed"],"campfire_rested":0,"item_purchase_floors":[19,19],"current_hp_per_floor":[77,77,80,80,77,63,63,48,48,46,46,31,31,32,32,34,72,64,64,73,44,47,47,47,47,47,48,51,44,38,44,44,54,57,58,53,61,64,71,71,71,71,71,71,71,56,62,62,62,68],"gold":27,"neow_bonus":"THREE_SMALL_POTIONS","is_prod":false,"is_daily":false,"chose_seed":false,"campfire_upgraded":10,"win_rate":0,"timestamp":1549326853,"path_taken":["M","?","M","$","M","E","R","M","T","E","R","M","R","M","R","BOSS","M","$","M","?","M","R","E","R","T","E","M","E","?","M","R","BOSS","M","?","?","M","?","R","E","M","T","M","R","E","M","?","R","BOSS"],"build_version":"2019-01-23","purchased_purges":2,"victory":true,"max_hp_per_floor":[85,85,85,85,85,85,85,85,85,85,85,85,85,85,85,85,85,85,85,88,44,47,47,47,47,47,51,51,54,54,54,54,58,58,58,58,61,64,71,71,71,71,71,71,71,71,71,71,71,71],"card_choices":[{"not_picked":["Flex","Power Through"],"picked":"Armaments","floor":1},{"not_picked":["Warcry","Sword Boomerang"],"picked":"Body Slam","floor":3},{"not_picked":["Cleave","Headbutt"],"picked":"Clothesline","floor":5},{"not_picked":["Cleave","Offering"],"picked":"Disarm","floor":6},{"not_picked":["Perfected Strike","Anger","Twin Strike"],"picked":"SKIP","floor":8},{"not_picked":["Wild Strike","Pummel"],"picked":"Burning Pact","floor":10},{"not_picked":["Body Slam","Reckless Charge"],"picked":"Disarm","floor":12},{"not_picked":["Brutality","Perfected Strike"],"picked":"Flame Barrier","floor":14},{"not_picked":["Juggernaut","Impervious"],"picked":"Barricade","floor":16},{"not_picked":["Burning Pact","Cleave"],"picked":"Iron Wave","floor":18},{"not_picked":["Sword Boomerang","Searing Blow"],"picked":"Shrug It Off","floor":20},{"not_picked":["Evolve","Havoc","Bloodletting"],"picked":"SKIP","floor":22},{"not_picked":["Double Tap","Searing Blow"],"picked":"True Grit+1","floor":24},{"not_picked":["Cleave","Hemokinesis"],"picked":"Headbutt+1","floor":27},{"not_picked":["Clothesline","Rampage"],"picked":"Spot Weakness+1","floor":28},{"not_picked":["Heavy Blade","Iron Wave","Second Wind"],"picked":"SKIP","floor":29},{"not_picked":["Pommel Strike","Infernal Blade"],"picked":"Corruption","floor":31},{"not_picked":["Clothesline+1","Havoc+1"],"picked":"Disarm","floor":35},{"not_picked":["Trip","Metamorphosis"],"picked":"Deep Breath","floor":36},{"not_picked":["Master of Strategy","Secret Technique"],"picked":"Discovery","floor":36},{"not_picked":["Ghostly Armor","Warcry"],"picked":"Uppercut+1","floor":37},{"not_picked":["Anger+1","True Grit"],"picked":"Pommel Strike+1","floor":38},{"not_picked":["Spot Weakness+1","Immolate"],"picked":"Flame Barrier+1","floor":41},{"not_picked":["Twin Strike","Rage+1"],"picked":"Body Slam","floor":42},{"not_picked":["Metallicize","Wild Strike"],"picked":"Shrug It Off+1","floor":44},{"not_picked":["Headbutt","Rampage+1","Bloodletting"],"picked":"SKIP","floor":46},{"not_picked":["Wild Strike+1","Heavy Blade+1"],"picked":"Flame Barrier+1","floor":47}],"player_experience":346814,"relics_obtained":[{"floor":6,"key":"StoneCalendar"},{"floor":9,"key":"Sundial"},{"floor":10,"key":"Art of War"},{"floor":24,"key":"Red Skull"},{"floor":26,"key":"Dream Catcher"},{"floor":27,"key":"Whetstone"},{"floor":29,"key":"Matryoshka"},{"floor":37,"key":"Charon\u0027s Ashes"},{"floor":39,"key":"Strawberry"},{"floor":39,"key":"Orichalcum"},{"floor":41,"key":"Kunai"},{"floor":43,"key":"Pen Nib"},{"floor":43,"key":"Bag of Preparation"},{"floor":46,"key":"Boot"}],"event_choices":[{"damage_healed":0,"gold_gain":0,"player_choice":"Cursed","damage_taken":0,"max_hp_gain":0,"max_hp_loss":0,"event_name":"Wheel of Change","floor":2,"gold_loss":0,"cards_obtained":["Decay"]},{"damage_healed":0,"gold_gain":0,"player_choice":"Became a Ghost","damage_taken":0,"max_hp_gain":0,"max_hp_loss":44,"event_name":"Ghosts","floor":21,"gold_loss":0,"cards_obtained":["Ghostly","Ghostly","Ghostly","Ghostly","Ghostly"]},{"damage_healed":0,"gold_gain":0,"player_choice":"Joined the Cult","damage_taken":6,"max_hp_gain":0,"max_hp_loss":0,"event_name":"Nest","floor":30,"gold_loss":0,"cards_obtained":["RitualDagger"]},{"damage_healed":0,"gold_gain":0,"player_choice":"Memory 2","damage_taken":5,"max_hp_gain":0,"max_hp_loss":0,"event_name":"SensoryStone","floor":36,"gold_loss":0},{"damage_healed":0,"gold_gain":0,"player_choice":"Fight","damage_taken":0,"max_hp_gain":0,"max_hp_loss":0,"event_name":"MindBloom","floor":37,"gold_loss":0}],"is_beta":true,"boss_relics":[{"not_picked":["Orrery","Black Blood"],"picked":"Ectoplasm"},{"not_picked":["Philosopher\u0027s Stone","Fusion Hammer"],"picked":"Astrolabe"}],"items_purged_floors":[4,19],"is_endless":false,"potions_floor_spawned":[5,8,12,16,24,27,31,41,44,46,47],"ascension_level":11}