{"gold_per_floor":[367,1,76,76,89,89,124,124,124,124,174,186,199,227,227,305,305,322,322,341,391,408,434,434,446,446,460,494,494,510,543,543,616,616,627,117,60,73,14,14,46,59,59,71,104,204,233,280,280,280,280,280,280,9,35,35],"floor_reached":57,"playtime":7276,"items_purged":["Strike_G"],"score":2916,"play_id":"024c024a-59c7-424e-bc4c-96492ea11852","local_time":"20190218193819","is_ascension_mode":true,"campfire_choices":[{"data":"Cloak And Dagger","floor":6.0,"key":"SMITH"},{"data":"Neutralize","floor":8.0,"key":"SMITH"},{"floor":10.0,"key":"REST"},{"data":"Dagger Spray","floor":15.0,"key":"SMITH"},{"floor":24.0,"key":"REST"},{"data":"Tools of the Trade","floor":29.0,"key":"SMITH"},{"floor":32.0,"key":"REST"},{"floor":40.0,"key":"REST"},{"floor":49.0,"key":"RECALL"},{"floor":53.0,"key":"REST"}],"neow_cost":"TEN_PERCENT_HP_LOSS","seed_source_timestamp":0,"circlet_count":0,"master_deck":["AscendersBane","Defend_G","Defend_G","Defend_G+1","Defend_G+1","Defend_G","Strike_G","Survivor","Neutralize+1","Quick Slash","Infinite Blades","Cloak And Dagger+1","Dagger Throw","PiercingWail","Dagger Spray+1","Leg Sweep","Malaise","Wraith Form v2+1","Crippling Poison+1","Quick Slash+1","Blade Dance+1","Finisher","Tools of the Trade+1","Calculated Gamble","Backflip+1","Terror","Blade Dance+1","Reflex","After Image","Well Laid Plans","Well Laid Plans","PiercingWail","Caltrops","PiercingWail","Footwork","Backflip","Malaise","Backflip+1","Cloak And Dagger+1"],"special_seed":0,"relics":["Ring of the Snake","Happy Flower","Du-Vu Doll","Pen Nib","Darkstone Periapt","War Paint","Astrolabe","Boot","Bottled Tornado","The Specimen","Gremlin Horn","Fusion Hammer","Bottled Lightning","Thread and Needle","Strawberry","Blue Candle","Unceasing Top","Shuriken","Ice Cream","Kunai","Gambling Chip"],"potions_floor_usage":[56],"damage_taken":[{"damage":2.0,"enemies":"2 Louse","floor":1.0,"turns":3.0},{"damage":1.0,"enemies":"Small Slimes","floor":5.0,"turns":3.0},{"damage":12.0,"enemies":"3 Sentries","floor":7.0,"turns":6.0},{"damage":0.0,"enemies":"Cultist","floor":12.0,"turns":3.0},{"damage":0.0,"enemies":"3 Louse","floor":13.0,"turns":2.0},{"damage":6.0,"enemies":"Lagavulin","floor":14.0,"turns":5.0},{"damage":11.0,"enemies":"The Guardian","floor":16.0,"turns":12.0},{"damage":0.0,"enemies":"Spheric Guardian","floor":18.0,"turns":5.0},{"damage":5.0,"enemies":"2 Thieves","floor":20.0,"turns":4.0},{"damage":0.0,"enemies":"Cultist and Chosen","floor":22.0,"turns":5.0},{"damage":29.0,"enemies":"Slavers","floor":23.0,"turns":7.0},{"damage":9.0,"enemies":"Snake Plant","floor":25.0,"turns":6.0},{"damage":5.0,"enemies":"Centurion and Healer","floor":27.0,"turns":6.0},{"damage":0.0,"enemies":"Book of Stabbing","floor":28.0,"turns":3.0},{"damage":9.0,"enemies":"Chosen and Byrds","floor":30.0,"turns":5.0},{"damage":16.0,"enemies":"Slavers","floor":31.0,"turns":5.0},{"damage":24.0,"enemies":"Collector","floor":33.0,"turns":7.0},{"damage":2.0,"enemies":"3 Darklings","floor":35.0,"turns":4.0},{"damage":0.0,"enemies":"Orb Walker","floor":38.0,"turns":3.0},{"damage":0.0,"enemies":"Nemesis","floor":41.0,"turns":5.0},{"damage":0.0,"enemies":"Maw","floor":42.0,"turns":6.0},{"damage":0.0,"enemies":"Sphere and 2 Shapes","floor":44.0,"turns":6.0},{"damage":0.0,"enemies":"Giant Head","floor":45.0,"turns":7.0},{"damage":0.0,"enemies":"Mind Bloom Boss Battle","floor":46.0,"turns":7.0},{"damage":1.0,"enemies":"Nemesis","floor":47.0,"turns":8.0},{"damage":0.0,"enemies":"2 Orb Walkers","floor":48.0,"turns":3.0},{"damage":17.0,"enemies":"Awakened One","floor":50.0,"turns":14.0},{"damage":27.0,"enemies":"Donu and Deca","floor":51.0,"turns":9.0},{"damage":23.0,"enemies":"Shield and Spear","floor":55.0,"turns":9.0},{"damage":37,"enemies":"The Heart","floor":56,"turns":12}],"seed_played":"-6380200186695193821","potions_obtained":[{"floor":1.0,"key":"Strength Potion"},{"floor":7.0,"key":"FearPotion"},{"floor":14.0,"key":"Ancient Potion"},{"floor":18.0,"key":"EntropicBrew"},{"floor":27.0,"key":"FearPotion"},{"floor":33.0,"key":"SkillPotion"},{"floor":35.0,"key":"Poison Potion"},{"floor":47.0,"key":"SkillPotion"},{"floor":48.0,"key":"SneckoOil"}],"is_trial":false,"path_per_floor":["M","$","?","?","M","R","E","R","T","R","?","M","M","E","R","B",null,"M","?","M","?","M","E","R","M","T","M","E","R","M","E","R","B",null,"M","$","?","M","$","R","E","M","T","M","E","?","E","?","R","B","B",null,"R","$","E","B",null],"character_chosen":"THE_SILENT","items_purchased":["Happy Flower","Infinite Blades","Cloak And Dagger","Block Potion","Well Laid Plans","Bottled Lightning","LiquidBronze","PiercingWail","Kunai"],"campfire_rested":5,"item_purchase_floors":[2,2,2,2,36,36,36,39,54],"current_hp_per_floor":[57,57,46,28,27,27,15,15,15,33,27,27,27,21,21,10,48,48,48,43,43,57,28,46,37,37,32,32,32,23,7,25,1,45,43,43,43,43,43,60,67,67,67,67,67,67,66,66,66,49,22,56,67,67,44,7],"gold":35,"neow_bonus":"TWO_FIFTY_GOLD","is_prod":false,"is_daily":false,"chose_seed":false,"campfire_upgraded":4,"win_rate":0,"timestamp":1550536699,"path_taken":["M","$","?","?","M","R","E","R","T","R","?","M","M","E","R","BOSS","M","?","M","?","M","E","R","M","T","M","E","R","M","E","R","BOSS","M","$","?","M","?","R","E","M","T","M","E","?","E","?","R","BOSS","BOSS","R","$","E","BOSS"],"build_version":"2019-01-23","purchased_purges":1,"victory":true,"max_hp_per_floor":[60,60,60,60,60,60,60,60,60,60,60,60,60,60,60,60,60,60,60,60,60,60,60,60,60,60,60,60,60,60,60,60,60,60,60,60,60,60,60,60,67,67,67,67,67,67,67,67,67,67,67,67,67,67,67,67],"card_choices":[{"not_picked":["Finisher","Prepared"],"picked":"Quick Slash","floor":1.0},{"not_picked":["Caltrops","Underhanded Strike"],"picked":"Dagger Throw","floor":5.0},{"not_picked":["Cloak And Dagger","Poisoned Stab"],"picked":"PiercingWail","floor":7.0},{"not_picked":["Noxious Fumes","Endless Agony"],"picked":"Dagger Spray","floor":12.0},{"not_picked":["Tactician","Underhanded Strike","Flying Knee"],"picked":"SKIP","floor":13.0},{"not_picked":["Blade Dance","Unload"],"picked":"Leg Sweep","floor":14.0},{"not_picked":["Storm of Steel","Grand Finale"],"picked":"Malaise","floor":16.0},{"not_picked":["Eviscerate","Choke"],"picked":"Blade Dance+1","floor":18.0},{"not_picked":["Flying Knee","Dagger Throw"],"picked":"Finisher","floor":20.0},{"not_picked":["Expertise+1","Sucker Punch","Blur"],"picked":"SKIP","floor":22.0},{"not_picked":["Sucker Punch","Bane"],"picked":"Tools of the Trade","floor":23.0},{"not_picked":["Catalyst","Sucker Punch"],"picked":"Calculated Gamble","floor":25.0},{"not_picked":["Blur","Sucker Punch"],"picked":"Backflip+1","floor":27.0},{"not_picked":["Dodge and Roll","Backflip"],"picked":"Terror","floor":28.0},{"not_picked":["Cloak And Dagger","Venomology"],"picked":"Blade Dance+1","floor":30.0},{"not_picked":["Outmaneuver","Catalyst"],"picked":"Reflex","floor":31.0},{"not_picked":["Bullet Time","Envenom"],"picked":"After Image","floor":33.0},{"not_picked":["Cloak And Dagger","Blur"],"picked":"Well Laid Plans","floor":35.0},{"not_picked":["Dagger Spray","Sucker Punch","Dash"],"picked":"SKIP","floor":38.0},{"not_picked":["Underhanded Strike","Catalyst","Riddle With Holes"],"picked":"SKIP","floor":41.0},{"not_picked":["Reflex","Bane"],"picked":"Caltrops","floor":42.0},{"not_picked":["Cloak And Dagger","Deadly Poison"],"picked":"PiercingWail","floor":44.0},{"not_picked":["Blur","PiercingWail"],"picked":"Footwork","floor":45.0},{"not_picked":["Predator","Infinite Blades"],"picked":"Backflip","floor":46.0},{"not_picked":["Outmaneuver+1","Expertise+1"],"picked":"Malaise","floor":47.0},{"not_picked":["Blade Dance","Deadly Poison"],"picked":"Backflip+1","floor":48.0},{"not_picked":["Bane+1","Storm of Steel"],"picked":"Cloak And Dagger+1","floor":55.0}],"player_experience":563723,"relics_obtained":[{"floor":7.0,"key":"Pen Nib"},{"floor":9.0,"key":"Darkstone Periapt"},{"floor":14.0,"key":"War Paint"},{"floor":23.0,"key":"Boot"},{"floor":26.0,"key":"Bottled Tornado"},{"floor":28.0,"key":"The Specimen"},{"floor":31.0,"key":"Gremlin Horn"},{"floor":41.0,"key":"Strawberry"},{"floor":45.0,"key":"Blue Candle"},{"floor":46.0,"key":"Unceasing Top"},{"floor":47.0,"key":"Shuriken"},{"floor":48.0,"key":"Ice Cream"},{"floor":55.0,"key":"Gambling Chip"}],"event_choices":[{"damage_healed":0.0,"max_hp_gain":0.0,"max_hp_loss":0.0,"gold_gain":75.0,"event_name":"World of Goop","player_choice":"Gather Gold","floor":3.0,"gold_loss":0.0,"damage_taken":11.0},{"damage_healed":0.0,"max_hp_gain":0.0,"max_hp_loss":0.0,"gold_gain":0.0,"event_name":"Scrap Ooze","player_choice":"Success","floor":4.0,"gold_loss":0.0,"damage_taken":18.0,"relics_obtained":["Du-Vu Doll"]},{"damage_healed":0.0,"max_hp_gain":0.0,"max_hp_loss":0.0,"gold_gain":50.0,"event_name":"FaceTrader","player_choice":"Touch","floor":11.0,"gold_loss":0.0,"damage_taken":6.0},{"damage_healed":0.0,"max_hp_gain":0.0,"max_hp_loss":0.0,"gold_gain":0.0,"event_name":"Cursed Tome","player_choice":"Ignored","floor":19.0,"gold_loss":0.0,"damage_taken":0.0},{"damage_healed":0.0,"max_hp_gain":0.0,"max_hp_loss":0.0,"gold_gain":50.0,"event_name":"Nest","player_choice":"Stole From Cult","floor":21.0,"gold_loss":0.0,"damage_taken":0.0},{"damage_healed":0.0,"max_hp_gain":0.0,"max_hp_loss":0.0,"gold_gain":0.0,"event_name":"WeMeetAgain","player_choice":"Paid Gold","floor":37.0,"gold_loss":57.0,"damage_taken":0.0,"relics_obtained":["Thread and Needle"]},{"damage_healed":0.0,"max_hp_gain":0.0,"max_hp_loss":0.0,"gold_gain":0.0,"event_name":"MindBloom","player_choice":"Fight","floor":46.0,"gold_loss":0.0,"damage_taken":0.0},{"damage_healed":0.0,"max_hp_gain":0.0,"max_hp_loss":0.0,"gold_gain":0.0,"event_name":"Mysterious Sphere","player_choice":"Fight","floor":48.0,"gold_loss":0.0,"damage_taken":0.0}],"is_beta":false,"boss_relics":[{"not_picked":["HoveringKite","Velvet Choker"],"picked":"Astrolabe"},{"not_picked":["Runic Dome","White Beast Statue"],"picked":"Fusion Hammer"}],"items_purged_floors":[36],"is_endless":false,"potions_floor_spawned":[1,7,14,18,20,27,33,35,42,47,48],"ascension_level":20}