{"gold_per_floor":[118,268,268,268,56,56,74,112,164,195,268,291,102,138,138,234,234,248,248,264,274,299,325,325,336,416,137,171,6,38,38,38,113,113,125,145,58,58,72,102,155,186,211,224,242,259,259,359,359,359,359],"floor_reached":52,"playtime":2787,"items_purged":["Strike_R","Strike_R","Strike_R"],"score":2197,"play_id":"608eaee0-7149-4131-af5d-a9c0516f0495","local_time":"20181026182549","is_ascension_mode":true,"campfire_choices":[{"data":"Spot Weakness","floor":6.0,"key":"SMITH"},{"data":"Armaments","floor":15.0,"key":"SMITH"},{"data":"Limit Break","floor":24.0,"key":"SMITH"},{"data":"Battle Trance","floor":32.0,"key":"SMITH"},{"floor":49,"key":"DIG"}],"neow_cost":"NONE","seed_source_timestamp":1292728405668004,"circlet_count":0,"master_deck":["Strike_R","Defend_R","Defend_R","Defend_R+1","Defend_R+1","Bash+1","AscendersBane","Spot Weakness+1","Heavy Blade","Pummel","Pummel","Evolve+1","Armaments+1","Limit Break+1","Battle Trance+1","Offering","Power Through","Shrug It Off","Metallicize+1","Uppercut+1","Madness","Madness"],"special_seed":0,"relics":["Burning Blood","Bloody Idol","OrangePellets","Red Skull","Orichalcum","Mummified Hand","Frozen Egg 2","Gambling Chip","Busted Crown","Red Mask","Ancient Tea Set","Darkstone Periapt","Membership Card","Bottled Flame","Bronze Scales","Oddly Smooth Stone","Eternal Feather","Pen Nib","The Courier","Dead Branch","Matryoshka","Boot","War Paint","Shovel","Blood Vial"],"potions_floor_usage":[39,45,45,51],"damage_taken":[{"damage":1.0,"enemies":"Cultist","floor":1.0,"turns":3.0},{"damage":7.0,"enemies":"Jaw Worm","floor":7.0,"turns":3.0},{"damage":22.0,"enemies":"Gremlin Nob","floor":8.0,"turns":4.0},{"damage":26.0,"enemies":"3 Sentries","floor":10.0,"turns":6.0},{"damage":0.0,"enemies":"Small Slimes","floor":12.0,"turns":2.0},{"damage":14.0,"enemies":"Lagavulin","floor":14.0,"turns":4.0},{"damage":0.0,"enemies":"Slime Boss","floor":16.0,"turns":4.0},{"damage":5.0,"enemies":"Spheric Guardian","floor":18.0,"turns":3.0},{"damage":7.0,"enemies":"3 Byrds","floor":20.0,"turns":4.0},{"damage":21.0,"enemies":"Snake Plant","floor":21.0,"turns":4.0},{"damage":0.0,"enemies":"Masked Bandits","floor":22.0,"turns":2.0},{"damage":2.0,"enemies":"Slavers","floor":23.0,"turns":3.0},{"damage":8.0,"enemies":"Centurion and Healer","floor":25.0,"turns":4.0},{"damage":30.0,"enemies":"Book of Stabbing","floor":28.0,"turns":3.0},{"damage":25.0,"enemies":"Gremlin Leader","floor":30.0,"turns":3.0},{"damage":12.0,"enemies":"Champ","floor":33.0,"turns":8.0},{"damage":9,"enemies":"3 Darklings","floor":35,"turns":5},{"damage":11,"enemies":"3 Shapes","floor":36,"turns":5},{"damage":8,"enemies":"Jaw Worm Horde","floor":39,"turns":4},{"damage":5,"enemies":"Nemesis","floor":40,"turns":5},{"damage":16,"enemies":"2 Orb Walkers","floor":41,"turns":4},{"damage":6,"enemies":"Giant Head","floor":42,"turns":4},{"damage":27,"enemies":"Writhing Mass","floor":44,"turns":4},{"damage":12,"enemies":"Transient","floor":45,"turns":6},{"damage":11,"enemies":"Spire Growth","floor":46,"turns":6},{"damage":9,"enemies":"Mind Bloom Boss Battle","floor":48,"turns":5},{"damage":25,"enemies":"Time Eater","floor":50,"turns":6},{"damage":40,"enemies":"Awakened One","floor":51,"turns":9}],"seed_played":"74802776467008699","potions_obtained":[{"floor":1.0,"key":"PowerPotion"},{"floor":12.0,"key":"GamblersBrew"},{"floor":20.0,"key":"Dexterity Potion"},{"floor":21.0,"key":"AttackPotion"},{"floor":28.0,"key":"Strength Potion"},{"floor":33.0,"key":"Poison Potion"},{"floor":36,"key":"Fire Potion"},{"floor":42,"key":"Regen Potion"},{"floor":44,"key":"AttackPotion"},{"floor":45,"key":"Strength Potion"}],"is_trial":false,"path_per_floor":["M","?","?","?","$","R","M","E","T","E","T","M","$","E","R","B",null,"M","?","M","M","?","E","R","M","T","$","E","$","E","?","R","B",null,"M","M","$","?","M","E","?","E","T","M","M","M","?","?","R","B","B"],"character_chosen":"IRONCLAD","items_purchased":["OrangePellets","Armaments","SteroidPotion","Membership Card","Shrug It Off","Bronze Scales","Metallicize+1","Pen Nib"],"campfire_rested":0,"item_purchase_floors":[5,13,13,27,27,29,29,37],"current_hp_per_floor":[73,73,68,61,61,61,60,44,44,24,24,30,30,22,22,28,58,59,59,63,53,64,68,68,68,68,68,49,49,35,35,35,34,60,62,62,62,62,65,68,63,68,68,52,66,66,54,56,68,49,17],"gold":359,"neow_bonus":"UPGRADE_CARD","is_prod":false,"is_daily":false,"chose_seed":false,"campfire_upgraded":4,"win_rate":0,"timestamp":1540592749,"path_taken":["M","?","?","?","?","R","M","E","T","E","?","?","$","E","R","BOSS","M","?","M","M","?","E","R","M","T","$","E","$","E","?","R","BOSS","M","?","$","?","?","E","?","E","T","M","?","M","?","?","R","BOSS","BOSS"],"build_version":"2018-10-25v2","purchased_purges":3,"victory":true,"max_hp_per_floor":[75,75,68,68,68,68,68,68,68,68,68,68,68,68,68,68,68,68,68,68,68,68,68,68,68,68,68,68,68,68,68,68,68,68,68,68,68,68,68,68,68,68,68,68,68,68,68,68,68,68,68],"card_choices":[{"not_picked":["Reckless Charge","Hemokinesis"],"picked":"Spot Weakness","floor":1.0},{"not_picked":["Second Wind","Carnage"],"picked":"Heavy Blade","floor":7.0},{"not_picked":["Sever Soul","Warcry"],"picked":"Pummel","floor":8.0},{"not_picked":["Exhume","Pommel Strike"],"picked":"Pummel","floor":10.0},{"not_picked":["Havoc","Thunderclap"],"picked":"Evolve+1","floor":12.0},{"not_picked":["Twin Strike","Combust+1","Fire Breathing+1"],"picked":"SKIP","floor":14.0},{"not_picked":["Juggernaut+1","Exhume"],"picked":"Limit Break","floor":16.0},{"not_picked":[],"picked":"Battle Trance","floor":18.0},{"not_picked":["Flex"],"picked":"SKIP","floor":20.0},{"not_picked":["Clash"],"picked":"SKIP","floor":21.0},{"not_picked":[],"picked":"Offering","floor":23.0},{"not_picked":[],"picked":"Power Through","floor":25.0},{"not_picked":["Perfected Strike"],"picked":"SKIP","floor":28.0},{"not_picked":["Wild Strike"],"picked":"SKIP","floor":30.0},{"not_picked":[],"picked":"Uppercut+1","floor":35},{"not_picked":["Cleave"],"picked":"SKIP","floor":36},{"not_picked":["Rampage+1"],"picked":"SKIP","floor":39},{"not_picked":["Clothesline"],"picked":"SKIP","floor":40},{"not_picked":["Wild Strike"],"picked":"SKIP","floor":42},{"not_picked":["Spot Weakness"],"picked":"SKIP","floor":44},{"not_picked":["Inflame+1"],"picked":"SKIP","floor":45},{"not_picked":["Perfected Strike"],"picked":"SKIP","floor":46}],"player_experience":1027660,"relics_obtained":[{"floor":8.0,"key":"Red Skull"},{"floor":9.0,"key":"Orichalcum"},{"floor":10.0,"key":"Mummified Hand"},{"floor":11.0,"key":"Frozen Egg 2"},{"floor":14.0,"key":"Gambling Chip"},{"floor":22.0,"key":"Red Mask"},{"floor":23.0,"key":"Ancient Tea Set"},{"floor":26.0,"key":"Darkstone Periapt"},{"floor":28.0,"key":"Bottled Flame"},{"floor":30.0,"key":"Oddly Smooth Stone"},{"floor":40,"key":"The Courier"},{"floor":41,"key":"Dead Branch"},{"floor":42,"key":"Matryoshka"},{"floor":43,"key":"Boot"},{"floor":43,"key":"War Paint"},{"floor":48,"key":"Shovel"},{"floor":49,"key":"Blood Vial"}],"event_choices":[{"damage_healed":0.0,"max_hp_gain":0.0,"max_hp_loss":0.0,"gold_gain":150.0,"event_name":"Liars Game","player_choice":"AGREE","floor":2.0,"gold_loss":0.0,"damage_taken":0.0,"cards_obtained":["Doubt"]},{"damage_healed":0.0,"max_hp_gain":0.0,"max_hp_loss":7.0,"gold_gain":0.0,"event_name":"Golden Idol","player_choice":"Lose Max HP","floor":3.0,"gold_loss":0.0,"damage_taken":0.0,"relics_obtained":["Golden Idol"]},{"cards_removed":["Doubt"],"damage_healed":0.0,"max_hp_gain":0.0,"max_hp_loss":0.0,"gold_gain":0.0,"event_name":"Golden Wing","player_choice":"Card Removal","floor":4.0,"gold_loss":0.0,"damage_taken":7.0},{"damage_healed":0.0,"max_hp_gain":0.0,"max_hp_loss":0.0,"gold_gain":0.0,"event_name":"Forgotten Altar","player_choice":"Gave Idol","floor":19.0,"relics_lost":["Golden Idol"],"gold_loss":0.0,"damage_taken":0.0,"relics_obtained":["Bloody Idol"]},{"damage_healed":0.0,"max_hp_gain":0.0,"max_hp_loss":0.0,"gold_gain":0.0,"event_name":"Masked Bandits","player_choice":"Fought Bandits","floor":22.0,"gold_loss":0.0,"damage_taken":0.0},{"damage_healed":0.0,"max_hp_gain":0.0,"max_hp_loss":0.0,"gold_gain":0.0,"event_name":"Beggar","player_choice":"Ignored","floor":31.0,"gold_loss":0.0,"damage_taken":0.0},{"cards_removed":["Strike_R"],"damage_healed":0,"gold_gain":0,"player_choice":"Removed Attack","damage_taken":0,"max_hp_gain":0,"max_hp_loss":0,"event_name":"Falling","floor":38,"gold_loss":0},{"damage_healed":0,"gold_gain":0,"player_choice":"Fight","damage_taken":0,"max_hp_gain":0,"max_hp_loss":0,"event_name":"Mysterious Sphere","floor":41,"gold_loss":0},{"damage_healed":0,"gold_gain":0,"player_choice":"Embrace Madness","damage_taken":12,"max_hp_gain":0,"max_hp_loss":0,"event_name":"Winding Halls","floor":47,"gold_loss":0,"cards_obtained":["Madness","Madness"]},{"damage_healed":0,"gold_gain":0,"player_choice":"Fight","damage_taken":0,"max_hp_gain":0,"max_hp_loss":0,"event_name":"MindBloom","floor":48,"gold_loss":0}],"is_beta":false,"boss_relics":[{"not_picked":["White Beast Statue","Calling Bell"],"picked":"Busted Crown"},{"not_picked":["Snecko Eye","Orrery"],"picked":"Eternal Feather"}],"items_purged_floors":[13,27,29],"is_endless":false,"potions_floor_spawned":[1,12,16,20,21,28,33,36,42,44,45],"ascension_level":20}