{"gold_per_floor":[113,6,6,6,25,52,1,276,276,286,286,303,303,321,321,424,424,443,461,474,454,471,471,471],"floor_reached":24,"playtime":1119,"items_purged":[],"score":301,"play_id":"3ae68a52-bed6-4e49-8b56-d5e1431ec9e7","local_time":"20190127153906","is_ascension_mode":true,"campfire_choices":[{"data":"Reflex","floor":11,"key":"SMITH"},{"data":"Concentrate","floor":15,"key":"SMITH"},{"data":"Burst","floor":23,"key":"SMITH"}],"neow_cost":"NONE","seed_source_timestamp":18093223106623,"circlet_count":0,"master_deck":["Defend_G","Defend_G","Defend_G","Defend_G","Strike_G","Strike_G","Strike_G","Strike_G","Strike_G","Survivor","Neutralize","Backflip","Reflex+1","Concentrate+1","Infinite Blades","Underhanded Strike","Prepared","Acrobatics","Sucker Punch","Backflip","Prepared","Burst+1","Poisoned Stab","Accuracy+1","Deadly Poison","Backflip"],"relics":["Ring of the Snake","NeowsBlessing","Lantern","Ninja Scroll","Coffee Dripper"],"potions_floor_usage":[14,16,16,22,22],"damage_taken":[{"damage":0,"enemies":"Jaw Worm","floor":1,"turns":1},{"damage":0,"enemies":"Cultist","floor":5,"turns":1},{"damage":0,"enemies":"Gremlin Nob","floor":6,"turns":1},{"damage":0,"enemies":"Small Slimes","floor":10,"turns":3},{"damage":0,"enemies":"Blue Slaver","floor":12,"turns":3},{"damage":12,"enemies":"Gremlin Gang","floor":14,"turns":4},{"damage":33,"enemies":"Slime Boss","floor":16,"turns":11},{"damage":0,"enemies":"Chosen","floor":18,"turns":6},{"damage":0,"enemies":"3 Byrds","floor":19,"turns":6},{"damage":38,"enemies":"Cultist and Chosen","floor":20,"turns":8},{"damage":21,"enemies":"Snake Plant","floor":22,"turns":5},{"damage":9,"enemies":"Slavers","floor":24,"turns":1}],"seed_played":"-6695147439559762708","potions_obtained":[{"floor":6,"key":"AttackPotion"},{"floor":10,"key":"Regen Potion"},{"floor":14,"key":"Strength Potion"},{"floor":20,"key":"AttackPotion"},{"floor":21,"key":"SteroidPotion"}],"is_trial":false,"path_per_floor":["M","$","?","$","M","E","$","?","T","M","R","M","?","M","R","B",null,"M","M","M","?","M","R","E"],"character_chosen":"THE_SILENT","items_purchased":["Reflex","Concentrate","Acrobatics"],"campfire_rested":0,"item_purchase_floors":[2,2,7],"current_hp_per_floor":[63,63,63,63,63,63,63,63,63,63,63,63,63,51,51,33,61,61,61,23,23,2,2,0],"gold":471,"neow_bonus":"THREE_ENEMY_KILL","is_prod":false,"is_daily":false,"chose_seed":false,"campfire_upgraded":3,"win_rate":0,"timestamp":1548621546,"path_taken":["M","$","?","$","M","E","?","?","T","?","R","M","?","M","R","BOSS","M","?","M","?","M","R","E"],"build_version":"2019-01-23","purchased_purges":0,"victory":false,"max_hp_per_floor":[70,70,70,70,70,70,70,70,70,70,70,70,70,70,70,70,70,70,70,70,70,70,70,70],"card_choices":[{"not_picked":["Deadly Poison","Sucker Punch"],"picked":"Backflip","floor":1},{"not_picked":["Riddle With Holes","Escape Plan"],"picked":"Underhanded Strike","floor":5},{"not_picked":["Unload","Blade Dance"],"picked":"Prepared","floor":6},{"not_picked":["Flying Knee","Skewer"],"picked":"Sucker Punch","floor":10},{"not_picked":["Deflect","PiercingWail"],"picked":"Backflip","floor":12},{"not_picked":["Slice","Poisoned Stab"],"picked":"Prepared","floor":14},{"not_picked":["Adrenaline","Tools of the Trade"],"picked":"Burst","floor":16},{"not_picked":["Slice","Blade Dance"],"picked":"Poisoned Stab","floor":18},{"not_picked":["Bane","Distraction+1"],"picked":"Accuracy+1","floor":19},{"not_picked":["Bane+1","Dagger Throw"],"picked":"Deadly Poison","floor":20},{"not_picked":["Dodge and Roll","Bane"],"picked":"Backflip","floor":22}],"player_experience":270323,"relics_obtained":[{"floor":6,"key":"Lantern"},{"floor":9,"key":"Ninja Scroll"}],"event_choices":[{"damage_healed":0,"gold_gain":0,"cards_transformed":["Defend_G"],"player_choice":"Transformed","damage_taken":0,"max_hp_gain":0,"max_hp_loss":0,"event_name":"Transmorgrifier","floor":3,"gold_loss":0,"cards_obtained":["Infinite Blades"]},{"damage_healed":0,"gold_gain":275,"player_choice":"Desecrate","damage_taken":0,"max_hp_gain":0,"max_hp_loss":0,"event_name":"Golden Shrine","floor":8,"gold_loss":0,"cards_obtained":["Regret"]},{"cards_removed":["Regret"],"damage_healed":0,"gold_gain":0,"player_choice":"Removed Curses","damage_taken":0,"max_hp_gain":0,"max_hp_loss":0,"event_name":"Fountain of Cleansing","floor":13,"gold_loss":0},{"damage_healed":0,"gold_gain":0,"player_choice":"Bought 1 Potion","damage_taken":0,"max_hp_gain":0,"max_hp_loss":0,"event_name":"The Woman in Blue","floor":21,"gold_loss":0}],"is_beta":true,"boss_relics":[{"not_picked":["HoveringKite","Runic Dome"],"picked":"Coffee Dripper"}],"items_purged_floors":[],"is_endless":false,"potions_floor_spawned":[6,10,14,20],"killed_by":"Slavers","ascension_level":7}