{"gold_per_floor":[109,59,234,234,82,82,9,38,38,64,64,88,126,145,145,266,266,284,284,303,319,319,319,353,353,353,353,374,374,374,54,54,183,183,196,221,96,111,111,111,149,149,149,149,149,190,190,204,204,204,204,204,0,33,33],"floor_reached":56,"playtime":6357,"items_purged":["Doubt","Regret"],"score":1899,"play_id":"a758ff0e-d5e7-4ce2-a814-a7a12367e267","local_time":"20181220203925","is_ascension_mode":true,"campfire_choices":[{"floor":6.0,"key":"REST"},{"data":"Defragment","floor":15.0,"key":"SMITH"},{"data":"Defragment","floor":23.0,"key":"SMITH"},{"data":"Defragment","floor":25.0,"key":"SMITH"},{"data":"Seek","floor":29.0,"key":"SMITH"},{"data":"Coolheaded","floor":30.0,"key":"SMITH"},{"data":"Blizzard","floor":32.0,"key":"SMITH"},{"data":"Amplify","floor":40.0,"key":"SMITH"},{"data":"Hologram","floor":42.0,"key":"SMITH"},{"data":"Capacitor","floor":45.0,"key":"SMITH"},{"data":"Coolheaded","floor":47.0,"key":"SMITH"},{"floor":49.0,"key":"RECALL"},{"data":"Chill","floor":52.0,"key":"SMITH"}],"neow_cost":"NONE","seed_source_timestamp":0,"circlet_count":0,"master_deck":["Strike_B","Strike_B","Strike_B","Defend_B","Defend_B+1","Defend_B+1","Defend_B","Zap","Dualcast","Cold Snap","Defragment+1","Defragment+1","Self Repair","Sunder","Coolheaded+1","Coolheaded+1","Undo","Seek+1","Melter","Self Repair","Stack+1","Defragment+1","Chill+1","Blizzard+1","Glacier","Blind","Amplify+1","Double Energy+1","Heatsinks","Capacitor+1","Hologram+1","Blizzard+1","Defragment+1","Rebound+1","Cold Snap+1"],"special_seed":0,"relics":["Cracked Core","NeowsBlessing","Bag of Preparation","Dodecahedron","WingedGreaves","Golden Idol","Torii","Cursed Key","Enchiridion","Boot","Happy Flower","Oddly Smooth Stone","Coffee Dripper","Molten Egg 2","Anchor","Art of War","Mango"],"potions_floor_usage":[55,55,55],"damage_taken":[{"damage":0.0,"enemies":"Small Slimes","floor":1.0,"turns":1.0},{"damage":0.0,"enemies":"Lagavulin","floor":8.0,"turns":1.0},{"damage":0.0,"enemies":"3 Sentries","floor":10.0,"turns":1.0},{"damage":0.0,"enemies":"Jaw Worm","floor":12.0,"turns":3.0},{"damage":30.0,"enemies":"Gremlin Nob","floor":13.0,"turns":4.0},{"damage":0.0,"enemies":"2 Louse","floor":14.0,"turns":2.0},{"damage":2.0,"enemies":"The Guardian","floor":16.0,"turns":18.0},{"damage":1.0,"enemies":"Spheric Guardian","floor":18.0,"turns":4.0},{"damage":0.0,"enemies":"Chosen","floor":20.0,"turns":7.0},{"damage":12.0,"enemies":"Shelled Parasite and Fungi","floor":21.0,"turns":4.0},{"damage":1.0,"enemies":"Book of Stabbing","floor":24.0,"turns":9.0},{"damage":2.0,"enemies":"Sentry and Sphere","floor":28.0,"turns":2.0},{"damage":0.0,"enemies":"Champ","floor":33.0,"turns":14.0},{"damage":0.0,"enemies":"Orb Walker","floor":35.0,"turns":5.0},{"damage":31.0,"enemies":"3 Darklings","floor":36.0,"turns":9.0},{"damage":0.0,"enemies":"Maw","floor":38.0,"turns":9.0},{"damage":0.0,"enemies":"Giant Head","floor":41.0,"turns":9.0},{"damage":0.0,"enemies":"Reptomancer","floor":46.0,"turns":8.0},{"damage":1.0,"enemies":"Spire Growth","floor":48.0,"turns":7.0},{"damage":16.0,"enemies":"Time Eater","floor":50.0,"turns":17.0},{"damage":0.0,"enemies":"Shield and Spear","floor":54.0,"turns":8.0},{"damage":26,"enemies":"The Heart","floor":55,"turns":12}],"seed_played":"2527944674958738690","potions_obtained":[{"floor":10.0,"key":"SkillPotion"},{"floor":12.0,"key":"Regen Potion"},{"floor":16.0,"key":"FairyPotion"},{"floor":41.0,"key":"Block Potion"},{"floor":46.0,"key":"LiquidBronze"},{"floor":54.0,"key":"FearPotion"}],"is_trial":false,"path_per_floor":["M","?","?","?","$","R","$","E","T","E","?","M","E","M","R","B",null,"M","?","M","M","?","R","E","R","T","?","M","R","R","$","R","B",null,"M","M","$","M","$","R","E","R","T","T","R","E","R","M","R","B",null,"R","$","E","B",null],"character_chosen":"DEFECT","items_purchased":["Defragment","Defragment","Blizzard","Glacier","Blind","Capacitor","Hologram","Art of War","Swift Potion"],"campfire_rested":1,"item_purchase_floors":[5,7,31,31,31,37,37,53,53],"current_hp_per_floor":[68,68,68,53,53,75,75,75,75,75,69,69,46,46,46,51,65,69,53,60,69,69,69,69,69,69,69,69,69,69,69,69,69,69,69,59,59,69,69,69,69,69,69,69,69,69,69,69,69,60,67,67,67,83,71],"gold":33,"neow_bonus":"THREE_ENEMY_KILL","is_prod":false,"is_daily":false,"chose_seed":false,"campfire_upgraded":11,"win_rate":0,"timestamp":1545356365,"path_taken":["M","?","?","?","?","R","$","E","T","E","?","M","E","M","R","BOSS","M","?","M","M","?","R","E","R","T","?","M","R","R","$","R","BOSS","M","M","$","M","$","R","E","R","T","?","R","E","R","?","R","BOSS","R","$","E","BOSS"],"build_version":"2018-12-20","purchased_purges":2,"victory":true,"max_hp_per_floor":[75,75,75,75,75,75,75,75,75,75,69,69,69,69,69,69,69,69,69,69,69,69,69,69,69,69,69,69,69,69,69,69,69,69,69,69,69,69,69,69,69,69,69,69,69,69,69,69,69,69,69,69,69,83,83],"card_choices":[{"not_picked":["Conserve Battery","Stack"],"picked":"Cold Snap","floor":1.0},{"not_picked":["Sweeping Beam","Stack"],"picked":"Self Repair","floor":8.0},{"not_picked":["Redo","Thunder Strike"],"picked":"Sunder","floor":10.0},{"not_picked":["Hologram","Leap"],"picked":"Coolheaded","floor":12.0},{"not_picked":["Ball Lightning","Rip and Tear"],"picked":"Coolheaded","floor":13.0},{"not_picked":["Steam Power","Go for the Eyes"],"picked":"Undo","floor":14.0},{"not_picked":["Multi-Cast","Biased Cognition"],"picked":"Seek","floor":16.0},{"not_picked":["Redo","Sweeping Beam"],"picked":"Melter","floor":18.0},{"not_picked":["Rip and Tear","Genetic Algorithm"],"picked":"Self Repair","floor":20.0},{"not_picked":["Redo","Barrage+1"],"picked":"Stack+1","floor":21.0},{"not_picked":["Reinforced Body","Chill"],"picked":"Defragment","floor":24.0},{"not_picked":["Stack","White Noise+1"],"picked":"Chill","floor":28.0},{"not_picked":["Rainbow","Fission"],"picked":"Amplify","floor":33.0},{"not_picked":["Scrape+1","Compile Driver"],"picked":"Double Energy+1","floor":35.0},{"not_picked":["Gash+1","Self Repair"],"picked":"Heatsinks","floor":36.0},{"not_picked":["Leap","Steam+1"],"picked":"Blizzard+1","floor":38.0},{"not_picked":["Fusion+1","Sweeping Beam+1"],"picked":"Defragment+1","floor":41.0},{"not_picked":["Static Discharge","Fusion"],"picked":"Rebound+1","floor":46.0},{"not_picked":["Coolheaded","Steam"],"picked":"Cold Snap+1","floor":48.0},{"not_picked":["Conserve Battery","Reboot","Redo+1"],"picked":"SKIP","floor":54.0}],"player_experience":299461,"relics_obtained":[{"floor":8.0,"key":"Bag of Preparation"},{"floor":9.0,"key":"Dodecahedron"},{"floor":10.0,"key":"WingedGreaves"},{"floor":13.0,"key":"Torii"},{"floor":19.0,"key":"Enchiridion"},{"floor":24.0,"key":"Happy Flower"},{"floor":41.0,"key":"Molten Egg 2"},{"floor":46.0,"key":"Anchor"},{"floor":54.0,"key":"Mango"}],"event_choices":[{"cards_removed":["Strike_B"],"damage_healed":0.0,"max_hp_gain":0.0,"max_hp_loss":0.0,"gold_gain":0.0,"event_name":"The Cleric","player_choice":"Card Removal","floor":2.0,"gold_loss":50.0,"damage_taken":0.0},{"damage_healed":0.0,"max_hp_gain":0.0,"max_hp_loss":0.0,"gold_gain":175.0,"event_name":"Liars Game","player_choice":"AGREE","floor":3.0,"gold_loss":0.0,"damage_taken":0.0,"cards_obtained":["Doubt"]},{"damage_healed":0.0,"max_hp_gain":0.0,"max_hp_loss":0.0,"gold_gain":0.0,"event_name":"Shining Light","player_choice":"Entered Light","floor":4.0,"gold_loss":0.0,"damage_taken":15.0,"cards_upgraded":["Defend_B","Defend_B"]},{"damage_healed":0.0,"max_hp_gain":0.0,"max_hp_loss":6.0,"gold_gain":0.0,"event_name":"Golden Idol","player_choice":"Lose Max HP","floor":11.0,"gold_loss":0.0,"damage_taken":0.0,"relics_obtained":["Golden Idol"]},{"damage_healed":0.0,"max_hp_gain":0.0,"max_hp_loss":0.0,"gold_gain":0.0,"event_name":"Cursed Tome","player_choice":"Obtained Book","floor":19.0,"gold_loss":0.0,"damage_taken":16.0},{"damage_healed":0.0,"max_hp_gain":0.0,"max_hp_loss":0.0,"gold_gain":0.0,"event_name":"The Mausoleum","player_choice":"Opened","floor":22.0,"gold_loss":0.0,"damage_taken":0.0,"relics_obtained":["Boot"]},{"damage_healed":0.0,"max_hp_gain":0.0,"max_hp_loss":0.0,"gold_gain":0.0,"event_name":"WeMeetAgain","player_choice":"Gave Potion","floor":27.0,"gold_loss":0.0,"damage_taken":0.0,"relics_obtained":["Oddly Smooth Stone"]}],"is_beta":false,"boss_relics":[{"not_picked":["Fusion Hammer","Ectoplasm"],"picked":"Cursed Key"},{"not_picked":["Runic Dome","Black Star"],"picked":"Coffee Dripper"}],"items_purged_floors":[5,31],"is_endless":false,"potions_floor_spawned":[10,12,16,20,21,41,46,54],"ascension_level":8}