{"gold_per_floor":[112,124,124,150,168,168,201,201,201,201,151,151,198,211,211,306,306,316,231,244,259,259,271,302,302,302,329,329,363,52,64,64,162,162,173,173,4,17,31,31,63,63,63,63,94,94,13,23,23,23],"floor_reached":51,"playtime":3374,"items_purged":["Dualcast"],"score":1233,"play_id":"df530e2d-cd3b-43d5-9879-70a873fce276","local_time":"20190202074509","is_ascension_mode":true,"campfire_choices":[{"data":"Streamline","floor":6,"key":"SMITH"},{"data":"Hologram","floor":12,"key":"SMITH"},{"data":"Coolheaded","floor":15,"key":"SMITH"},{"data":"Creative AI","floor":28,"key":"SMITH"},{"data":"Seek","floor":32,"key":"SMITH"},{"data":"Consume","floor":40,"key":"SMITH"},{"data":"Seek","floor":42,"key":"SMITH"},{"data":"Ghostly","floor":46,"key":"SMITH"},{"data":"Ghostly","floor":49,"key":"SMITH"}],"neow_cost":"NONE","seed_source_timestamp":133943965059420,"circlet_count":0,"master_deck":["Strike_B+1","Strike_B+1","Strike_B+1","Defend_B+1","Defend_B+1","Defend_B+1","Zap+1","Hologram+1","Seek+1","Streamline+1","Coolheaded+1","Coolheaded","Creative AI+1","Gash+1","Sunder","Genetic Algorithm","Ghostly+1","Ghostly+1","Ghostly","Ghostly","Ghostly+1","Hologram+1","FTL","Go for the Eyes","Reinforced Body","Cold Snap+1","Seek+1","Steam+1","Consume+1","Parasite","Hologram+1","Double Energy+1","FTL+1"],"relics":["Cracked Core","Dream Catcher","The Courier","Pantograph","Orichalcum","Vajra","Runic Dome","Bronze Scales","Red Mask","Mercury Hourglass","Kunai","Molten Egg 2","Membership Card","Ice Cream","Inserter","Strange Spoon","Pen Nib","PreservedInsect","Pear","Singing Bowl","OrangePellets"],"potions_floor_usage":[7,7,16,24,29,33,50],"damage_taken":[{"damage":9,"enemies":"Jaw Worm","floor":1,"turns":6},{"damage":4,"enemies":"2 Louse","floor":2,"turns":2},{"damage":0,"enemies":"Small Slimes","floor":5,"turns":3},{"damage":8,"enemies":"Gremlin Nob","floor":7,"turns":3},{"damage":0,"enemies":"3 Louse","floor":14,"turns":3},{"damage":13,"enemies":"The Guardian","floor":16,"turns":10},{"damage":8,"enemies":"3 Byrds","floor":18,"turns":6},{"damage":2,"enemies":"Spheric Guardian","floor":20,"turns":5},{"damage":21,"enemies":"Snake Plant","floor":21,"turns":3},{"damage":0,"enemies":"3 Cultists","floor":23,"turns":5},{"damage":0,"enemies":"Masked Bandits","floor":24,"turns":4},{"damage":0,"enemies":"Book of Stabbing","floor":27,"turns":6},{"damage":0,"enemies":"Gremlin Leader","floor":29,"turns":6},{"damage":0,"enemies":"Snecko","floor":31,"turns":5},{"damage":15,"enemies":"Collector","floor":33,"turns":11},{"damage":0,"enemies":"3 Shapes","floor":35,"turns":5},{"damage":0,"enemies":"Orb Walker","floor":38,"turns":5},{"damage":0,"enemies":"Writhing Mass","floor":39,"turns":10},{"damage":10,"enemies":"Giant Head","floor":41,"turns":13},{"damage":0,"enemies":"Nemesis","floor":45,"turns":9},{"damage":0,"enemies":"Jaw Worm Horde","floor":48,"turns":3},{"damage":0,"enemies":"Donu and Deca","floor":50,"turns":8}],"seed_played":"1760076804284650723","potions_obtained":[{"floor":0,"key":"Ancient Potion"},{"floor":0,"key":"FairyPotion"},{"floor":0,"key":"Ancient Potion"},{"floor":1,"key":"Dexterity Potion"},{"floor":2,"key":"GamblersBrew"},{"floor":7,"key":"Block Potion"},{"floor":21,"key":"Fire Potion"},{"floor":24,"key":"SteroidPotion"},{"floor":27,"key":"GamblersBrew"},{"floor":33,"key":"Dexterity Potion"},{"floor":35,"key":"PowerPotion"},{"floor":45,"key":"Regen Potion"}],"is_trial":false,"path_per_floor":["M","M","?","T","M","R","E","?","T","?","?","R","T","M","R","B",null,"M","?","M","M","?","M","?","?","T","E","R","E","$","M","R","B",null,"M","?","$","M","M","R","E","R","T","?","E","R","$","M","R","B",null],"character_chosen":"DEFECT","items_purchased":["Membership Card","Ice Cream","Consume","Strange Spoon","Pen Nib","OrangePellets"],"campfire_rested":0,"item_purchase_floors":[30,30,37,37,37,47],"current_hp_per_floor":[59,55,60,60,60,60,52,34,34,34,34,34,34,34,34,46,72,64,64,62,41,40,40,40,40,40,40,40,40,40,40,40,25,36,36,36,36,36,36,36,26,26,36,36,38,38,38,38,38,52],"gold":23,"neow_bonus":"THREE_SMALL_POTIONS","is_prod":false,"is_daily":false,"chose_seed":false,"campfire_upgraded":9,"win_rate":0,"timestamp":1549111509,"path_taken":["M","M","?","?","M","R","E","?","T","?","?","R","?","M","R","BOSS","M","?","M","M","?","M","?","?","T","E","R","E","$","?","R","BOSS","M","?","$","M","M","R","E","R","T","?","E","R","$","M","R","BOSS"],"build_version":"2019-01-23","purchased_purges":1,"victory":true,"max_hp_per_floor":[75,75,80,80,80,80,80,80,80,80,80,80,80,80,80,80,80,80,80,80,80,40,40,40,40,40,40,40,40,40,40,40,40,40,40,40,40,40,40,40,40,40,50,50,52,52,52,52,52,52],"card_choices":[{"not_picked":["Conserve Battery","Rip and Tear"],"picked":"Hologram","floor":1},{"not_picked":["Hologram","Double Energy"],"picked":"Seek","floor":2},{"not_picked":["Chaos","Coolheaded"],"picked":"Streamline","floor":5},{"not_picked":["Force Field","Leap"],"picked":"Coolheaded","floor":7},{"not_picked":["Leap","Rebound"],"picked":"Coolheaded","floor":14},{"not_picked":["Machine Learning","Fission"],"picked":"Creative AI","floor":16},{"not_picked":["Static Discharge","Melter"],"picked":"Gash+1","floor":18},{"not_picked":["Streamline+1","Rebound"],"picked":"Sunder","floor":20},{"not_picked":["Sweeping Beam","Hologram"],"picked":"Genetic Algorithm","floor":21},{"not_picked":["Blizzard","Conserve Battery"],"picked":"Hologram+1","floor":23},{"not_picked":["Hello World","Barrage"],"picked":"FTL","floor":24},{"not_picked":["Sunder","Auto Shields"],"picked":"Go for the Eyes","floor":27},{"not_picked":["Undo","Melter"],"picked":"Reinforced Body","floor":29},{"not_picked":["Rebound+1","Beam Cell+1"],"picked":"Cold Snap+1","floor":31},{"not_picked":["Biased Cognition","Rainbow"],"picked":"Seek","floor":33},{"not_picked":["Stack","Chaos"],"picked":"Steam+1","floor":35},{"not_picked":["Consume","Heatsinks","Turbo+1"],"picked":"SKIP","floor":38},{"not_picked":["Chill","Darkness"],"picked":"Hologram+1","floor":39},{"not_picked":["Streamline+1","Leap"],"picked":"Double Energy+1","floor":41},{"not_picked":["Heatsinks","Stack+1","Genetic Algorithm+1"],"picked":"Singing Bowl","floor":45},{"not_picked":["Barrage+1","Gash+1"],"picked":"FTL+1","floor":48}],"player_experience":327456,"relics_obtained":[{"floor":4,"key":"Dream Catcher"},{"floor":7,"key":"The Courier"},{"floor":9,"key":"Orichalcum"},{"floor":13,"key":"Vajra"},{"floor":24,"key":"Red Mask"},{"floor":26,"key":"Mercury Hourglass"},{"floor":27,"key":"Kunai"},{"floor":29,"key":"Molten Egg 2"},{"floor":41,"key":"PreservedInsect"},{"floor":43,"key":"Pear"},{"floor":45,"key":"Singing Bowl"}],"event_choices":[{"damage_healed":0,"gold_gain":0,"player_choice":"Donut","damage_taken":0,"max_hp_gain":5,"max_hp_loss":0,"event_name":"Big Fish","floor":3,"gold_loss":0},{"damage_healed":0,"gold_gain":0,"player_choice":"Success","damage_taken":18,"relics_obtained":["Pantograph"],"max_hp_gain":0,"max_hp_loss":0,"event_name":"Scrap Ooze","floor":8,"gold_loss":0},{"damage_healed":0,"gold_gain":0,"player_choice":"Grow","damage_taken":0,"max_hp_gain":0,"max_hp_loss":0,"event_name":"Living Wall","floor":10,"gold_loss":0,"cards_upgraded":["Zap"]},{"cards_removed":["Strike_B"],"damage_healed":0,"gold_gain":0,"player_choice":"Card Removal","damage_taken":0,"max_hp_gain":0,"max_hp_loss":0,"event_name":"The Cleric","floor":11,"gold_loss":50},{"damage_healed":0,"gold_gain":0,"player_choice":"Obtained Relic","damage_taken":0,"relics_obtained":["Bronze Scales"],"max_hp_gain":0,"max_hp_loss":0,"event_name":"Addict","floor":19,"gold_loss":85},{"damage_healed":0,"gold_gain":0,"player_choice":"Became a Ghost","damage_taken":0,"max_hp_gain":0,"max_hp_loss":40,"event_name":"Ghosts","floor":22,"gold_loss":0,"cards_obtained":["Ghostly","Ghostly","Ghostly","Ghostly","Ghostly"]},{"damage_healed":0,"gold_gain":0,"player_choice":"Fought Bandits","damage_taken":0,"max_hp_gain":0,"max_hp_loss":0,"event_name":"Masked Bandits","floor":24,"gold_loss":0},{"damage_healed":0,"gold_gain":0,"player_choice":"Simplicity","damage_taken":0,"max_hp_gain":0,"max_hp_loss":0,"event_name":"Back to Basics","floor":25,"gold_loss":0,"cards_upgraded":["Strike_B","Strike_B","Strike_B","Defend_B","Defend_B","Defend_B","Defend_B"]},{"cards_removed":["Defend_B"],"damage_healed":0,"gold_gain":0,"player_choice":"Removed Skill","damage_taken":0,"max_hp_gain":0,"max_hp_loss":0,"event_name":"Falling","floor":36,"gold_loss":0},{"damage_healed":0,"gold_gain":0,"player_choice":"Upgraded","damage_taken":0,"max_hp_gain":0,"max_hp_loss":0,"event_name":"Upgrade Shrine","floor":44,"gold_loss":0,"cards_upgraded":["Ghostly"]}],"is_beta":true,"boss_relics":[{"not_picked":["Tiny House","Philosopher\u0027s Stone"],"picked":"Runic Dome"},{"not_picked":["Orrery","Lizard Tail"],"picked":"Inserter"}],"items_purged_floors":[30],"is_endless":false,"potions_floor_spawned":[1,2,7,21,24,27,33,35,39,45],"ascension_level":9}