{"gold_per_floor":[112,122,137,148,69,69,102,102,148,148,148,181,35,47,47,148,148,166,4,4,20,20,20,31,44,70,87,101,116,116,116,116,220,220,234,234,234,251,10,10,41,41,41,41,41,53,83,97,97,97],"floor_reached":50,"playtime":3020,"items_purged":[],"score":565,"play_id":"6ad11f9b-4bb5-47e9-b600-712bac18f615","local_time":"20190327140818","is_ascension_mode":true,"campfire_choices":[{"floor":6.0,"key":"REST"},{"floor":8.0,"key":"REST"},{"data":"Sunder","floor":11.0,"key":"SMITH"},{"floor":15.0,"key":"REST"},{"data":"Streamline","floor":23.0,"key":"SMITH"},{"floor":30.0,"key":"REST"},{"floor":32.0,"key":"REST"},{"floor":42.0,"key":"REST"},{"floor":45.0,"key":"REST"},{"floor":49.0,"key":"REST"}],"neow_cost":"NONE","seed_source_timestamp":0,"circlet_count":0,"master_deck":["Strike_B+1","Strike_B+1","Strike_B+1","Strike_B+1","Defend_B+1","Defend_B+1","Defend_B+1","Defend_B+1","Zap","Dualcast","Sunder+1","Ball Lightning","Leap","FTL","Streamline+1","Echo Form","Double Energy+1","Electrodynamics","Secret Weapon+1","Compile Driver+1","Stack+1","Sweeping Beam","Biased Cognition","Rebound","Writhe","Capacitor+1","Streamline+1","Steam+1","Parasite"],"special_seed":0,"relics":["Cracked Core","Matryoshka","Centennial Puzzle","Lantern","Oddly Smooth Stone","Bag of Preparation","Busted Crown","PreservedInsect","War Paint","Art of War","Philosopher\u0027s Stone","Sundial","Kunai","Calipers","Ancient Tea Set"],"potions_floor_usage":[50],"damage_taken":[{"damage":1.0,"enemies":"Cultist","floor":1.0,"turns":3.0},{"damage":20.0,"enemies":"Small Slimes","floor":2.0,"turns":4.0},{"damage":6.0,"enemies":"2 Louse","floor":3.0,"turns":2.0},{"damage":8.0,"enemies":"Large Slime","floor":4.0,"turns":5.0},{"damage":16.0,"enemies":"Gremlin Nob","floor":7.0,"turns":3.0},{"damage":36.0,"enemies":"Lagavulin","floor":12.0,"turns":5.0},{"damage":8.0,"enemies":"Red Slaver","floor":14.0,"turns":2.0},{"damage":46.0,"enemies":"Hexaghost","floor":16.0,"turns":6.0},{"damage":15.0,"enemies":"Shell Parasite","floor":18.0,"turns":4.0},{"damage":0.0,"enemies":"Chosen","floor":21.0,"turns":3.0},{"damage":14.0,"enemies":"Snake Plant","floor":24.0,"turns":3.0},{"damage":1.0,"enemies":"Snecko","floor":25.0,"turns":3.0},{"damage":14.0,"enemies":"Chosen and Byrds","floor":27.0,"turns":3.0},{"damage":6.0,"enemies":"Centurion and Healer","floor":28.0,"turns":3.0},{"damage":0.0,"enemies":"Snecko","floor":29.0,"turns":4.0},{"damage":64.0,"enemies":"Collector","floor":33.0,"turns":7.0},{"damage":12.0,"enemies":"3 Darklings","floor":35.0,"turns":4.0},{"damage":0.0,"enemies":"3 Shapes","floor":36.0,"turns":1.0},{"damage":3.0,"enemies":"Transient","floor":38.0,"turns":5.0},{"damage":43.0,"enemies":"Reptomancer","floor":41.0,"turns":5.0},{"damage":21.0,"enemies":"Maw","floor":46.0,"turns":7.0},{"damage":5.0,"enemies":"Nemesis","floor":47.0,"turns":5.0},{"damage":8.0,"enemies":"Writhing Mass","floor":48.0,"turns":6.0},{"damage":80,"enemies":"Time Eater","floor":50,"turns":8}],"seed_played":"-7419834149231919875","potions_obtained":[{"floor":2.0,"key":"Block Potion"},{"floor":4.0,"key":"FearPotion"},{"floor":7.0,"key":"GamblersBrew"},{"floor":16.0,"key":"EntropicBrew"},{"floor":25.0,"key":"Swift Potion"},{"floor":27.0,"key":"Fruit Juice"},{"floor":28.0,"key":"SmokeBomb"},{"floor":29.0,"key":"Poison Potion"},{"floor":35.0,"key":"LiquidBronze"},{"floor":41.0,"key":"GamblersBrew"},{"floor":46.0,"key":"Ancient Potion"},{"floor":47.0,"key":"Dexterity Potion"}],"is_trial":false,"path_per_floor":["M","M","M","M","$","R","E","R","T","?","R","E","$","M","R","B",null,"M","$","?","M","$","R","M","M","T","M","M","M","R","?","R","B",null,"M","M","?","M","$","?","E","R","T","$","R","M","E","M","R","B"],"character_chosen":"DEFECT","items_purchased":["Leap","FTL","Bag of Preparation","Secret Weapon","Sundial"],"campfire_rested":8,"item_purchase_floors":[5,5,13,19,39],"current_hp_per_floor":[81,61,55,47,47,71,55,79,79,82,82,46,46,38,62,16,82,67,67,67,67,67,67,53,52,52,38,37,37,63,63,87,23,87,75,75,87,84,84,84,41,67,67,67,87,66,61,53,79,0],"gold":97,"neow_bonus":"TEN_PERCENT_HP_BONUS","is_prod":false,"is_daily":false,"chose_seed":false,"campfire_upgraded":2,"win_rate":1,"timestamp":1553706498,"path_taken":["M","M","M","?","$","R","E","R","T","?","R","E","$","M","R","BOSS","M","$","?","M","$","R","M","M","T","M","M","M","R","?","R","BOSS","M","M","?","M","$","?","E","R","T","$","R","M","E","M","R","BOSS"],"build_version":"2019-01-17","purchased_purges":0,"victory":false,"max_hp_per_floor":[82,82,82,82,82,82,82,82,82,82,82,82,82,82,82,82,82,82,82,82,82,82,82,82,82,82,82,87,87,87,87,87,87,87,87,87,87,87,87,87,87,87,87,87,87,87,87,87,87,87],"card_choices":[{"not_picked":["Redo","Heatsinks","Chaos"],"picked":"SKIP","floor":1.0},{"not_picked":["Cold Snap","Self Repair"],"picked":"Sunder","floor":2.0},{"not_picked":["Go for the Eyes","Redo"],"picked":"Ball Lightning","floor":3.0},{"not_picked":["Meteor Strike","Scrape"],"picked":"Leap","floor":4.0},{"not_picked":["Coolheaded","Aggregate"],"picked":"Streamline","floor":7.0},{"not_picked":["Barrage","Genetic Algorithm"],"picked":"Echo Form","floor":12.0},{"not_picked":["Gash","Hello World"],"picked":"Double Energy","floor":14.0},{"not_picked":["Thunder Strike","Meteor Strike"],"picked":"Electrodynamics","floor":16.0},{"not_picked":["Gash+1"],"picked":"SKIP","floor":18.0},{"not_picked":[],"picked":"Compile Driver+1","floor":21.0},{"not_picked":["Blizzard"],"picked":"SKIP","floor":24.0},{"not_picked":[],"picked":"Stack+1","floor":25.0},{"not_picked":["Compile Driver"],"picked":"SKIP","floor":27.0},{"not_picked":["All For One"],"picked":"SKIP","floor":28.0},{"not_picked":[],"picked":"Sweeping Beam","floor":29.0},{"not_picked":[],"picked":"Biased Cognition","floor":33.0},{"not_picked":[],"picked":"Rebound","floor":35.0},{"not_picked":[],"picked":"Capacitor+1","floor":38.0},{"not_picked":["Ball Lightning"],"picked":"SKIP","floor":41.0},{"not_picked":[],"picked":"Streamline+1","floor":46.0},{"not_picked":[],"picked":"Steam+1","floor":47.0},{"not_picked":["Redo"],"picked":"SKIP","floor":48.0}],"player_experience":35211,"relics_obtained":[{"floor":7.0,"key":"Matryoshka"},{"floor":9.0,"key":"Centennial Puzzle"},{"floor":9.0,"key":"Lantern"},{"floor":12.0,"key":"Oddly Smooth Stone"},{"floor":26.0,"key":"PreservedInsect"},{"floor":26.0,"key":"War Paint"},{"floor":41.0,"key":"Kunai"},{"floor":43.0,"key":"Calipers"},{"floor":47.0,"key":"Ancient Tea Set"}],"event_choices":[{"damage_healed":3.0,"max_hp_gain":0.0,"max_hp_loss":0.0,"gold_gain":0.0,"event_name":"Wheel of Change","player_choice":"Full Heal","floor":10.0,"gold_loss":0.0,"damage_taken":0.0},{"damage_healed":0.0,"max_hp_gain":0.0,"max_hp_loss":0.0,"gold_gain":0.0,"event_name":"Back to Basics","player_choice":"Simplicity","floor":20.0,"gold_loss":0.0,"damage_taken":0.0,"cards_upgraded":["Strike_B","Strike_B","Strike_B","Strike_B","Defend_B","Defend_B","Defend_B","Defend_B"]},{"damage_healed":0.0,"max_hp_gain":0.0,"max_hp_loss":0.0,"gold_gain":0.0,"event_name":"The Mausoleum","player_choice":"Opened","floor":31.0,"gold_loss":0.0,"damage_taken":0.0,"relics_obtained":["Art of War"]},{"damage_healed":22.0,"max_hp_gain":0.0,"max_hp_loss":0.0,"gold_gain":0.0,"event_name":"Winding Halls","player_choice":"Writhe","floor":37.0,"gold_loss":0.0,"damage_taken":0.0,"cards_obtained":["Writhe"]},{"cards_removed":["Leap"],"damage_healed":0.0,"max_hp_gain":0.0,"max_hp_loss":0.0,"gold_gain":0.0,"event_name":"Falling","player_choice":"Removed Skill","floor":40.0,"gold_loss":0.0,"damage_taken":0.0}],"is_beta":false,"boss_relics":[{"not_picked":["White Beast Statue","Coffee Dripper"],"picked":"Busted Crown"},{"not_picked":["Snecko Eye","Inserter"],"picked":"Philosopher\u0027s Stone"}],"items_purged_floors":[],"is_endless":false,"potions_floor_spawned":[2,4,7,16,25,27,28,29,35,41,46,47],"killed_by":"Time Eater","ascension_level":2}