{"gold_per_floor":[114,114,189,189,205,232,232,264,334,334,334,99,114,132,132,234,234,234,234,234,234,234,234,234,234,234,234,234,234,165,165,165,165,165,165,165,165,36,36,36,36,36,36,36,36,36,36,36,36,36],"floor_reached":51,"playtime":4122,"items_purged":["Strike_G"],"score":1195,"play_id":"c077ed97-4cf6-4886-bee0-2f0e75dc3aa2","local_time":"20190101003311","is_ascension_mode":true,"campfire_choices":[{"data":"Leg Sweep","floor":7.0,"key":"SMITH"},{"data":"Blur","floor":10.0,"key":"SMITH"},{"floor":15.0,"key":"REST"},{"floor":24,"key":"REST"},{"data":"After Image","floor":28,"key":"SMITH"},{"floor":32,"key":"REST"},{"data":"Well Laid Plans","floor":40,"key":"SMITH"},{"data":"Catalyst","floor":45,"key":"SMITH"},{"floor":49,"key":"REST"}],"neow_cost":"NONE","seed_source_timestamp":0,"circlet_count":0,"master_deck":["AscendersBane","Defend_G","Defend_G","Defend_G","Defend_G","Defend_G","Strike_G","Strike_G","Strike_G","Survivor","Neutralize+1","Blur+1","Leg Sweep+1","Dodge and Roll","Catalyst+1","After Image","Well Laid Plans+1","Impatience","Infinite Blades","Poisoned Stab","Wraith Form v2","PiercingWail","After Image+1","Backstab","Envenom","Footwork","Dash","Quick Slash","Infinite Blades","Corpse Explosion","Envenom","Bane","Leg Sweep","Bane","Acrobatics","Setup","Venomology"],"special_seed":0,"relics":["Ring of the Snake","NeowsBlessing","Snake Skull","Lantern","Question Card","Ectoplasm","Strawberry","Blood Vial","Busted Crown"],"potions_floor_usage":[20,31,33,50,50,50],"damage_taken":[{"damage":0.0,"enemies":"Small Slimes","floor":1.0,"turns":1.0},{"damage":0.0,"enemies":"Cultist","floor":5.0,"turns":1.0},{"damage":0.0,"enemies":"Gremlin Nob","floor":6.0,"turns":1.0},{"damage":29.0,"enemies":"3 Sentries","floor":8.0,"turns":19.0},{"damage":0.0,"enemies":"2 Louse","floor":13.0,"turns":4.0},{"damage":21.0,"enemies":"Gremlin Gang","floor":14.0,"turns":10.0},{"damage":0.0,"enemies":"The Guardian","floor":16.0,"turns":10.0},{"damage":0.0,"enemies":"Shell Parasite","floor":18.0,"turns":8.0},{"damage":0,"enemies":"Spheric Guardian","floor":20,"turns":6},{"damage":17,"enemies":"Centurion and Healer","floor":21,"turns":15},{"damage":18,"enemies":"Book of Stabbing","floor":23,"turns":9},{"damage":14,"enemies":"Snake Plant","floor":25,"turns":7},{"damage":23,"enemies":"Cultist and Chosen","floor":29,"turns":9},{"damage":3,"enemies":"Sentry and Sphere","floor":31,"turns":8},{"damage":6,"enemies":"Automaton","floor":33,"turns":10},{"damage":0,"enemies":"Orb Walker","floor":35,"turns":4},{"damage":0,"enemies":"3 Shapes","floor":36,"turns":3},{"damage":0,"enemies":"Sphere and 2 Shapes","floor":41,"turns":8},{"damage":0,"enemies":"3 Darklings","floor":42,"turns":4},{"damage":29,"enemies":"Transient","floor":44,"turns":5},{"damage":14,"enemies":"Maw","floor":46,"turns":7},{"damage":10,"enemies":"Sphere and 2 Shapes","floor":47,"turns":8},{"damage":8,"enemies":"4 Shapes","floor":48,"turns":9},{"damage":40,"enemies":"Time Eater","floor":50,"turns":8}],"seed_played":"146301055079817361","potions_obtained":[{"floor":6.0,"key":"FearPotion"},{"floor":8.0,"key":"Poison Potion"},{"floor":14.0,"key":"FearPotion"},{"floor":21,"key":"GhostInAJar"},{"floor":23,"key":"GhostInAJar"},{"floor":31,"key":"Poison Potion"},{"floor":35,"key":"Ancient Potion"},{"floor":39,"key":"GhostInAJar"}],"is_trial":false,"path_per_floor":["M","$","?","?","M","E","R","E","T","R","?","$","M","M","R","B",null,"M","?","M","M","?","E","R","M","T","?","R","M","$","M","R","B",null,"M","M","?","$","?","R","M","M","T","M","R","M","M","M","R","B",null],"character_chosen":"THE_SILENT","items_purchased":["Well Laid Plans","Impatience","Corpse Explosion","Leg Sweep","Bane"],"campfire_rested":4,"item_purchase_floors":[12,12,30,38,38],"current_hp_per_floor":[63,63,52,52,52,52,52,23,23,23,23,23,23,2,23,23,58,58,58,58,41,41,30,53,39,39,39,39,18,18,17,40,36,67,69,71,71,71,71,71,73,75,75,48,48,36,28,22,45,7],"gold":36,"neow_bonus":"THREE_ENEMY_KILL","is_prod":false,"is_daily":false,"chose_seed":false,"campfire_upgraded":5,"win_rate":0,"timestamp":1546320791,"path_taken":["M","$","?","?","?","E","R","E","T","R","?","$","M","?","R","BOSS","M","?","?","?","?","E","R","M","T","?","R","?","$","?","R","BOSS","M","M","?","$","?","R","M","M","T","M","R","M","M","M","R","BOSS"],"build_version":"2018-12-20","purchased_purges":1,"victory":true,"max_hp_per_floor":[70,70,70,70,70,70,70,70,70,70,70,70,70,70,70,70,70,70,70,70,70,70,77,77,77,77,77,77,77,77,77,77,77,77,77,77,77,77,77,77,77,77,77,77,77,77,77,77,77,77],"card_choices":[{"not_picked":["Outmaneuver","Dagger Spray"],"picked":"Blur","floor":1.0},{"not_picked":["Dash","Dagger Throw"],"picked":"Leg Sweep","floor":5.0},{"not_picked":["Deflect","Slice"],"picked":"Dodge and Roll","floor":6.0},{"not_picked":["Cloak And Dagger","Bane","Flying Knee"],"picked":"SKIP","floor":8.0},{"not_picked":["Grand Finale","Bane","Deflect"],"picked":"Infinite Blades","floor":13.0},{"not_picked":["Sucker Punch","Deflect","Well Laid Plans"],"picked":"Poisoned Stab","floor":14.0},{"not_picked":["Grand Finale","A Thousand Cuts","Storm of Steel"],"picked":"Wraith Form v2","floor":16.0},{"not_picked":["Accuracy","Underhanded Strike","Acrobatics"],"picked":"PiercingWail","floor":18.0},{"not_picked":["Leg Sweep","Sucker Punch","Flying Knee"],"picked":"Backstab","floor":20},{"not_picked":["Underhanded Strike","Backflip","Deflect+1"],"picked":"Envenom","floor":21},{"not_picked":["Deadly Poison","Slice","Outmaneuver"],"picked":"Footwork","floor":23},{"not_picked":["Blade Dance","Backflip","Masterful Stab"],"picked":"Dash","floor":25},{"not_picked":["Bouncing Flask","Acrobatics","Slice+1"],"picked":"Infinite Blades","floor":29},{"not_picked":["Blade Dance","Poisoned Stab","Flying Knee","Outmaneuver"],"picked":"SKIP","floor":31},{"not_picked":["Burst","Tools of the Trade","Unload"],"picked":"Envenom","floor":33},{"not_picked":["Backstab"],"picked":"Bane","floor":35},{"not_picked":["Dagger Throw","Prepared"],"picked":"SKIP","floor":36},{"not_picked":["Dodge and Roll"],"picked":"Acrobatics","floor":41},{"not_picked":["Heel Hook+1","Dodge and Roll"],"picked":"SKIP","floor":42},{"not_picked":["Cloak And Dagger"],"picked":"Setup","floor":44},{"not_picked":["Backflip"],"picked":"Venomology","floor":46},{"not_picked":["Cloak And Dagger","Blade Dance"],"picked":"SKIP","floor":47},{"not_picked":["Dagger Spray+1","Flechettes"],"picked":"SKIP","floor":48}],"player_experience":375916,"relics_obtained":[{"floor":6.0,"key":"Snake Skull"},{"floor":8.0,"key":"Lantern"},{"floor":9.0,"key":"Question Card"},{"floor":23,"key":"Strawberry"},{"floor":26,"key":"Blood Vial"}],"event_choices":[{"damage_healed":0.0,"max_hp_gain":0.0,"max_hp_loss":0.0,"gold_gain":75.0,"event_name":"World of Goop","player_choice":"Gather Gold","floor":3.0,"gold_loss":0.0,"damage_taken":11.0},{"damage_healed":0.0,"max_hp_gain":0.0,"max_hp_loss":0.0,"gold_gain":0.0,"event_name":"Upgrade Shrine","player_choice":"Upgraded","floor":4.0,"gold_loss":0.0,"damage_taken":0.0,"cards_upgraded":["Neutralize"]},{"damage_healed":0.0,"max_hp_gain":0.0,"max_hp_loss":0.0,"gold_gain":0.0,"event_name":"Match and Keep!","player_choice":"2 cards matched","floor":11.0,"gold_loss":0.0,"damage_taken":0.0,"cards_obtained":["Catalyst","After Image"]},{"damage_healed":0.0,"max_hp_gain":0.0,"max_hp_loss":0.0,"gold_gain":0.0,"event_name":"Duplicator","player_choice":"Copied","floor":19.0,"gold_loss":0.0,"damage_taken":0.0,"cards_obtained":["After Image"]},{"damage_healed":0,"gold_gain":0,"player_choice":"Ignored","damage_taken":0,"max_hp_gain":0,"max_hp_loss":0,"event_name":"Ghosts","floor":22,"gold_loss":0},{"damage_healed":0,"gold_gain":0,"cards_transformed":["Strike_G"],"player_choice":"Transformed","damage_taken":0,"max_hp_gain":0,"max_hp_loss":0,"event_name":"Transmorgrifier","floor":27,"gold_loss":0,"cards_obtained":["Quick Slash"]},{"damage_healed":0,"gold_gain":0,"player_choice":"Ignored","damage_taken":0,"max_hp_gain":0,"max_hp_loss":0,"event_name":"Tomb of Lord Red Mask","floor":37,"gold_loss":0},{"damage_healed":0,"gold_gain":0,"player_choice":"Got Potions","damage_taken":0,"max_hp_gain":0,"max_hp_loss":0,"event_name":"Lab","floor":39,"gold_loss":0}],"is_beta":false,"boss_relics":[{"not_picked":["Runic Pyramid","Coffee Dripper"],"picked":"Ectoplasm"},{"not_picked":["Fusion Hammer","Orrery"],"picked":"Busted Crown"}],"items_purged_floors":[12],"is_endless":false,"potions_floor_spawned":[6,8,14,21,23,25,29,31,35,41],"ascension_level":12}