{"gold_per_floor":[114,189,189,114,134,134,134,134,134,134,164,339,354,379,379,477,477,492,518,617,629,554,554,224,237,237,247,266,266,277,1,1,1],"floor_reached":33,"playtime":972,"items_purged":["Defend_R","Strike_R","Strike_R"],"score":278,"play_id":"361ab8e7-ac01-4c4a-9bfe-8db85516ba55","local_time":"20190320052211","is_ascension_mode":true,"campfire_choices":[{"data":"Uppercut","floor":6,"key":"SMITH"},{"data":"Cleave","floor":8,"key":"SMITH"},{"data":"Bash","floor":10,"key":"SMITH"},{"floor":15,"key":"REST"},{"floor":23,"key":"REST"},{"floor":32,"key":"REST"}],"neow_cost":"NONE","seed_source_timestamp":333299118151995,"circlet_count":0,"master_deck":["Strike_R","Defend_R","Defend_R","Defend_R","Bash+1","Limit Break+1","Cleave+1","Uppercut+1","Inflame","Second Wind","Rampage","Bludgeon","Rupture+1","Clash","Bloodletting","Flex","Heavy Blade","Spot Weakness+1","Armaments+1"],"relics":["Burning Blood","Centennial Puzzle","Matryoshka","Pocketwatch","Lizard Tail","Red Mask","Strawberry","Bronze Scales","Vajra"],"potions_floor_usage":[19,21,25,27],"damage_taken":[{"damage":2,"enemies":"Jaw Worm","floor":1,"turns":3},{"damage":2,"enemies":"2 Louse","floor":5,"turns":2},{"damage":26,"enemies":"3 Sentries","floor":11,"turns":5},{"damage":0,"enemies":"Small Slimes","floor":13,"turns":2},{"damage":24,"enemies":"Gremlin Nob","floor":14,"turns":4},{"damage":26,"enemies":"Hexaghost","floor":16,"turns":6},{"damage":23,"enemies":"Spheric Guardian","floor":18,"turns":4},{"damage":64,"enemies":"Masked Bandits","floor":19,"turns":5},{"damage":11,"enemies":"2 Thieves","floor":21,"turns":3},{"damage":33,"enemies":"Cultist and Chosen","floor":25,"turns":7},{"damage":35,"enemies":"Snake Plant","floor":27,"turns":3},{"damage":24,"enemies":"Chosen and Byrds","floor":28,"turns":5},{"damage":11,"enemies":"Snecko","floor":30,"turns":3},{"damage":56,"enemies":"Champ","floor":33,"turns":5}],"seed_played":"824868994292875360","potions_obtained":[{"floor":13,"key":"Dexterity Potion"},{"floor":14,"key":"FairyPotion"},{"floor":16,"key":"Ancient Potion"},{"floor":19,"key":"Block Potion"},{"floor":25,"key":"Regen Potion"},{"floor":28,"key":"Ancient Potion"}],"is_trial":false,"path_per_floor":["M","?","?","$","M","R","?","R","T","R","E","?","M","E","R","B",null,"M","?","?","M","?","R","$","M","T","M","M","?","M","$","R","B"],"character_chosen":"IRONCLAD","items_purchased":["Strawberry","Bloodletting","Vajra"],"campfire_rested":3,"item_purchase_floors":[24,24,31],"current_hp_per_floor":[80,69,69,69,73,73,66,66,66,66,46,46,52,34,58,38,80,63,14,14,9,9,33,40,13,13,41,23,23,18,18,44,0],"gold":1,"neow_bonus":"TRANSFORM_CARD","is_prod":false,"is_daily":false,"chose_seed":false,"campfire_upgraded":3,"win_rate":0,"timestamp":1553084531,"path_taken":["M","?","?","$","M","R","?","R","T","R","E","?","M","E","R","BOSS","M","?","?","M","?","R","?","M","T","M","?","?","M","$","R","BOSS"],"build_version":"2019-01-23","purchased_purges":3,"victory":false,"max_hp_per_floor":[80,80,80,80,80,80,80,80,80,80,80,80,80,80,80,80,80,80,80,80,80,80,80,87,87,87,87,87,87,87,87,87,87],"card_choices":[{"not_picked":["Twin Strike","Clash"],"picked":"Cleave","floor":1},{"not_picked":["Flame Barrier","Evolve"],"picked":"Uppercut","floor":5},{"not_picked":["Entrench","Shrug It Off"],"picked":"Inflame","floor":11},{"not_picked":["Warcry","Shockwave"],"picked":"Second Wind","floor":13},{"not_picked":["Juggernaut","Carnage"],"picked":"Rampage","floor":14},{"not_picked":["Double Tap","Impervious"],"picked":"Bludgeon","floor":16},{"not_picked":["Carnage","Metallicize"],"picked":"Rupture+1","floor":18},{"not_picked":["Sword Boomerang","Clothesline"],"picked":"Clash","floor":21},{"not_picked":["Berserk","Shrug It Off"],"picked":"Flex","floor":25},{"not_picked":["Body Slam","Shockwave+1"],"picked":"Heavy Blade","floor":27},{"not_picked":["Dual Wield","Disarm+1"],"picked":"Spot Weakness+1","floor":28},{"not_picked":["Havoc+1","Shockwave"],"picked":"Armaments+1","floor":30}],"player_experience":373980,"relics_obtained":[{"floor":9,"key":"Centennial Puzzle"},{"floor":11,"key":"Matryoshka"},{"floor":14,"key":"Pocketwatch"},{"floor":19,"key":"Red Mask"},{"floor":26,"key":"Bronze Scales"}],"event_choices":[{"damage_healed":0,"gold_gain":75,"player_choice":"Gather Gold","damage_taken":11,"max_hp_gain":0,"max_hp_loss":0,"event_name":"World of Goop","floor":2,"gold_loss":0},{"damage_healed":0,"gold_gain":0,"player_choice":"Grow","damage_taken":0,"max_hp_gain":0,"max_hp_loss":0,"event_name":"Living Wall","floor":3,"gold_loss":0,"cards_upgraded":["Limit Break"]},{"cards_removed":["Strike_R"],"damage_healed":0,"gold_gain":0,"player_choice":"Card Removal","damage_taken":7,"max_hp_gain":0,"max_hp_loss":0,"event_name":"Golden Wing","floor":7,"gold_loss":0},{"damage_healed":0,"gold_gain":175,"player_choice":"AGREE","damage_taken":0,"max_hp_gain":0,"max_hp_loss":0,"event_name":"Liars Game","floor":12,"gold_loss":0,"cards_obtained":["Doubt"]},{"damage_healed":0,"gold_gain":0,"player_choice":"Fought Bandits","damage_taken":0,"max_hp_gain":0,"max_hp_loss":0,"event_name":"Masked Bandits","floor":19,"gold_loss":0},{"damage_healed":0,"gold_gain":99,"player_choice":"Stole From Cult","damage_taken":0,"max_hp_gain":0,"max_hp_loss":0,"event_name":"Nest","floor":20,"gold_loss":0},{"cards_removed":["Doubt"],"damage_healed":0,"gold_gain":0,"player_choice":"Gave Gold","damage_taken":0,"max_hp_gain":0,"max_hp_loss":0,"event_name":"Beggar","floor":22,"gold_loss":75},{"damage_healed":0,"gold_gain":0,"player_choice":"Ignored","damage_taken":0,"max_hp_gain":0,"max_hp_loss":0,"event_name":"Vampires","floor":29,"gold_loss":0}],"is_beta":false,"boss_relics":[{"not_picked":["Runic Pyramid","Tiny House"],"picked":"Lizard Tail"}],"items_purged_floors":[4,24,31],"is_endless":false,"potions_floor_spawned":[13,14,16,19,25,28],"killed_by":"Champ","ascension_level":2}