{"gold_per_floor":[119,139,154,166,182,182,215,215,215,232,288,288,288,253,253,253],"floor_reached":16,"playtime":470,"items_purged":[],"score":204,"play_id":"9795788e-18f3-4dca-bf28-5726f888e5de","local_time":"20190322170004","is_ascension_mode":true,"campfire_choices":[{"data":"Bash","floor":6,"key":"SMITH"},{"data":"Whirlwind","floor":8,"key":"SMITH"},{"data":"Shockwave","floor":13,"key":"SMITH"},{"data":"Clothesline","floor":15,"key":"SMITH"}],"neow_cost":"NONE","seed_source_timestamp":822961002452531,"circlet_count":0,"master_deck":["AscendersBane","Strike_R+1","Strike_R","Strike_R","Strike_R+1","Strike_R","Defend_R+1","Defend_R+1","Defend_R","Defend_R","Bash+1","Heavy Blade","Whirlwind+1","Clothesline+1","Feed","Cleave","Shockwave+1"],"special_seed":0,"relics":["Burning Blood","Blood Vial","Pantograph","War Paint"],"potions_floor_usage":[5,7],"damage_taken":[{"damage":1.0,"enemies":"Cultist","floor":1.0,"turns":3.0},{"damage":0.0,"enemies":"2 Louse","floor":2.0,"turns":4.0},{"damage":4.0,"enemies":"Small Slimes","floor":3.0,"turns":4.0},{"damage":16.0,"enemies":"2 Fungi Beasts","floor":4.0,"turns":3.0},{"damage":15,"enemies":"3 Louse","floor":5,"turns":5},{"damage":25,"enemies":"3 Sentries","floor":7,"turns":6},{"damage":0,"enemies":"Gremlin Gang","floor":10,"turns":1},{"damage":32,"enemies":"Gremlin Nob","floor":11,"turns":4},{"damage":53,"enemies":"Slime Boss","floor":16,"turns":7}],"seed_played":"-5402318131228244320","potions_obtained":[{"floor":2.0,"key":"EssenceOfSteel"},{"floor":3.0,"key":"EssenceOfSteel"},{"floor":4.0,"key":"PowerPotion"},{"floor":5,"key":"LiquidBronze"},{"floor":11,"key":"EssenceOfSteel"}],"is_trial":false,"path_per_floor":["M","M","M","M","M","R","E","R","T","M","?","?","R","?","R","B"],"character_chosen":"IRONCLAD","items_purchased":[],"campfire_rested":0,"item_purchase_floors":[],"current_hp_per_floor":[80,82,82,72,63,63,44,44,44,52,28,3,3,23,23,0],"gold":253,"neow_bonus":"TEN_PERCENT_HP_BONUS","is_prod":false,"is_daily":false,"chose_seed":false,"campfire_upgraded":4,"win_rate":0,"timestamp":1553288404,"path_taken":["M","M","?","M","M","R","E","R","T","M","?","?","R","?","R","BOSS"],"build_version":"2019-03-15","purchased_purges":0,"victory":false,"max_hp_per_floor":[82,82,82,82,82,82,82,82,82,82,82,82,82,82,82,82],"card_choices":[{"not_picked":["Warcry","Havoc","Pummel"],"picked":"SKIP","floor":1.0},{"not_picked":["Havoc","Sever Soul","Pummel"],"picked":"SKIP","floor":2.0},{"not_picked":["Fire Breathing","Dropkick"],"picked":"Heavy Blade","floor":3.0},{"not_picked":["Fire Breathing","Combust"],"picked":"Whirlwind","floor":4.0},{"not_picked":["Wild Strike","Heavy Blade"],"picked":"Clothesline","floor":5},{"not_picked":["Hemokinesis","Seeing Red"],"picked":"Feed","floor":7},{"not_picked":["Warcry","Heavy Blade"],"picked":"Cleave","floor":10},{"not_picked":["Seeing Red","Sever Soul"],"picked":"Shockwave","floor":11}],"player_experience":1182705,"relics_obtained":[{"floor":7,"key":"Blood Vial"},{"floor":9,"key":"Pantograph"},{"floor":11,"key":"War Paint"}],"event_choices":[{"damage_healed":0,"gold_gain":0,"player_choice":"Searched \u00272\u0027 times","damage_taken":0,"max_hp_gain":0,"max_hp_loss":0,"event_name":"Dead Adventurer","floor":11,"gold_loss":0},{"damage_healed":0,"gold_gain":0,"player_choice":"Entered Light","damage_taken":25,"max_hp_gain":0,"max_hp_loss":0,"event_name":"Shining Light","floor":12,"gold_loss":0,"cards_upgraded":["Strike_R","Strike_R"]},{"damage_healed":20,"gold_gain":0,"player_choice":"Healed","damage_taken":0,"max_hp_gain":0,"max_hp_loss":0,"event_name":"The Cleric","floor":14,"gold_loss":35}],"is_beta":true,"boss_relics":[],"items_purged_floors":[],"is_endless":false,"potions_floor_spawned":[2,3,4,5,11],"killed_by":"Slime Boss","ascension_level":20}