{"gold_per_floor":[110,110,122,139,139,139,165,165,189,206,222,8,24,54,54,128,128,143,160,160,27,27,27],"floor_reached":23,"playtime":1409,"items_purged":["Strike_B"],"score":402,"play_id":"fd9f488f-99a2-4454-8188-d5a1fe4affe0","local_time":"20190215234434","is_ascension_mode":true,"campfire_choices":[{"data":"Zap","floor":6.0,"key":"SMITH"},{"data":"Dualcast","floor":8.0,"key":"SMITH"},{"floor":15.0,"key":"REST"}],"neow_cost":"NONE","seed_source_timestamp":0,"circlet_count":0,"master_deck":["AscendersBane","Strike_B","Defend_B","Defend_B","Defend_B","Defend_B","Zap+1","Dualcast+1","Ball Lightning+1","Ball Lightning","Gash+1","Coolheaded","Capacitor","Conserve Battery","Hologram+1","All For One","Beam Cell","Go for the Eyes","All For One"],"special_seed":0,"relics":["Cracked Core","Boot","Potion Belt","Whetstone","Coffee Dripper"],"potions_floor_usage":[23,23],"damage_taken":[{"damage":9.0,"enemies":"2 Louse","floor":1.0,"turns":2.0},{"damage":2.0,"enemies":"Cultist","floor":3.0,"turns":4.0},{"damage":7.0,"enemies":"Jaw Worm","floor":4.0,"turns":3.0},{"damage":10.0,"enemies":"3 Sentries","floor":7.0,"turns":4.0},{"damage":0.0,"enemies":"Exordium Wildlife","floor":10.0,"turns":1.0},{"damage":6.0,"enemies":"Large Slime","floor":11.0,"turns":3.0},{"damage":9.0,"enemies":"2 Fungi Beasts","floor":13.0,"turns":3.0},{"damage":3.0,"enemies":"Lagavulin","floor":14.0,"turns":7.0},{"damage":16.0,"enemies":"Hexaghost","floor":16.0,"turns":9.0},{"damage":18.0,"enemies":"2 Thieves","floor":18.0,"turns":3.0},{"damage":13.0,"enemies":"Spheric Guardian","floor":19.0,"turns":4.0},{"damage":33,"enemies":"Slavers","floor":23,"turns":3}],"seed_played":"2199169969533385476","potions_obtained":[{"floor":0.0,"key":"SkillPotion"},{"floor":0.0,"key":"Explosive Potion"},{"floor":3.0,"key":"AttackPotion"},{"floor":7.0,"key":"Swift Potion"},{"floor":10.0,"key":"Block Potion"},{"floor":13.0,"key":"Regen Potion"},{"floor":14.0,"key":"LiquidBronze"}],"is_trial":false,"path_per_floor":["M","?","M","M","?","R","E","R","T","M","M","$","M","E","R","B",null,"M","M","?","$","?","E"],"character_chosen":"DEFECT","items_purchased":["Capacitor","FearPotion","All For One","AttackPotion"],"campfire_rested":1,"item_purchase_floors":[12,12,21,21],"current_hp_per_floor":[55,48,46,39,39,39,29,29,29,29,23,23,14,26,47,31,61,43,30,30,30,30,0],"gold":27,"neow_bonus":"THREE_SMALL_POTIONS","is_prod":false,"is_daily":false,"chose_seed":false,"campfire_upgraded":2,"win_rate":0,"timestamp":1550292274,"path_taken":["M","?","M","M","?","R","E","R","T","M","M","$","M","E","R","BOSS","M","M","?","?","?","E"],"build_version":"2019-01-23","purchased_purges":1,"victory":false,"max_hp_per_floor":[71,71,71,71,71,71,71,71,71,71,71,71,71,71,71,71,71,71,71,71,71,71,71],"card_choices":[{"not_picked":["Rebound","Aggregate","Steam"],"picked":"SKIP","floor":1.0},{"not_picked":["Turbo","Compile Driver"],"picked":"Ball Lightning","floor":3.0},{"not_picked":["Hello World","Stack"],"picked":"Ball Lightning","floor":4.0},{"not_picked":["Steam","Consume"],"picked":"Gash","floor":7.0},{"not_picked":["Melter","Meteor Strike","Chill"],"picked":"SKIP","floor":10.0},{"not_picked":["Go for the Eyes","Steam"],"picked":"Coolheaded","floor":11.0},{"not_picked":["Steam","Barrage"],"picked":"Conserve Battery","floor":13.0},{"not_picked":["BootSequence","Redo"],"picked":"Hologram","floor":14.0},{"not_picked":["Meteor Strike","Hyperbeam"],"picked":"All For One","floor":16.0},{"not_picked":["Hologram","Cold Snap"],"picked":"Beam Cell","floor":18.0},{"not_picked":["Conserve Battery","Auto Shields+1"],"picked":"Go for the Eyes","floor":19.0}],"player_experience":556365,"relics_obtained":[{"floor":7.0,"key":"Boot"},{"floor":9.0,"key":"Potion Belt"},{"floor":14.0,"key":"Whetstone"}],"event_choices":[{"cards_removed":["Strike_B"],"damage_healed":0.0,"max_hp_gain":0.0,"max_hp_loss":0.0,"gold_gain":0.0,"event_name":"Golden Wing","player_choice":"Card Removal","floor":2.0,"gold_loss":0.0,"damage_taken":7.0},{"cards_removed":["Strike_B"],"damage_healed":0.0,"max_hp_gain":0.0,"max_hp_loss":0.0,"gold_gain":0.0,"event_name":"Living Wall","player_choice":"Forget","floor":5.0,"gold_loss":0.0,"damage_taken":0.0},{"damage_healed":0.0,"max_hp_gain":0.0,"max_hp_loss":0.0,"gold_gain":0.0,"event_name":"Accursed Blacksmith","player_choice":"Forge","floor":20.0,"gold_loss":0.0,"damage_taken":0.0,"cards_upgraded":["Hologram"]},{"damage_healed":0.0,"max_hp_gain":0.0,"max_hp_loss":0.0,"gold_gain":0.0,"event_name":"Vampires","player_choice":"Ignored","floor":22.0,"gold_loss":0.0,"damage_taken":0.0}],"is_beta":false,"boss_relics":[{"not_picked":["Runic Dome","Orrery"],"picked":"Coffee Dripper"}],"items_purged_floors":[12],"is_endless":false,"potions_floor_spawned":[3,7,10,13,14],"killed_by":"Slavers","ascension_level":20}