{"gold_per_floor":[368,368,383,31,49,49,78,97,97,97,109,134,134,168,168,245,245,259,272,85,10,10,10,43,43,43,56,83,95,129,55,55,128,128,147,158,158,77,127,158,158,183,183,217,217,217,232,332,332,332,332,332,332,21,52,52],"floor_reached":56,"playtime":3658,"items_purged":["Clumsy","Scrape"],"score":2243,"play_id":"c6418bb8-fa92-4058-a00d-218e2b3a2eae","local_time":"20190216010319","is_ascension_mode":true,"campfire_choices":[{"data":"Zap","floor":6.0,"key":"SMITH"},{"data":"Dualcast","floor":10.0,"key":"SMITH"},{"data":"Double Energy","floor":15.0,"key":"SMITH"},{"data":"Sweeping Beam","floor":23.0,"key":"SMITH"},{"data":"Storm","floor":25.0,"key":"SMITH"},{"data":"Heatsinks","floor":32.0,"key":"SMITH"},{"data":"Decay","floor":41.0,"key":"PURGE"},{"data":"Shame","floor":45.0,"key":"PURGE"},{"floor":49.0,"key":"RECALL"},{"data":"Clumsy","floor":53.0,"key":"PURGE"}],"neow_cost":"CURSE","seed_source_timestamp":0,"circlet_count":0,"master_deck":["AscendersBane","Zap+1","Dualcast+1","Sweeping Beam+1","Ball Lightning","Ball Lightning","Ball Lightning","Ball Lightning","Hologram+1","Double Energy+1","Thunder Strike","Creative AI","Self Repair","Self Repair","FTL","Chill","Compile Driver+1","Rip and Tear","Chill","Glacier","Storm+1","Static Discharge","Coolheaded","Fission","Heatsinks+1","Meteor Strike+1","Electrodynamics","Capacitor","Master of Strategy","Panacea","Magnetism","Defragment","Compile Driver","Coolheaded","Echo Form","Amplify","Conserve Battery","Leap+1"],"special_seed":0,"relics":["Cracked Core","Orichalcum","Dream Catcher","Cables","Ice Cream","Mummified Hand","Pandora\u0027s Box","Shuriken","Mercury Hourglass","Bronze Scales","Peace Pipe","Calling Bell","Boot","Pantograph","Gambling Chip","Incense Burner","Bottled Flame","Gremlin Horn","Whetstone","Emotion Chip","StoneCalendar"],"potions_floor_usage":[],"damage_taken":[{"damage":4.0,"enemies":"Jaw Worm","floor":1.0,"turns":3.0},{"damage":6.0,"enemies":"Cultist","floor":3.0,"turns":3.0},{"damage":0.0,"enemies":"2 Louse","floor":5.0,"turns":2.0},{"damage":12.0,"enemies":"3 Sentries","floor":7.0,"turns":4.0},{"damage":0.0,"enemies":"2 Fungi Beasts","floor":8.0,"turns":2.0},{"damage":3.0,"enemies":"3 Louse","floor":11.0,"turns":2.0},{"damage":2.0,"enemies":"Gremlin Nob","floor":12.0,"turns":3.0},{"damage":10.0,"enemies":"Lagavulin","floor":14.0,"turns":5.0},{"damage":21.0,"enemies":"The Guardian","floor":16.0,"turns":6.0},{"damage":4.0,"enemies":"Chosen","floor":18.0,"turns":3.0},{"damage":6.0,"enemies":"2 Thieves","floor":19.0,"turns":2.0},{"damage":9.0,"enemies":"Gremlin Leader","floor":24.0,"turns":4.0},{"damage":14.0,"enemies":"Snake Plant","floor":27.0,"turns":2.0},{"damage":21.0,"enemies":"Book of Stabbing","floor":28.0,"turns":2.0},{"damage":17.0,"enemies":"Centurion and Healer","floor":29.0,"turns":3.0},{"damage":3.0,"enemies":"Gremlin Leader","floor":30.0,"turns":3.0},{"damage":12.0,"enemies":"Champ","floor":33.0,"turns":5.0},{"damage":10.0,"enemies":"Orb Walker","floor":35.0,"turns":3.0},{"damage":0.0,"enemies":"3 Darklings","floor":36.0,"turns":1.0},{"damage":29.0,"enemies":"2 Orb Walkers","floor":39.0,"turns":3.0},{"damage":0.0,"enemies":"Reptomancer","floor":40.0,"turns":2.0},{"damage":0.0,"enemies":"Giant Head","floor":42.0,"turns":2.0},{"damage":0.0,"enemies":"Reptomancer","floor":44.0,"turns":2.0},{"damage":14.0,"enemies":"Jaw Worm Horde","floor":47.0,"turns":2.0},{"damage":0.0,"enemies":"Mind Bloom Boss Battle","floor":48.0,"turns":3.0},{"damage":22.0,"enemies":"Time Eater","floor":50.0,"turns":5.0},{"damage":8.0,"enemies":"Awakened One","floor":51.0,"turns":3.0},{"damage":45.0,"enemies":"Shield and Spear","floor":55.0,"turns":3.0},{"damage":70,"enemies":"The Heart","floor":56,"turns":3}],"seed_played":"867879052213625989","potions_obtained":[{"floor":8.0,"key":"FairyPotion"},{"floor":12.0,"key":"FocusPotion"},{"floor":16.0,"key":"Weak Potion"},{"floor":24.0,"key":"GamblersBrew"},{"floor":28.0,"key":"FearPotion"},{"floor":35.0,"key":"AttackPotion"},{"floor":39.0,"key":"Block Potion"},{"floor":44.0,"key":"FocusPotion"}],"is_trial":false,"path_per_floor":["M","$","M","$","M","R","E","M","T","R","M","E","?","E","R","B",null,"M","M","$","?","?","R","E","R","T","M","E","M","E","$","R","B",null,"M","M","?","$","?","E","R","E","T","E","R","?","M","?","R","B","B",null,"R","$","E","B"],"character_chosen":"DEFECT","items_purchased":["Orichalcum","Ball Lightning","Block Potion","Storm","Heatsinks","Defragment","Echo Form","Amplify","Conserve Battery"],"campfire_rested":0,"item_purchase_floors":[4,4,4,20,31,38,54,54,54],"current_hp_per_floor":[60,60,54,54,54,54,42,42,42,42,39,37,37,27,27,6,55,58,59,59,59,59,59,64,64,64,57,43,40,51,51,51,53,67,71,71,61,61,39,46,46,53,53,67,67,67,67,71,71,56,71,71,71,71,40,0],"gold":52,"neow_bonus":"TWO_FIFTY_GOLD","is_prod":false,"is_daily":false,"chose_seed":false,"campfire_upgraded":6,"win_rate":0,"timestamp":1550296999,"path_taken":["M","$","M","$","M","R","E","M","T","R","M","E","?","E","R","BOSS","M","M","$","?","?","R","E","R","T","M","E","M","E","$","R","BOSS","M","M","?","$","?","E","R","E","T","E","R","?","?","?","R","BOSS","BOSS","R","$","E","BOSS"],"build_version":"2019-01-23","purchased_purges":2,"victory":false,"max_hp_per_floor":[71,71,71,71,71,71,71,71,71,71,71,71,71,71,71,71,71,71,71,71,71,71,71,71,71,71,71,71,71,71,71,71,71,71,71,71,71,71,71,71,71,71,71,71,71,71,71,71,71,71,71,71,71,71,71,71],"card_choices":[{"not_picked":["Stack","Double Energy"],"picked":"Sweeping Beam","floor":1.0},{"not_picked":["Rebound","Beam Cell"],"picked":"Ball Lightning","floor":3.0},{"not_picked":["Heatsinks","Rip and Tear"],"picked":"Ball Lightning","floor":5.0},{"not_picked":["Hyperbeam","Lockon","Sweeping Beam"],"picked":"SKIP","floor":7.0},{"not_picked":["Rip and Tear","Sweeping Beam"],"picked":"Ball Lightning","floor":8.0},{"not_picked":["Gash","Skim"],"picked":"Hologram","floor":11.0},{"not_picked":["Chill","Undo"],"picked":"Double Energy","floor":12.0},{"not_picked":["Ball Lightning","Leap"],"picked":"Thunder Strike","floor":14.0},{"not_picked":["Meteor Strike","Thunder Strike"],"picked":"Creative AI","floor":16.0},{"not_picked":["Turbo","Ball Lightning"],"picked":"Chill","floor":18.0},{"not_picked":["Redo","Scrape"],"picked":"Glacier","floor":19.0},{"not_picked":["Chill","Genetic Algorithm"],"picked":"Static Discharge","floor":24.0},{"not_picked":["Barrage","Leap","Beam Cell+1"],"picked":"SKIP","floor":27.0},{"not_picked":["Hello World","Gash","Rebound"],"picked":"SKIP","floor":28.0},{"not_picked":["Scrape","Leap+1"],"picked":"Coolheaded","floor":29.0},{"not_picked":["Melter","Conserve Battery"],"picked":"Fission","floor":30.0},{"not_picked":["Hyperbeam","Thunder Strike"],"picked":"Meteor Strike","floor":33.0},{"not_picked":["Turbo+1","Stack+1"],"picked":"Electrodynamics","floor":35.0},{"not_picked":["Conserve Battery","Darkness"],"picked":"Capacitor","floor":36.0},{"not_picked":["Swift Strike","Good Instincts"],"picked":"Master of Strategy","floor":37.0},{"not_picked":["Jack Of All Trades","Blind"],"picked":"Panacea","floor":37.0},{"not_picked":["Jack Of All Trades","Madness"],"picked":"Magnetism","floor":37.0},{"not_picked":["Sweeping Beam","Gash"],"picked":"Compile Driver","floor":39.0},{"not_picked":["Consume","Streamline+1","Lockon"],"picked":"SKIP","floor":40.0},{"not_picked":["Ball Lightning","Doom and Gloom"],"picked":"Leap","floor":42.0},{"not_picked":["Steam","Go for the Eyes+1","Hello World+1"],"picked":"SKIP","floor":44.0},{"not_picked":["Electrodynamics","Sweeping Beam"],"picked":"Coolheaded","floor":47.0},{"not_picked":["Gash","Redo"],"picked":"Leap+1","floor":55.0}],"player_experience":557774,"relics_obtained":[{"floor":7.0,"key":"Dream Catcher"},{"floor":9.0,"key":"Cables"},{"floor":12.0,"key":"Ice Cream"},{"floor":14.0,"key":"Mummified Hand"},{"floor":24.0,"key":"Shuriken"},{"floor":26.0,"key":"Mercury Hourglass"},{"floor":28.0,"key":"Bronze Scales"},{"floor":30.0,"key":"Peace Pipe"},{"floor":34.0,"key":"Boot"},{"floor":34.0,"key":"Pantograph"},{"floor":34.0,"key":"Gambling Chip"},{"floor":39.0,"key":"Incense Burner"},{"floor":40.0,"key":"Bottled Flame"},{"floor":42.0,"key":"Gremlin Horn"},{"floor":44.0,"key":"Whetstone"},{"floor":48.0,"key":"Emotion Chip"},{"floor":55.0,"key":"StoneCalendar"}],"event_choices":[{"damage_healed":0.0,"max_hp_gain":0.0,"max_hp_loss":0.0,"gold_gain":0.0,"event_name":"Accursed Blacksmith","player_choice":"Forge","floor":13.0,"gold_loss":0.0,"damage_taken":0.0,"cards_upgraded":["Hologram"]},{"cards_removed":["Recycle"],"damage_healed":0.0,"max_hp_gain":0.0,"max_hp_loss":0.0,"gold_gain":0.0,"event_name":"Beggar","player_choice":"Gave Gold","floor":21.0,"gold_loss":75.0,"damage_taken":0.0},{"damage_healed":0.0,"max_hp_gain":0.0,"max_hp_loss":0.0,"gold_gain":0.0,"event_name":"SensoryStone","player_choice":"Memory 3","floor":37.0,"gold_loss":0.0,"damage_taken":10.0},{"damage_healed":0.0,"max_hp_gain":0.0,"max_hp_loss":0.0,"gold_gain":0.0,"event_name":"Mysterious Sphere","player_choice":"Fight","floor":39.0,"gold_loss":0.0,"damage_taken":0.0},{"cards_removed":["Leap"],"damage_healed":0.0,"max_hp_gain":0.0,"max_hp_loss":0.0,"gold_gain":0.0,"event_name":"Falling","player_choice":"Removed Skill","floor":46.0,"gold_loss":0.0,"damage_taken":0.0},{"damage_healed":0.0,"max_hp_gain":0.0,"max_hp_loss":0.0,"gold_gain":0.0,"event_name":"MindBloom","player_choice":"Fight","floor":48.0,"gold_loss":0.0,"damage_taken":0.0}],"is_beta":false,"boss_relics":[{"not_picked":["Philosopher\u0027s Stone","Empty Cage"],"picked":"Pandora\u0027s Box"},{"not_picked":["Velvet Choker","Tiny House"],"picked":"Calling Bell"}],"items_purged_floors":[4,20],"is_endless":false,"potions_floor_spawned":[8,12,16,24,28,29,35,39,44],"killed_by":"The Heart","ascension_level":20}