{"gold_per_floor":[119,139,154,154,154,187,212,212,212,252,252,272,50,68,68,68],"floor_reached":16,"playtime":533,"items_purged":["Strike_G"],"score":118,"play_id":"e904a018-f6c8-4cd7-90fd-71e5944abe13","local_time":"20190307013018","is_ascension_mode":true,"campfire_choices":[{"floor":11,"key":"REST"},{"floor":15,"key":"REST"}],"neow_cost":"NONE","seed_source_timestamp":120974938587026,"circlet_count":0,"master_deck":["Defend_G","Defend_G","Defend_G","Defend_G","Defend_G","Strike_G","Strike_G","Strike_G","Survivor","Neutralize","Glass Knife","Cloak And Dagger+1","Footwork","Blade Dance+1","Finisher","Outmaneuver","Cloak And Dagger"],"relics":["Ring of the Snake","Golden Idol","Omamori","War Paint","Kunai","Vajra"],"potions_floor_usage":[10,10,12],"damage_taken":[{"damage":1,"enemies":"Cultist","floor":1,"turns":3},{"damage":1,"enemies":"Small Slimes","floor":2,"turns":3},{"damage":7,"enemies":"Jaw Worm","floor":3,"turns":4},{"damage":21,"enemies":"Lagavulin","floor":6,"turns":9},{"damage":6,"enemies":"2 Fungi Beasts","floor":7,"turns":4},{"damage":4,"enemies":"Gremlin Nob","floor":10,"turns":3},{"damage":17,"enemies":"Blue Slaver","floor":12,"turns":4},{"damage":3,"enemies":"Large Slime","floor":14,"turns":3},{"damage":31,"enemies":"Hexaghost","floor":16,"turns":9}],"seed_played":"-8917547361637987899","potions_obtained":[{"floor":6,"key":"Weak Potion"},{"floor":7,"key":"PowerPotion"},{"floor":8,"key":"SmokeBomb"},{"floor":8,"key":"Strength Potion"},{"floor":10,"key":"SkillPotion"}],"is_trial":false,"path_per_floor":["M","M","M","?","?","E","M","?","T","E","R","M","$","M","R","B"],"character_chosen":"THE_SILENT","items_purchased":["Vajra"],"campfire_rested":2,"item_purchase_floors":[13],"current_hp_per_floor":[69,68,61,44,37,16,10,10,10,6,27,10,10,7,28,0],"gold":68,"neow_bonus":"ONE_RANDOM_RARE_CARD","is_prod":false,"is_daily":false,"chose_seed":false,"campfire_upgraded":0,"win_rate":0,"timestamp":1551951018,"path_taken":["M","M","?","?","?","E","M","?","T","E","R","?","$","M","R","BOSS"],"build_version":"2019-01-23","purchased_purges":1,"victory":false,"max_hp_per_floor":[70,70,70,70,70,70,70,70,70,70,70,70,70,70,70,70],"card_choices":[{"not_picked":["Slice","Deadly Poison"],"picked":"Cloak And Dagger","floor":1},{"not_picked":["Deflect","Bane"],"picked":"Footwork","floor":2},{"not_picked":["Outmaneuver","Sucker Punch"],"picked":"Blade Dance","floor":3},{"not_picked":["Predator","Quick Slash"],"picked":"Finisher","floor":6},{"not_picked":["Poisoned Stab","Malaise"],"picked":"Outmaneuver","floor":7},{"not_picked":["Bane","Caltrops","Quick Slash"],"picked":"SKIP","floor":10},{"not_picked":["Finisher","Quick Slash"],"picked":"Cloak And Dagger","floor":12},{"not_picked":["Expertise","Reflex","PiercingWail"],"picked":"SKIP","floor":14}],"player_experience":311780,"relics_obtained":[{"floor":6,"key":"Omamori"},{"floor":9,"key":"War Paint"},{"floor":10,"key":"Kunai"}],"event_choices":[{"damage_healed":0,"gold_gain":0,"player_choice":"Take Damage","damage_taken":17,"relics_obtained":["Golden Idol"],"max_hp_gain":0,"max_hp_loss":0,"event_name":"Golden Idol","floor":4,"gold_loss":0},{"cards_removed":["Strike_G"],"damage_healed":0,"gold_gain":0,"player_choice":"Card Removal","damage_taken":7,"max_hp_gain":0,"max_hp_loss":0,"event_name":"Golden Wing","floor":5,"gold_loss":0},{"damage_healed":0,"gold_gain":0,"player_choice":"Got Potions","damage_taken":0,"max_hp_gain":0,"max_hp_loss":0,"event_name":"Lab","floor":8,"gold_loss":0}],"is_beta":false,"boss_relics":[],"items_purged_floors":[13],"is_endless":false,"potions_floor_spawned":[6,7,10],"killed_by":"Hexaghost","ascension_level":1}