{"gold_per_floor":[119,62,3,18,32,60,60,73,119,119,119,146,146,176,176,247,247,266,266,266,191,191,191],"floor_reached":23,"playtime":804,"items_purged":["Writhe"],"score":410,"play_id":"9a37388b-deab-4981-9340-8ee0c045394f","local_time":"20181104101117","is_ascension_mode":true,"campfire_choices":[{"data":"Perfected Strike","floor":7.0,"key":"SMITH"},{"data":"Perfected Strike","floor":15,"key":"SMITH"}],"neow_cost":"NONE","seed_source_timestamp":90791735429241,"circlet_count":0,"master_deck":["AscendersBane","Strike_R+1","Strike_R+1","Strike_R+1","Strike_R+1","Strike_R+1","Defend_R+1","Defend_R+1","Defend_R+1","Defend_R+1","Bash","Twin Strike+1","Perfected Strike+1","Twin Strike","Rage","Wild Strike","Perfected Strike+1","True Grit","Rage","Impervious","Feel No Pain","Impervious","Clothesline","Cleave","Pommel Strike","Pain"],"special_seed":0,"relics":["Burning Blood","Art of War","Meat on the Bone","Orichalcum","Oddly Smooth Stone","Dream Catcher","Gremlin Horn","Orrery","Letter Opener","WarpedTongs"],"potions_floor_usage":[16,23],"damage_taken":[{"damage":0.0,"enemies":"2 Louse","floor":1.0,"turns":4.0},{"damage":1.0,"enemies":"Cultist","floor":4.0,"turns":3.0},{"damage":7.0,"enemies":"Jaw Worm","floor":5.0,"turns":2.0},{"damage":31.0,"enemies":"3 Sentries","floor":6.0,"turns":7.0},{"damage":5.0,"enemies":"Exordium Thugs","floor":8.0,"turns":3.0},{"damage":22.0,"enemies":"Lagavulin","floor":12.0,"turns":4.0},{"damage":13,"enemies":"3 Sentries","floor":14,"turns":9},{"damage":26,"enemies":"Slime Boss","floor":16,"turns":9},{"damage":15,"enemies":"2 Thieves","floor":18,"turns":3},{"damage":61,"enemies":"Slavers","floor":23,"turns":4}],"seed_played":"6713607684111069441","potions_obtained":[{"floor":4.0,"key":"Swift Potion"},{"floor":5.0,"key":"SpeedPotion"},{"floor":16,"key":"SpeedPotion"}],"is_trial":false,"path_per_floor":["M","$","?","M","M","E","R","M","T","?","?","E","$","E","R","B",null,"M","?","?","$","?","E"],"character_chosen":"IRONCLAD","items_purchased":["Perfected Strike"],"campfire_rested":0,"item_purchase_floors":[2],"current_hp_per_floor":[74,74,74,75,74,49,49,50,50,50,27,23,23,28,28,20,61,52,52,52,52,52,0],"gold":191,"neow_bonus":"RANDOM_COMMON_RELIC","is_prod":false,"is_daily":false,"chose_seed":false,"campfire_upgraded":2,"win_rate":0,"timestamp":1541344277,"path_taken":["M","$","?","?","M","E","R","M","T","?","?","E","$","E","R","BOSS","M","?","?","$","?","E"],"build_version":"2018-11-02","purchased_purges":1,"victory":false,"max_hp_per_floor":[75,75,75,75,75,75,75,75,75,75,75,75,75,75,75,75,75,75,75,75,75,75,75],"card_choices":[{"not_picked":["Body Slam","Sever Soul"],"picked":"Twin Strike","floor":1.0},{"not_picked":["Warcry","Metallicize"],"picked":"Twin Strike","floor":4.0},{"not_picked":["Body Slam","Sword Boomerang"],"picked":"Rage","floor":5.0},{"not_picked":["Iron Wave","Headbutt"],"picked":"Wild Strike","floor":6.0},{"not_picked":["Clash","Sword Boomerang"],"picked":"Perfected Strike","floor":8.0},{"not_picked":["Hemokinesis","Sword Boomerang"],"picked":"True Grit","floor":12.0},{"not_picked":["Sever Soul","Wild Strike"],"picked":"Rage","floor":14},{"not_picked":["Exhume","Berserk"],"picked":"Impervious","floor":16},{"not_picked":["True Grit","Rampage"],"picked":"Feel No Pain","floor":17},{"not_picked":["Flex","Rage"],"picked":"Impervious","floor":17},{"not_picked":["Bloodletting","Cleave"],"picked":"Clothesline","floor":17},{"not_picked":["Havoc","Uppercut"],"picked":"Cleave","floor":17},{"not_picked":["Metallicize","Warcry"],"picked":"Pommel Strike","floor":18}],"player_experience":836698,"relics_obtained":[{"floor":6.0,"key":"Orichalcum"},{"floor":9.0,"key":"Oddly Smooth Stone"},{"floor":12.0,"key":"Dream Catcher"},{"floor":14,"key":"Gremlin Horn"}],"event_choices":[{"damage_healed":0.0,"max_hp_gain":0.0,"max_hp_loss":0.0,"gold_gain":0.0,"event_name":"WeMeetAgain","player_choice":"Paid Gold","floor":3.0,"gold_loss":59.0,"damage_taken":0.0,"relics_obtained":["Meat on the Bone"]},{"damage_healed":0.0,"max_hp_gain":0.0,"max_hp_loss":0.0,"gold_gain":0.0,"event_name":"Golden Idol","player_choice":"Ignored","floor":10.0,"gold_loss":0.0,"damage_taken":0.0},{"damage_healed":0.0,"max_hp_gain":0.0,"max_hp_loss":0.0,"gold_gain":0.0,"event_name":"Shining Light","player_choice":"Entered Light","floor":11.0,"gold_loss":0.0,"damage_taken":23.0,"cards_upgraded":["Twin Strike","Strike_R"]},{"damage_healed":0,"gold_gain":0,"player_choice":"Opened","damage_taken":0,"relics_obtained":["Letter Opener"],"max_hp_gain":0,"max_hp_loss":0,"event_name":"The Mausoleum","floor":19,"gold_loss":0,"cards_obtained":["Writhe"]},{"damage_healed":0,"gold_gain":0,"player_choice":"Simplicity","damage_taken":0,"max_hp_gain":0,"max_hp_loss":0,"event_name":"Back to Basics","floor":20,"gold_loss":0,"cards_upgraded":["Strike_R","Strike_R","Strike_R","Strike_R","Defend_R","Defend_R","Defend_R","Defend_R"]},{"damage_healed":0,"gold_gain":0,"player_choice":"Rummage","damage_taken":0,"relics_obtained":["WarpedTongs"],"max_hp_gain":0,"max_hp_loss":0,"event_name":"Accursed Blacksmith","floor":22,"gold_loss":0,"cards_obtained":["Pain"]}],"is_beta":true,"boss_relics":[{"not_picked":["Astrolabe","Black Star"],"picked":"Orrery"}],"items_purged_floors":[21],"is_endless":false,"potions_floor_spawned":[4,5,16],"killed_by":"Slavers","ascension_level":20}