{"gold_per_floor":[110,385,146,164,180,180,199,56,56,56],"floor_reached":10,"playtime":277,"items_purged":["Regret"],"score":116,"play_id":"ec623f99-f342-4f99-9bc8-5426b6b06bdc","local_time":"20190322232346","is_ascension_mode":true,"campfire_choices":[{"data":"Neutralize","floor":6,"key":"SMITH"}],"neow_cost":"NONE","seed_source_timestamp":846198654019152,"circlet_count":0,"master_deck":["AscendersBane","Defend_G","Defend_G","Defend_G","Defend_G","Defend_G","Strike_G","Strike_G","Strike_G","Strike_G","Strike_G","Survivor","Neutralize+1","Dagger Throw","PiercingWail","Catalyst","Well Laid Plans","Backflip","Malaise"],"relics":["Ring of the Snake","Sundial"],"potions_floor_usage":[10],"damage_taken":[{"damage":0,"enemies":"2 Louse","floor":1,"turns":2},{"damage":7,"enemies":"Cultist","floor":4,"turns":4},{"damage":4,"enemies":"Small Slimes","floor":5,"turns":4},{"damage":12,"enemies":"2 Fungi Beasts","floor":7,"turns":5},{"damage":24,"enemies":"Gremlin Nob","floor":10,"turns":4}],"seed_played":"-6878754223648559720","potions_obtained":[{"floor":7,"key":"Weak Potion"}],"is_trial":false,"path_per_floor":["M","?","$","M","M","R","M","$","T","E"],"character_chosen":"THE_SILENT","items_purchased":["Catalyst","Well Laid Plans","Malaise","Fire Potion"],"campfire_rested":0,"item_purchase_floors":[3,3,8,8],"current_hp_per_floor":[59,59,59,52,48,48,36,36,36,12],"gold":56,"neow_bonus":"THREE_CARDS","is_prod":false,"is_daily":false,"chose_seed":false,"campfire_upgraded":1,"win_rate":0,"timestamp":1553311426,"path_taken":["M","?","$","M","?","R","M","?","T","E"],"build_version":"2019-03-15","purchased_purges":1,"victory":false,"max_hp_per_floor":[66,66,66,66,66,66,66,66,66,66],"card_choices":[{"not_picked":["Riddle With Holes","All Out Attack"],"picked":"Dagger Throw","floor":0},{"not_picked":["Deadly Poison","Bane"],"picked":"PiercingWail","floor":1},{"not_picked":["All Out Attack","Flying Knee","Cloak And Dagger"],"picked":"SKIP","floor":4},{"not_picked":["Accuracy","Acrobatics"],"picked":"Backflip","floor":5},{"not_picked":["Prepared","Setup","Expertise"],"picked":"SKIP","floor":7}],"player_experience":1193434,"relics_obtained":[{"floor":9,"key":"Sundial"}],"event_choices":[{"damage_healed":0,"gold_gain":275,"player_choice":"Desecrate","damage_taken":0,"max_hp_gain":0,"max_hp_loss":0,"event_name":"Golden Shrine","floor":2,"gold_loss":0,"cards_obtained":["Regret"]}],"is_beta":true,"boss_relics":[],"items_purged_floors":[3],"is_endless":false,"potions_floor_spawned":[7],"killed_by":"Gremlin Nob","ascension_level":20}