{"gold_per_floor":[111,128,138,155,174,174,205,205,205,205,205,234,250,276,276,379,379,398,408,408,422,20,92,92,109,109,109,109,134],"floor_reached":29,"playtime":1566,"items_purged":["Strike_R"],"score":265,"play_id":"c519ede1-21d1-49b9-8118-47639dc482a9","local_time":"20181215174939","is_ascension_mode":false,"campfire_choices":[{"data":"True Grit","floor":6,"key":"SMITH"},{"data":"Uppercut","floor":8,"key":"SMITH"},{"data":"Forethought","floor":10,"key":"SMITH"},{"data":"Flame Barrier","floor":15,"key":"SMITH"},{"data":"HandOfGreed","floor":24,"key":"SMITH"},{"floor":27,"key":"RECALL"}],"neow_cost":"NONE","seed_source_timestamp":11171716396549,"circlet_count":0,"master_deck":["Strike_R","Strike_R","Strike_R","Strike_R","Defend_R","Defend_R","Bash","Forethought+1","Battle Trance","Ghostly Armor","True Grit+1","Uppercut+1","Iron Wave","Clothesline","Infernal Blade","Flame Barrier+1","Berserk","Armaments+1","Battle Trance","HandOfGreed+1","Clash+1"],"relics":["Burning Blood","Bag of Marbles","Mercury Hourglass","Ornamental Fan","Self Forming Clay","Busted Crown","Pen Nib","Turnip"],"potions_floor_usage":[23,23],"damage_taken":[{"damage":1,"enemies":"Cultist","floor":1,"turns":3},{"damage":8,"enemies":"Jaw Worm","floor":2,"turns":4},{"damage":1,"enemies":"Small Slimes","floor":3,"turns":4},{"damage":5,"enemies":"3 Louse","floor":4,"turns":4},{"damage":9,"enemies":"Red Slaver","floor":5,"turns":5},{"damage":22,"enemies":"Lagavulin","floor":7,"turns":7},{"damage":11,"enemies":"3 Sentries","floor":12,"turns":6},{"damage":2,"enemies":"Looter","floor":13,"turns":3},{"damage":8,"enemies":"Lagavulin","floor":14,"turns":4},{"damage":30,"enemies":"The Guardian","floor":16,"turns":13},{"damage":8,"enemies":"2 Thieves","floor":18,"turns":4},{"damage":0,"enemies":"Chosen","floor":19,"turns":4},{"damage":11,"enemies":"Snake Plant","floor":21,"turns":4},{"damage":38,"enemies":"Slavers","floor":23,"turns":6},{"damage":14,"enemies":"Cultist and Chosen","floor":25,"turns":6},{"damage":35,"enemies":"Sentry and Sphere","floor":29,"turns":5}],"seed_played":"8487760785797392452","potions_obtained":[{"floor":3,"key":"SpeedPotion"},{"floor":12,"key":"Weak Potion"},{"floor":13,"key":"Poison Potion"},{"floor":19,"key":"Regen Potion"},{"floor":25,"key":"Explosive Potion"}],"is_trial":false,"path_per_floor":["M","M","M","M","M","R","E","R","T","R","?","E","M","E","R","B",null,"M","M","?","M","$","E","R","M","T","R","?","M"],"character_chosen":"IRONCLAD","items_purchased":["HandOfGreed","Pen Nib"],"campfire_rested":0,"item_purchase_floors":[22,22],"current_hp_per_floor":[80,78,80,80,77,77,61,61,61,61,61,56,60,58,58,34,80,78,80,65,60,60,43,43,35,35,35,35,0],"gold":134,"neow_bonus":"RANDOM_COLORLESS","is_prod":false,"is_daily":false,"chose_seed":false,"campfire_upgraded":5,"win_rate":0,"timestamp":1544914179,"path_taken":["M","?","M","M","M","R","E","R","T","R","?","E","M","E","R","BOSS","M","M","?","M","$","E","R","M","T","R","?","M"],"build_version":"2018-12-13","purchased_purges":1,"victory":false,"max_hp_per_floor":[80,80,80,80,80,80,80,80,80,80,80,80,80,80,80,80,80,80,80,85,85,85,85,85,85,85,85,85,85],"card_choices":[{"not_picked":["Heavy Blade","Intimidate"],"picked":"Battle Trance","floor":1},{"not_picked":["Perfected Strike","Entrench"],"picked":"Ghostly Armor","floor":2},{"not_picked":["Body Slam","Battle Trance"],"picked":"True Grit","floor":3},{"not_picked":["Armaments","Flex"],"picked":"Uppercut","floor":4},{"not_picked":["Combust","Warcry","Wild Strike"],"picked":"SKIP","floor":5},{"not_picked":["Brutality","Pommel Strike"],"picked":"Iron Wave","floor":7},{"not_picked":["Power Through","Spot Weakness"],"picked":"Clothesline","floor":12},{"not_picked":["Shockwave","Anger"],"picked":"Infernal Blade","floor":13},{"not_picked":["Corruption","Intimidate"],"picked":"Flame Barrier","floor":14},{"not_picked":["Fiend Fire","Feed"],"picked":"Berserk","floor":16},{"not_picked":[],"picked":"Armaments+1","floor":18},{"not_picked":["Perfected Strike"],"picked":"SKIP","floor":19},{"not_picked":[],"picked":"Battle Trance","floor":21},{"not_picked":["Cleave"],"picked":"SKIP","floor":23},{"not_picked":[],"picked":"Clash+1","floor":25}],"player_experience":154921,"relics_obtained":[{"floor":7,"key":"Bag of Marbles"},{"floor":9,"key":"Mercury Hourglass"},{"floor":12,"key":"Ornamental Fan"},{"floor":14,"key":"Self Forming Clay"},{"floor":23,"key":"Turnip"}],"event_choices":[{"cards_removed":["Defend_R"],"damage_healed":0,"gold_gain":0,"player_choice":"Forget","damage_taken":0,"max_hp_gain":0,"max_hp_loss":0,"event_name":"Living Wall","floor":11,"gold_loss":0},{"damage_healed":0,"gold_gain":0,"player_choice":"Shed Blood","damage_taken":20,"max_hp_gain":5,"max_hp_loss":0,"event_name":"Forgotten Altar","floor":20,"gold_loss":0},{"cards_removed":["Defend_R"],"damage_healed":0,"gold_gain":0,"player_choice":"Purged","damage_taken":0,"max_hp_gain":0,"max_hp_loss":0,"event_name":"Purifier","floor":28,"gold_loss":0}],"is_beta":true,"boss_relics":[{"not_picked":["Philosopher\u0027s Stone","Ectoplasm"],"picked":"Busted Crown"}],"items_purged_floors":[22],"is_endless":false,"potions_floor_spawned":[3,12,13,18,19,25],"killed_by":"Sentry and Sphere","ascension_level":0}