{"gold_per_floor":[116,126,126,139,45,45,58,58,110,135,15,15,15,0,0,0],"floor_reached":16,"playtime":340,"items_purged":[],"score":105,"play_id":"bb1f0cbd-cdb5-423e-8d03-3cf3ec537dce","local_time":"20190221061704","is_ascension_mode":true,"campfire_choices":[{"data":"Madness","floor":6,"key":"SMITH"},{"floor":15,"key":"REST"}],"neow_cost":"NONE","seed_source_timestamp":51965320816410,"circlet_count":0,"master_deck":["Strike_B+1","Strike_B","Strike_B","Defend_B","Defend_B","Defend_B","Defend_B","Zap","Dualcast","Melter+1","Madness+1","Streamline","Capacitor+1"],"relics":["Cracked Core","NeowsBlessing","Juzu Bracelet","Mummified Hand"],"potions_floor_usage":[8,16,16],"damage_taken":[{"damage":0,"enemies":"Jaw Worm","floor":1,"turns":1},{"damage":0,"enemies":"2 Louse","floor":2,"turns":1},{"damage":0,"enemies":"Cultist","floor":4,"turns":1},{"damage":15,"enemies":"Looter","floor":7,"turns":3},{"damage":0,"enemies":"3 Louse","floor":8,"turns":1},{"damage":29,"enemies":"3 Sentries","floor":10,"turns":8},{"damage":39,"enemies":"Hexaghost","floor":16,"turns":7}],"seed_played":"-8754077990793164796","potions_obtained":[{"floor":1,"key":"SmokeBomb"},{"floor":10,"key":"FearPotion"}],"is_trial":false,"path_per_floor":["M","M","?","M","$","R","M","M","T","E","$","?","?","?","R","B"],"character_chosen":"DEFECT","items_purchased":["Madness","Capacitor","AttackPotion"],"campfire_rested":1,"item_purchase_floors":[5,11,11],"current_hp_per_floor":[75,75,75,75,75,75,60,60,60,31,31,31,16,16,38,0],"gold":0,"neow_bonus":"THREE_ENEMY_KILL","is_prod":false,"is_daily":false,"chose_seed":false,"campfire_upgraded":1,"win_rate":0,"timestamp":1550758624,"path_taken":["M","M","?","M","$","R","M","M","T","E","$","?","?","?","R","BOSS"],"build_version":"2019-01-23","purchased_purges":0,"victory":false,"max_hp_per_floor":[75,75,75,75,75,75,75,75,75,75,75,75,75,75,75,75],"card_choices":[{"not_picked":["Tempest","Stack","Beam Cell"],"picked":"SKIP","floor":1},{"not_picked":["Conserve Battery","Beam Cell"],"picked":"Melter","floor":2},{"not_picked":["Steam","Storm","Force Field"],"picked":"SKIP","floor":4},{"not_picked":["Hyperbeam","Beam Cell","Chaos"],"picked":"SKIP","floor":7},{"not_picked":["Ball Lightning","Redo"],"picked":"Streamline","floor":10}],"player_experience":266267,"relics_obtained":[{"floor":9,"key":"Juzu Bracelet"},{"floor":10,"key":"Mummified Hand"}],"event_choices":[{"damage_healed":0,"gold_gain":0,"player_choice":"Grow","damage_taken":0,"max_hp_gain":0,"max_hp_loss":0,"event_name":"Living Wall","floor":3,"gold_loss":0,"cards_upgraded":["Melter"]},{"cards_removed":["Strike_B"],"damage_healed":0,"gold_gain":0,"player_choice":"Purged","damage_taken":0,"max_hp_gain":0,"max_hp_loss":0,"event_name":"Purifier","floor":12,"gold_loss":0},{"damage_healed":0,"gold_gain":0,"player_choice":"Entered Light","damage_taken":15,"max_hp_gain":0,"max_hp_loss":0,"event_name":"Shining Light","floor":13,"gold_loss":0,"cards_upgraded":["Strike_B","Capacitor"]},{"damage_healed":0,"gold_gain":0,"player_choice":"Left Gold","damage_taken":0,"max_hp_gain":0,"max_hp_loss":0,"event_name":"World of Goop","floor":14,"gold_loss":15}],"is_beta":false,"boss_relics":[],"items_purged_floors":[],"is_endless":false,"potions_floor_spawned":[1,10],"killed_by":"Hexaghost","ascension_level":1}