{"gold_per_floor":[367,223,223,223,234,234,260,260,285,311,311,311],"floor_reached":12,"playtime":325,"items_purged":[],"score":168,"play_id":"df30988b-3dc4-4c02-88dd-2b2f5870b8b6","local_time":"20190303154340","is_ascension_mode":true,"campfire_choices":[{"data":"Deadly Poison","floor":6.0,"key":"SMITH"},{"floor":8,"key":"REST"},{"floor":11,"key":"REST"}],"neow_cost":"TEN_PERCENT_HP_LOSS","seed_source_timestamp":758638584365326,"circlet_count":0,"master_deck":["AscendersBane","Defend_G","Defend_G","Defend_G","Defend_G+1","Defend_G","Strike_G","Strike_G","Strike_G","Strike_G","Strike_G","Survivor+1","Neutralize","Deadly Poison+1","Leg Sweep","Deflect","Cloak And Dagger"],"special_seed":0,"relics":["Ring of the Snake","Boot","Lantern","War Paint","Regal Pillow","The Courier"],"potions_floor_usage":[7,12],"damage_taken":[{"damage":11.0,"enemies":"Cultist","floor":1.0,"turns":5.0},{"damage":0.0,"enemies":"2 Louse","floor":5.0,"turns":4.0},{"damage":48,"enemies":"Gremlin Nob","floor":7,"turns":5},{"damage":17,"enemies":"Lagavulin","floor":10,"turns":10},{"damage":44,"enemies":"Gremlin Nob","floor":12,"turns":4}],"seed_played":"3521542308529466464","potions_obtained":[{"floor":1.0,"key":"FearPotion"},{"floor":5.0,"key":"FairyPotion"},{"floor":7,"key":"SteroidPotion"}],"is_trial":false,"path_per_floor":["M","$","T","?","M","R","E","R","T","E","R","E"],"character_chosen":"THE_SILENT","items_purchased":["Leg Sweep","PowerPotion"],"campfire_rested":2,"item_purchase_floors":[2,2],"current_hp_per_floor":[48,48,48,48,48,48,6,24,24,7,40,0],"gold":311,"neow_bonus":"TWO_FIFTY_GOLD","is_prod":false,"is_daily":false,"chose_seed":false,"campfire_upgraded":1,"win_rate":0,"timestamp":1551645820,"path_taken":["M","$","?","?","M","R","E","R","T","E","R","E"],"build_version":"2019-02-06","purchased_purges":0,"victory":false,"max_hp_per_floor":[60,60,60,60,60,60,60,60,60,60,60,60],"card_choices":[{"not_picked":["Slice","Blade Dance"],"picked":"Deadly Poison","floor":1.0},{"not_picked":["Dodge and Roll","Prepared"],"picked":"Deflect","floor":5.0},{"not_picked":["Cloak And Dagger","Terror","Sucker Punch"],"picked":"SKIP","floor":7},{"not_picked":["Dagger Throw","Distraction"],"picked":"Cloak And Dagger","floor":10}],"player_experience":1048435,"relics_obtained":[{"floor":3.0,"key":"Boot"},{"floor":7,"key":"War Paint"},{"floor":9,"key":"Regal Pillow"},{"floor":10,"key":"The Courier"}],"event_choices":[{"damage_healed":0.0,"max_hp_gain":0.0,"max_hp_loss":0.0,"gold_gain":0.0,"event_name":"WeMeetAgain","player_choice":"Gave Potion","floor":4.0,"gold_loss":0.0,"damage_taken":0.0,"relics_obtained":["Lantern"]}],"is_beta":true,"boss_relics":[],"items_purged_floors":[],"is_endless":false,"potions_floor_spawned":[1,5,7],"killed_by":"Gremlin Nob","ascension_level":20}