{"gold_per_floor":[117,292,303,319,319,319,329,329,329,343,362,393,363],"floor_reached":13,"playtime":535,"items_purged":[],"score":109,"play_id":"c6d7674e-5c4f-489f-899f-7e4ca64592c0","local_time":"20190122004158","is_ascension_mode":true,"campfire_choices":[{"data":"Chaos","floor":6,"key":"SMITH"},{"floor":8,"key":"REST"}],"neow_cost":"TEN_PERCENT_HP_LOSS","seed_source_timestamp":26684171931610,"circlet_count":0,"master_deck":["Strike_B","Strike_B","Defend_B","Defend_B","Defend_B","Defend_B","Zap","Dualcast","Reboot","Double Energy","Glacier","Doubt","Chaos+1","Capacitor+1","FTL","Chaos","Rainbow","Rebound"],"relics":["Cracked Core","Omamori","Kunai"],"potions_floor_usage":[7,12,12,13],"damage_taken":[{"damage":3,"enemies":"Jaw Worm","floor":1,"turns":4},{"damage":0,"enemies":"Small Slimes","floor":3,"turns":4},{"damage":0,"enemies":"Cultist","floor":4,"turns":3},{"damage":56,"enemies":"Gremlin Gang","floor":7,"turns":8},{"damage":5,"enemies":"Large Slime","floor":10,"turns":7},{"damage":1,"enemies":"3 Louse","floor":11,"turns":4},{"damage":4,"enemies":"Gremlin Nob","floor":12,"turns":3},{"damage":19,"enemies":"Exordium Thugs","floor":13,"turns":2}],"seed_played":"391540780696654030","potions_obtained":[{"floor":4,"key":"Weak Potion"},{"floor":7,"key":"EssenceOfSteel"},{"floor":10,"key":"Poison Potion"},{"floor":12,"key":"PowerPotion"}],"is_trial":false,"path_per_floor":["?","?","M"],"character_chosen":"DEFECT","items_purchased":[],"campfire_rested":1,"item_purchase_floors":[],"current_hp_per_floor":[65,65,65,65,65,65,9,29,29,24,23,19,0],"gold":363,"neow_bonus":"TRANSFORM_TWO_CARDS","is_prod":false,"is_daily":false,"chose_seed":false,"campfire_upgraded":1,"win_rate":0,"timestamp":1548135718,"path_taken":["M","?","M","M","?","R","?","R","T","M","M","E","M"],"build_version":"2019-01-20","purchased_purges":0,"victory":false,"max_hp_per_floor":[68,68,68,68,68,68,68,68,68,68,68,68,68],"card_choices":[{"not_picked":["Redo","Barrage"],"picked":"Glacier","floor":1},{"not_picked":["Chill","Compile Driver"],"picked":"Chaos","floor":3},{"not_picked":["Go for the Eyes","Defragment"],"picked":"Capacitor","floor":4},{"not_picked":["Recycle","Rip and Tear"],"picked":"FTL","floor":7},{"not_picked":["Cold Snap","Recycle"],"picked":"Chaos","floor":10},{"not_picked":["Redo","Coolheaded"],"picked":"Rainbow","floor":11},{"not_picked":["Meteor Strike","Tempest"],"picked":"Rebound","floor":12}],"player_experience":247517,"relics_obtained":[{"floor":9,"key":"Omamori"},{"floor":12,"key":"Kunai"}],"event_choices":[{"damage_healed":0,"gold_gain":175,"player_choice":"AGREE","damage_taken":0,"max_hp_gain":0,"max_hp_loss":0,"event_name":"Liars Game","floor":2,"gold_loss":0,"cards_obtained":["Doubt"]},{"damage_healed":0,"gold_gain":0,"player_choice":"Upgraded","damage_taken":0,"max_hp_gain":0,"max_hp_loss":0,"event_name":"Upgrade Shrine","floor":5,"gold_loss":0,"cards_upgraded":["Capacitor"]}],"is_beta":true,"boss_relics":[],"items_purged_floors":[],"is_endless":false,"potions_floor_spawned":[4,7,10,12],"killed_by":"Exordium Thugs","ascension_level":5}