{"path_per_floor":["M","?","M","?","M","E","R","E","T","R","?","?","M","?","R","B",null,"M","M","$","M","?","E","M","R","T","M","E","M","E","$","R","B",null,"M","T","M","?","M","R","E","?","T","R","M","E","R","E","R","B"],"character_chosen":"THE_SILENT","items_purchased":["Kunai","Madness"],"gold_per_floor":[14,14,24,24,35,70,70,103,103,103,103,103,117,117,117,241,241,261,274,18,34,34,67,77,77,128,145,177,191,223,60,60,160,160,176,176,196,196,208,208,233,333,333,333,347,372,372,403,403,403],"floor_reached":51,"campfire_rested":3,"playtime":3733,"current_hp_per_floor":[82,82,82,82,82,60,60,50,50,50,50,47,47,47,47,20,78,78,76,76,76,76,61,66,66,71,68,73,78,72,72,72,33,78,76,76,57,57,28,51,30,35,42,82,75,16,56,60,60,2],"items_purged":["Strike_G"],"gold":403,"play_id":"8af0374a-5ab3-4bca-a0a3-ccad7afa1875","is_prod":false,"is_daily":false,"is_ascension_mode":true,"campfire_upgraded":6,"path_taken":["M","?","M","?","M","E","R","E","T","R","?","?","M","?","R","BOSS","M","M","$","M","?","E","M","R","T","M","E","M","E","$","R","BOSS","M","?","M","?","M","R","E","?","T","R","M","E","R","E","R","BOSS"],"build_version":"2018-01-25-PROD3","purchased_purges":1,"victory":true,"master_deck":["Defend_G","Defend_G","Defend_G","Defend_G","Defend_G","Strike_G","Strike_G","Strike_G","Survivor","Neutralize+1","Flying Knee","Bouncing Flask+1","Leg Sweep","Flying Knee","Die Die Die+1","Backstab","Adrenaline","Cloak And Dagger","Backflip","Noxious Fumes+1","PiercingWail","Escape Plan","Footwork","Bouncing Flask","Catalyst","Madness+1","Burst+1","Flying Knee+1","Flying Knee","Catalyst+1","Dodge and Roll+1","Noxious Fumes+1","Catalyst+1","PiercingWail"],"max_hp_per_floor":[84,84,84,84,84,84,84,84,84,84,78,78,78,78,78,78,78,78,78,78,78,78,78,78,78,78,78,78,78,78,78,78,78,78,78,78,78,78,78,78,78,78,85,85,85,85,85,85,85,85],"relics":["Ring of the Snake","Torii","Juzu Bracelet","Pen Nib","Bloody Idol","Mercury Hourglass","The Specimen","Kunai","Happy Flower","Anchor","Tough Bandages","Singing Bowl","Lizard Tail","Sundial","Regal Pillow","Strawberry","Oddly Smooth Stone","Smiling Mask"],"card_choices":[{"not_picked":["Acrobatics","Sucker Punch"],"picked":"Flying Knee"},{"not_picked":["Bane","Flying Knee"],"picked":"Bouncing Flask"},{"not_picked":["Masterful Stab","Flechettes"],"picked":"Leg Sweep"},{"not_picked":["Underhanded Strike","Slice"],"picked":"Flying Knee"},{"not_picked":["All Out Attack","Cloak And Dagger"],"picked":"Die Die Die"},{"not_picked":["Flechettes","Deadly Poison"],"picked":"Backstab"},{"not_picked":["Bullet Time","Tactician"],"picked":"Adrenaline"},{"not_picked":["Reflex","Blade Dance"],"picked":"Cloak And Dagger"},{"not_picked":["PiercingWail","Leg Sweep"],"picked":"Backflip"},{"not_picked":["Distraction","Backstab"],"picked":"Noxious Fumes"},{"not_picked":["Reflex","Crippling Poison"],"picked":"PiercingWail"},{"not_picked":["Dodge and Roll","Tactician"],"picked":"Escape Plan"},{"not_picked":["Cloak And Dagger","Choke"],"picked":"Footwork"},{"not_picked":["Terror","Outmaneuver"],"picked":"Bouncing Flask"},{"not_picked":["Underhanded Strike","Deflect"],"picked":"Catalyst"},{"not_picked":["Unload","After Image"],"picked":"Burst"},{"not_picked":["Dodge and Roll","Bane"],"picked":"Flying Knee"},{"not_picked":["Calculated Gamble","Dagger Spray"],"picked":"Flying Knee"},{"not_picked":["Acrobatics","Finisher"],"picked":"Catalyst"},{"not_picked":["Blade Dance","Bane"],"picked":"Dodge and Roll"},{"not_picked":["Crippling Poison","Choke"],"picked":"Noxious Fumes"},{"not_picked":["Dodge and Roll","Escape Plan"],"picked":"Catalyst"},{"not_picked":["Blur","Sucker Punch"],"picked":"PiercingWail"}],"player_experience":122395,"potions_floor_usage":[6,8,16,21,24,28,35,37,41,41,46],"damage_taken":[{"damage":2,"enemies":"Small Slimes","floor":1,"turns":4},{"damage":0,"enemies":"2 Louse","floor":3,"turns":2},{"damage":0,"enemies":"Jaw Worm","floor":5,"turns":2},{"damage":22,"enemies":"3 Sentries","floor":6,"turns":8},{"damage":10,"enemies":"Gremlin Nob","floor":8,"turns":4},{"damage":0,"enemies":"Lots of Slimes","floor":13,"turns":1},{"damage":42,"enemies":"Slime Boss","floor":16,"turns":10},{"damage":0,"enemies":"Spheric Guardian","floor":18,"turns":3},{"damage":2,"enemies":"Shell Parasite","floor":19,"turns":5},{"damage":0,"enemies":"Chosen and Byrds","floor":21,"turns":4},{"damage":20,"enemies":"Slavers","floor":23,"turns":2},{"damage":0,"enemies":"Centurion and Healer","floor":24,"turns":5},{"damage":8,"enemies":"Snake Plant","floor":27,"turns":4},{"damage":0,"enemies":"Gremlin Leader","floor":28,"turns":5},{"damage":0,"enemies":"Chosen and Byrds","floor":29,"turns":5},{"damage":11,"enemies":"Slavers","floor":30,"turns":3},{"damage":44,"enemies":"Champ","floor":33,"turns":12},{"damage":7,"enemies":"Orb Walker","floor":35,"turns":4},{"damage":24,"enemies":"3 Darklings","floor":37,"turns":3},{"damage":34,"enemies":"Sphere and 2 Shapes","floor":39,"turns":6},{"damage":26,"enemies":"Nemesis","floor":41,"turns":7},{"damage":12,"enemies":"Maw","floor":45,"turns":5},{"damage":64,"enemies":"2 Orb Walkers","floor":46,"turns":6},{"damage":1,"enemies":"Giant Head","floor":48,"turns":5},{"damage":108,"enemies":"Donu and Deca","floor":50,"turns":10}],"event_choices":[{"event_name":"Liars Game","player_choice":"disagreed","floor":2,"damage_taken":0},{"event_name":"The Lab","player_choice":"Got Potions","floor":4,"damage_taken":0},{"event_name":"Golden Idol","player_choice":"Lose Max HP","floor":11,"damage_taken":0},{"event_name":"Scrap Ooze","player_choice":"success","floor":12,"damage_taken":3},{"event_name":"Accursed Blacksmith","player_choice":"Ignore","floor":14,"damage_taken":0},{"event_name":"Forgotten Altar","player_choice":"Gave Idol","floor":22,"damage_taken":0},{"event_name":"Golden Shrine","player_choice":"Pray","floor":42,"damage_taken":0}],"boss_relics":[{"not_picked":["Runic Pyramid","Philosopher\u0027s Stone"],"picked":"The Specimen"},{"not_picked":["Tiny House","Calling Bell"],"picked":"Lizard Tail"}],"potions_floor_spawned":[6,8,13,16,18,19,24,28,33,37,41],"seed_played":"-2066918893585185688","ascension_level":1,"is_trial":false}