{"gold_per_floor":[119,119,51,62,72,72,72,86,110,110],"floor_reached":10,"playtime":402,"items_purged":[],"score":84,"play_id":"3db6a9f9-c566-47d5-b07c-a9df654971fb","local_time":"20181223045516","is_ascension_mode":true,"campfire_choices":[{"data":"Genetic Algorithm","floor":6,"key":"SMITH"}],"neow_cost":"NONE","seed_source_timestamp":910400034512170,"circlet_count":0,"master_deck":["Strike_B","Strike_B","Defend_B","Defend_B","Defend_B","Zap","Dualcast","Genetic Algorithm+1","Seek","Pain","Melter"],"relics":["Empty Cage","WarpedTongs","Lantern"],"potions_floor_usage":[8],"damage_taken":[{"damage":12,"enemies":"Jaw Worm","floor":1,"turns":3},{"damage":5,"enemies":"Cultist","floor":4,"turns":3},{"damage":2,"enemies":"Small Slimes","floor":5,"turns":4},{"damage":27,"enemies":"Gremlin Gang","floor":8,"turns":6},{"damage":22,"enemies":"Lagavulin","floor":10,"turns":5}],"seed_played":"4710939143402245365","potions_obtained":[{"floor":4,"key":"SteroidPotion"}],"is_trial":false,"path_per_floor":["M","?","$","M","M","R","?","M","T","E"],"character_chosen":"DEFECT","items_purchased":["Seek"],"campfire_rested":0,"item_purchase_floors":[3],"current_hp_per_floor":[56,56,56,51,49,49,49,22,22,0],"gold":110,"neow_bonus":"BOSS_RELIC","is_prod":false,"is_daily":false,"chose_seed":false,"campfire_upgraded":1,"win_rate":0,"timestamp":1545558916,"path_taken":["M","?","$","?","M","R","?","?","T","E"],"build_version":"2018-12-20","purchased_purges":0,"victory":false,"max_hp_per_floor":[75,75,75,75,75,75,75,75,75,75],"card_choices":[{"not_picked":["Conserve Battery","Redo"],"picked":"Genetic Algorithm","floor":1},{"not_picked":["Ball Lightning","Turbo","Double Energy"],"picked":"SKIP","floor":4},{"not_picked":["Compile Driver","Double Energy","Hello World"],"picked":"SKIP","floor":5},{"not_picked":["Sweeping Beam","Turbo"],"picked":"Melter","floor":8}],"player_experience":323385,"relics_obtained":[{"floor":9,"key":"Lantern"}],"event_choices":[{"cards_removed":["Strike_B"],"damage_healed":0,"gold_gain":0,"player_choice":"Purged","damage_taken":0,"max_hp_gain":0,"max_hp_loss":0,"event_name":"Purifier","floor":2,"gold_loss":0},{"damage_healed":0,"gold_gain":0,"player_choice":"Rummage","damage_taken":0,"relics_obtained":["WarpedTongs"],"max_hp_gain":0,"max_hp_loss":0,"event_name":"Accursed Blacksmith","floor":7,"gold_loss":0,"cards_obtained":["Pain"]}],"is_beta":false,"boss_relics":[],"items_purged_floors":[],"is_endless":false,"potions_floor_spawned":[4],"killed_by":"Lagavulin","ascension_level":9}