{"gold_per_floor":[211,211,229,243,254,254,284,301,301,301],"floor_reached":10,"playtime":434,"items_purged":[],"score":98,"play_id":"19018df0-3e1a-444d-bf3b-d74e0940bcd9","local_time":"20190111145927","is_ascension_mode":true,"campfire_choices":[{"data":"Whirlwind","floor":6,"key":"SMITH"}],"neow_cost":"NONE","seed_source_timestamp":1828928007938,"circlet_count":0,"master_deck":["Strike_R","Strike_R","Strike_R","Strike_R","Strike_R","Defend_R","Defend_R","Defend_R","Defend_R","Bash","Clash","Thunderclap","Whirlwind+1","Reaper","Shrug It Off"],"relics":["Burning Blood","Blood Vial","Mummified Hand"],"potions_floor_usage":[8,10],"damage_taken":[{"damage":8,"enemies":"Jaw Worm","floor":1,"turns":5},{"damage":1,"enemies":"Cultist","floor":3,"turns":3},{"damage":1,"enemies":"2 Louse","floor":4,"turns":2},{"damage":18,"enemies":"Exordium Wildlife","floor":5,"turns":4},{"damage":25,"enemies":"3 Sentries","floor":7,"turns":6},{"damage":0,"enemies":"Blue Slaver","floor":8,"turns":1},{"damage":73,"enemies":"Lagavulin","floor":10,"turns":6}],"seed_played":"7318703721804916816","potions_obtained":[{"floor":5,"key":"FearPotion"},{"floor":7,"key":"Fire Potion"}],"is_trial":false,"path_per_floor":["M","?","M","M","M","R","E","M","T","E"],"character_chosen":"IRONCLAD","items_purchased":[],"campfire_rested":0,"item_purchase_floors":[],"current_hp_per_floor":[70,70,75,80,68,68,49,57,57,0],"gold":301,"neow_bonus":"HUNDRED_GOLD","is_prod":false,"is_daily":false,"chose_seed":false,"campfire_upgraded":1,"win_rate":0,"timestamp":1547236767,"path_taken":["M","?","M","?","M","R","E","?","T","E"],"build_version":"2019-01-10","purchased_purges":0,"victory":false,"max_hp_per_floor":[80,80,80,80,80,80,80,80,80,80],"card_choices":[{"not_picked":["Sword Boomerang","Armaments","Body Slam"],"picked":"SKIP","floor":1},{"not_picked":["Infernal Blade","Iron Wave"],"picked":"Clash","floor":3},{"not_picked":["Corruption","Sword Boomerang"],"picked":"Thunderclap","floor":4},{"not_picked":["Feel No Pain","Ghostly Armor"],"picked":"Whirlwind","floor":5},{"not_picked":["Headbutt","Anger"],"picked":"Reaper","floor":7},{"not_picked":["Feel No Pain","Whirlwind"],"picked":"Shrug It Off","floor":8}],"player_experience":182199,"relics_obtained":[{"floor":7,"key":"Blood Vial"},{"floor":9,"key":"Mummified Hand"}],"event_choices":[{"damage_healed":0,"gold_gain":0,"player_choice":"0 cards matched","damage_taken":0,"max_hp_gain":0,"max_hp_loss":0,"event_name":"Match and Keep!","floor":2,"gold_loss":0,"cards_obtained":[]}],"is_beta":true,"boss_relics":[],"items_purged_floors":[],"is_endless":false,"potions_floor_spawned":[5,7],"killed_by":"Lagavulin","ascension_level":8}