{"gold_per_floor":[116,116,291,17,17,55,55,74,74,105,105,121,121,135,135,261,261,274,299,342,342,257,257],"floor_reached":23,"playtime":622,"items_purged":["Doubt"],"score":233,"play_id":"f6f605cc-0a3e-4bde-905f-f182334f2700","local_time":"20190221042720","is_ascension_mode":true,"campfire_choices":[{"data":"Poisoned Stab","floor":7,"key":"SMITH"},{"data":"Poisoned Stab","floor":11,"key":"SMITH"},{"data":"Sucker Punch","floor":15,"key":"SMITH"}],"neow_cost":"NONE","seed_source_timestamp":45097915459927,"circlet_count":0,"master_deck":["Defend_G","Defend_G","Defend_G","Defend_G","Defend_G","Strike_G","Strike_G","Strike_G","Strike_G","Strike_G","Survivor","Neutralize","Poisoned Stab+1","Sucker Punch+1","Poisoned Stab+1","Prepared+1","Dagger Spray+1"],"relics":["Ring of the Snake","NeowsBlessing","Golden Idol","TheAbacus","Sundial","Oddly Smooth Stone","Happy Flower","Juzu Bracelet","White Beast Statue","Red Mask","MutagenicStrength","Mummified Hand"],"potions_floor_usage":[10,16,18,19,20,23],"damage_taken":[{"damage":0,"enemies":"Cultist","floor":1,"turns":1},{"damage":0,"enemies":"Gremlin Nob","floor":6,"turns":1},{"damage":0,"enemies":"Small Slimes","floor":8,"turns":1},{"damage":13,"enemies":"Lagavulin","floor":10,"turns":5},{"damage":0,"enemies":"2 Louse","floor":12,"turns":3},{"damage":0,"enemies":"Blue Slaver","floor":14,"turns":3},{"damage":33,"enemies":"The Guardian","floor":16,"turns":9},{"damage":14,"enemies":"3 Byrds","floor":18,"turns":5},{"damage":9,"enemies":"Spheric Guardian","floor":19,"turns":4},{"damage":26,"enemies":"Masked Bandits","floor":20,"turns":4},{"damage":21,"enemies":"Slavers","floor":23,"turns":2}],"seed_played":"-6931507133755216448","potions_obtained":[{"floor":6,"key":"Strength Potion"},{"floor":12,"key":"Poison Potion"},{"floor":16,"key":"Explosive Potion"},{"floor":18,"key":"AttackPotion"},{"floor":19,"key":"SpeedPotion"},{"floor":20,"key":"Block Potion"}],"is_trial":false,"path_per_floor":["M","?","?","$","?","E","R","M","T","E","R","M","?","M","R","B",null,"M","M","?","?","?","E"],"character_chosen":"THE_SILENT","items_purchased":["TheAbacus"],"campfire_rested":0,"item_purchase_floors":[4],"current_hp_per_floor":[70,53,53,53,53,53,53,53,53,40,40,40,40,40,40,7,70,56,47,21,21,21,0],"gold":257,"neow_bonus":"THREE_ENEMY_KILL","is_prod":false,"is_daily":false,"chose_seed":false,"campfire_upgraded":3,"win_rate":0,"timestamp":1550752040,"path_taken":["M","?","?","$","?","E","R","M","T","E","R","M","?","M","R","BOSS","M","M","?","?","?","E"],"build_version":"2019-01-23","purchased_purges":1,"victory":false,"max_hp_per_floor":[70,70,70,70,70,70,70,70,70,70,70,70,70,70,70,70,70,70,70,70,70,70,70],"card_choices":[{"not_picked":["Prepared","Escape Plan"],"picked":"Poisoned Stab","floor":1},{"not_picked":["Tools of the Trade","Acrobatics","Footwork"],"picked":"SKIP","floor":6},{"not_picked":["Flying Knee","Prepared"],"picked":"Sucker Punch","floor":8},{"not_picked":["Dagger Throw","Expertise"],"picked":"Poisoned Stab","floor":10},{"not_picked":["Dodge and Roll","Flying Knee","Concentrate"],"picked":"SKIP","floor":12},{"not_picked":["Heel Hook","Endless Agony","Footwork"],"picked":"SKIP","floor":14},{"not_picked":["Accuracy","Outmaneuver"],"picked":"Prepared+1","floor":18},{"not_picked":["Endless Agony","Dodge and Roll"],"picked":"Dagger Spray+1","floor":19}],"player_experience":259574,"relics_obtained":[{"floor":6,"key":"Sundial"},{"floor":9,"key":"Oddly Smooth Stone"},{"floor":10,"key":"Happy Flower"},{"floor":20,"key":"Red Mask"}],"event_choices":[{"damage_healed":0,"gold_gain":0,"player_choice":"Take Damage","damage_taken":17,"relics_obtained":["Golden Idol"],"max_hp_gain":0,"max_hp_loss":0,"event_name":"Golden Idol","floor":2,"gold_loss":0},{"damage_healed":0,"gold_gain":175,"player_choice":"AGREE","damage_taken":0,"max_hp_gain":0,"max_hp_loss":0,"event_name":"Liars Game","floor":3,"gold_loss":0,"cards_obtained":["Doubt"]},{"damage_healed":0,"gold_gain":0,"player_choice":"Ignored","damage_taken":0,"max_hp_gain":0,"max_hp_loss":0,"event_name":"Golden Wing","floor":5,"gold_loss":0},{"damage_healed":0,"gold_gain":0,"player_choice":"Searched \u00271\u0027 times","damage_taken":0,"relics_obtained":["Juzu Bracelet"],"max_hp_gain":0,"max_hp_loss":0,"event_name":"Dead Adventurer","floor":13,"gold_loss":0},{"damage_healed":0,"gold_gain":0,"player_choice":"Fought Bandits","damage_taken":0,"max_hp_gain":0,"max_hp_loss":0,"event_name":"Masked Bandits","floor":20,"gold_loss":0},{"damage_healed":0,"gold_gain":0,"player_choice":"Inject Mutagens","damage_taken":0,"relics_obtained":["MutagenicStrength"],"max_hp_gain":0,"max_hp_loss":0,"event_name":"Drug Dealer","floor":21,"gold_loss":0},{"damage_healed":0,"gold_gain":0,"player_choice":"Obtained Relic","damage_taken":0,"relics_obtained":["Mummified Hand"],"max_hp_gain":0,"max_hp_loss":0,"event_name":"Addict","floor":22,"gold_loss":85}],"is_beta":false,"boss_relics":[{"not_picked":["Busted Crown","Black Star"],"picked":"White Beast Statue"}],"items_purged_floors":[4],"is_endless":false,"potions_floor_spawned":[6,12,16,18,19,20],"killed_by":"Slavers","ascension_level":1}