{"gold_per_floor":[117,192,192,205,205,205,249,263,288,329,350,420,420,420,420,513,513,532,556,556,556,556,556,556],"floor_reached":24,"playtime":666,"items_purged":[],"score":454,"play_id":"16f6c2c1-255b-4a0b-bb7e-70d5a9cf73d1","local_time":"20190317015836","is_ascension_mode":true,"campfire_choices":[{"data":"Bash","floor":6,"key":"SMITH"},{"data":"Metallicize","floor":13,"key":"SMITH"},{"floor":15,"key":"REST"},{"floor":23,"key":"REST"}],"neow_cost":"NONE","seed_source_timestamp":336702409828155,"circlet_count":0,"master_deck":["AscendersBane","Strike_R","Strike_R","Strike_R+1","Strike_R","Defend_R","Defend_R","Defend_R","Defend_R","Bash+1","Perfected Strike+1","Anger","Metallicize+1","Disarm","Inflame+1","Spot Weakness","Double Tap","Perfected Strike","Perfected Strike","Flame Barrier","Corruption","True Grit","Rage"],"relics":["Burning Blood","Golden Idol","Vajra","Red Skull","Magic Flower","Whetstone","Orrery","Nloth\u0027s Gift"],"potions_floor_usage":[10,12,12],"damage_taken":[{"damage":0,"enemies":"2 Louse","floor":1,"turns":1},{"damage":0,"enemies":"Small Slimes","floor":4,"turns":1},{"damage":0,"enemies":"3 Sentries","floor":7,"turns":2},{"damage":7,"enemies":"Jaw Worm","floor":8,"turns":2},{"damage":26,"enemies":"Gremlin Nob","floor":10,"turns":4},{"damage":13,"enemies":"Red Slaver","floor":11,"turns":3},{"damage":38,"enemies":"Lagavulin Event","floor":12,"turns":5},{"damage":27,"enemies":"Slime Boss","floor":16,"turns":9},{"damage":35,"enemies":"2 Thieves","floor":18,"turns":4},{"damage":12,"enemies":"3 Byrds","floor":19,"turns":4},{"damage":22,"enemies":"Colosseum Slavers","floor":20,"turns":4},{"damage":57,"enemies":"Gremlin Leader","floor":24,"turns":3}],"seed_played":"-5007402315248368134","potions_obtained":[{"floor":7,"key":"FearPotion"},{"floor":8,"key":"Fruit Juice"},{"floor":10,"key":"SkillPotion"}],"is_trial":false,"path_per_floor":["M","?","?","M","?","R","E","M","T","E","M","?","R","?","R","B",null,"M","M","?","$","?","R","E"],"character_chosen":"IRONCLAD","items_purchased":[],"campfire_rested":2,"item_purchase_floors":[],"current_hp_per_floor":[74,63,56,62,62,62,68,67,67,47,43,22,22,22,43,25,61,35,32,19,19,19,40,0],"gold":556,"neow_bonus":"THREE_ENEMY_KILL","is_prod":false,"is_daily":false,"chose_seed":false,"campfire_upgraded":2,"win_rate":0,"timestamp":1552802316,"path_taken":["M","?","?","M","?","R","E","M","T","E","M","?","R","?","R","BOSS","M","M","?","$","?","R","E"],"build_version":"2019-03-15","purchased_purges":0,"victory":false,"max_hp_per_floor":[75,75,75,75,68,68,68,68,68,68,68,73,73,73,73,73,73,73,73,73,73,73,73,73],"card_choices":[{"not_picked":["Burning Pact","True Grit"],"picked":"Perfected Strike","floor":1},{"not_picked":["Heavy Blade","Sword Boomerang"],"picked":"Anger","floor":4},{"not_picked":["Warcry","Anger"],"picked":"Metallicize","floor":7},{"not_picked":["Shrug It Off","Carnage"],"picked":"Disarm","floor":8},{"not_picked":["Dark Embrace","Headbutt","Flex"],"picked":"SKIP","floor":10},{"not_picked":["True Grit","Anger"],"picked":"Inflame","floor":11},{"not_picked":["Armaments","Sword Boomerang"],"picked":"Spot Weakness","floor":12},{"not_picked":["Berserk","Fiend Fire"],"picked":"Double Tap","floor":16},{"not_picked":["Warcry","Thunderclap"],"picked":"Perfected Strike","floor":17},{"not_picked":["Iron Wave","Fire Breathing"],"picked":"Perfected Strike","floor":17},{"not_picked":["Armaments","Dual Wield"],"picked":"Flame Barrier","floor":17},{"not_picked":["Clothesline","Armaments"],"picked":"Corruption","floor":17},{"not_picked":["Headbutt","Havoc"],"picked":"True Grit","floor":17},{"not_picked":["Carnage","Rage","Reckless Charge"],"picked":"SKIP","floor":18},{"not_picked":["Carnage","Reckless Charge"],"picked":"Rage","floor":18},{"not_picked":["Flex","Pummel+1","Armaments"],"picked":"SKIP","floor":19}],"player_experience":1119353,"relics_obtained":[{"floor":7,"key":"Vajra"},{"floor":9,"key":"Red Skull"},{"floor":10,"key":"Magic Flower"},{"floor":12,"key":"Whetstone"}],"event_choices":[{"damage_healed":0,"gold_gain":75,"player_choice":"Gather Gold","damage_taken":11,"max_hp_gain":0,"max_hp_loss":0,"event_name":"World of Goop","floor":2,"gold_loss":0},{"cards_removed":["Strike_R"],"damage_healed":0,"gold_gain":0,"player_choice":"Card Removal","damage_taken":7,"max_hp_gain":0,"max_hp_loss":0,"event_name":"Golden Wing","floor":3,"gold_loss":0},{"damage_healed":0,"gold_gain":0,"player_choice":"Lose Max HP","damage_taken":0,"relics_obtained":["Golden Idol"],"max_hp_gain":0,"max_hp_loss":7,"event_name":"Golden Idol","floor":5,"gold_loss":0},{"damage_healed":0,"gold_gain":30,"player_choice":"Searched \u00272\u0027 times","damage_taken":0,"max_hp_gain":0,"max_hp_loss":0,"event_name":"Dead Adventurer","floor":12,"gold_loss":0},{"damage_healed":0,"gold_gain":0,"player_choice":"Grow","damage_taken":0,"max_hp_gain":0,"max_hp_loss":0,"event_name":"Living Wall","floor":14,"gold_loss":0,"cards_upgraded":["Inflame"]},{"damage_healed":0,"gold_gain":0,"player_choice":"Fight","damage_taken":0,"max_hp_gain":0,"max_hp_loss":0,"event_name":"Colosseum","floor":20,"gold_loss":0},{"damage_healed":0,"gold_gain":0,"player_choice":"Fled From Nobs","damage_taken":0,"max_hp_gain":0,"max_hp_loss":0,"event_name":"Colosseum","floor":20,"gold_loss":0},{"damage_healed":0,"gold_gain":0,"player_choice":"Traded Relic","damage_taken":0,"relics_obtained":["Nloth\u0027s Gift"],"max_hp_gain":0,"max_hp_loss":0,"event_name":"N\u0027loth","floor":22,"relics_lost":["NeowsBlessing"],"gold_loss":0}],"is_beta":true,"boss_relics":[{"not_picked":["Runic Cube","Tiny House"],"picked":"Orrery"}],"items_purged_floors":[],"is_endless":false,"potions_floor_spawned":[7,8,10,20],"killed_by":"Gremlin Leader","ascension_level":20}