{"gold_per_floor":[116,116,116,129,144,144,178,178,178,198,198,210,240,240,240,339,339,355,374,388,313,325,325,336,352,352,66,66,91,106,205,205,303,303,318,318,318,333,344,344,219,219,219,129,162,182,59,59],"floor_reached":48,"playtime":1596,"items_purged":["Regret","Strike_R","Defend_R","Defend_R+1"],"score":492,"play_id":"1dbc714a-c0fc-4098-abb9-fc21c9e8952a","local_time":"20190316115914","is_ascension_mode":false,"campfire_choices":[{"data":"Disarm","floor":6,"key":"SMITH"},{"data":"Defend_R","floor":8,"key":"SMITH"},{"data":"True Grit","floor":15,"key":"SMITH"},{"data":"Shrug It Off","floor":23,"key":"SMITH"},{"data":"Limit Break","floor":28,"key":"SMITH"},{"data":"Thunderclap","floor":32,"key":"SMITH"},{"data":"Dropkick","floor":40,"key":"SMITH"},{"data":"Defend_R","floor":42,"key":"SMITH"}],"neow_cost":"NONE","seed_source_timestamp":285410865050444,"circlet_count":0,"master_deck":["Strike_R+1","Strike_R+1","Defend_R+1","Defend_R","Limit Break+1","Shrug It Off+1","Disarm+1","Dropkick+1","True Grit+1","Reaper","Shrug It Off+1","Thunderclap+1","Corruption+1","Dropkick"],"relics":["Burning Blood","Gremlin Horn","Dream Catcher","Bronze Scales","Red Skull","Coffee Dripper","MawBank","Brimstone","Centennial Puzzle","Philosopher\u0027s Stone","PreservedInsect","Smiling Mask"],"potions_floor_usage":[12,13,16,22,29,45,46],"damage_taken":[{"damage":8,"enemies":"Jaw Worm","floor":1,"turns":4},{"damage":1,"enemies":"Cultist","floor":4,"turns":4},{"damage":0,"enemies":"Small Slimes","floor":5,"turns":5},{"damage":35,"enemies":"Lagavulin","floor":7,"turns":9},{"damage":0,"enemies":"Looter","floor":10,"turns":4},{"damage":0,"enemies":"Lots of Slimes","floor":12,"turns":1},{"damage":34,"enemies":"3 Sentries","floor":13,"turns":8},{"damage":15,"enemies":"Slime Boss","floor":16,"turns":10},{"damage":1,"enemies":"3 Byrds","floor":18,"turns":4},{"damage":26,"enemies":"Spheric Guardian","floor":19,"turns":7},{"damage":11,"enemies":"Snake Plant","floor":20,"turns":5},{"damage":37,"enemies":"3 Cultists","floor":22,"turns":7},{"damage":8,"enemies":"Shelled Parasite and Fungi","floor":24,"turns":7},{"damage":0,"enemies":"Centurion and Healer","floor":25,"turns":9},{"damage":22,"enemies":"Slavers","floor":29,"turns":3},{"damage":7,"enemies":"3 Cultists","floor":30,"turns":3},{"damage":3,"enemies":"Champ","floor":33,"turns":7},{"damage":5,"enemies":"Orb Walker","floor":35,"turns":3},{"damage":6,"enemies":"3 Shapes","floor":38,"turns":5},{"damage":28,"enemies":"Sphere and 2 Shapes","floor":39,"turns":4},{"damage":20,"enemies":"Giant Head","floor":45,"turns":5},{"damage":16,"enemies":"Jaw Worm Horde","floor":46,"turns":3},{"damage":0,"enemies":"Transient","floor":48,"turns":1}],"seed_played":"-1872544094829183799","potions_obtained":[{"floor":4,"key":"FearPotion"},{"floor":5,"key":"Explosive Potion"},{"floor":7,"key":"Ancient Potion"},{"floor":10,"key":"Poison Potion"},{"floor":18,"key":"GamblersBrew"},{"floor":19,"key":"SkillPotion"},{"floor":20,"key":"GamblersBrew"},{"floor":22,"key":"Fire Potion"},{"floor":30,"key":"Strength Potion"},{"floor":39,"key":"Swift Potion"}],"is_trial":false,"path_per_floor":["M","?","?","M","M","R","E","R","T","M","?","M","E","?","R","B",null,"M","M","M","$","M","R","M","M","T","$","R","E","M","?","R","B",null,"M","?","?","M","M","R","$","R","T","?","E","M","$","M"],"character_chosen":"IRONCLAD","items_purchased":["Brimstone","Dropkick"],"campfire_rested":0,"item_purchase_floors":[27,47],"current_hp_per_floor":[78,62,62,67,73,73,44,44,44,50,50,56,28,28,28,19,80,80,64,63,63,44,44,52,68,68,68,68,68,79,79,79,80,80,80,80,80,80,58,58,58,58,58,58,66,70,70,70],"gold":59,"neow_bonus":"TRANSFORM_CARD","is_prod":false,"is_daily":false,"chose_seed":false,"campfire_upgraded":8,"win_rate":0,"timestamp":1552751954,"path_taken":["M","?","?","M","M","R","E","R","T","?","?","M","E","?","R","BOSS","M","M","?","$","M","R","M","M","T","$","R","E","M","?","R","BOSS","M","?","?","M","M","R","$","R","T","?","E","?","?","?"],"build_version":"2019-03-15","purchased_purges":4,"victory":false,"max_hp_per_floor":[80,80,80,80,80,80,80,80,80,80,80,80,80,80,80,80,80,80,80,80,80,80,80,80,80,80,80,80,80,80,80,80,80,80,80,80,80,80,80,80,80,80,80,80,80,80,80,80],"card_choices":[{"not_picked":["Headbutt","Sentinel"],"picked":"Shrug It Off","floor":1},{"not_picked":["Clothesline","Wild Strike"],"picked":"Disarm","floor":4},{"not_picked":["Entrench","Pommel Strike","Warcry"],"picked":"SKIP","floor":5},{"not_picked":["Brutality","Heavy Blade","Blood for Blood"],"picked":"SKIP","floor":7},{"not_picked":["Armaments","Shrug It Off","Ghostly Armor"],"picked":"SKIP","floor":10},{"not_picked":["Second Wind","Uppercut"],"picked":"Dropkick","floor":12},{"not_picked":["Clothesline","Wild Strike"],"picked":"True Grit","floor":13},{"not_picked":["Dark Embrace","Bludgeon"],"picked":"Reaper","floor":16},{"not_picked":["Sword Boomerang","Fire Breathing+1","Twin Strike+1"],"picked":"SKIP","floor":18},{"not_picked":["Clash","Body Slam","Seeing Red"],"picked":"SKIP","floor":19},{"not_picked":["Clash","Ghostly Armor"],"picked":"Shrug It Off","floor":20},{"not_picked":["Body Slam","Clash+1","Pommel Strike"],"picked":"SKIP","floor":22},{"not_picked":["Power Through+1","Corruption"],"picked":"Thunderclap","floor":24},{"not_picked":["Perfected Strike","Carnage","Heavy Blade"],"picked":"SKIP","floor":25},{"not_picked":["Dark Embrace","Body Slam"],"picked":"Corruption+1","floor":29},{"not_picked":["Uppercut","Evolve","Twin Strike"],"picked":"SKIP","floor":30},{"not_picked":["Thunderclap","Shrug It Off+1","Power Through"],"picked":"SKIP","floor":35},{"not_picked":["Seeing Red","Havoc+1","Clash"],"picked":"SKIP","floor":38},{"not_picked":["Perfected Strike","Havoc+1","Uppercut"],"picked":"SKIP","floor":39},{"not_picked":["Sword Boomerang","Barricade","Immolate"],"picked":"SKIP","floor":45},{"not_picked":["Twin Strike+1","Headbutt+1","Fire Breathing"],"picked":"SKIP","floor":46}],"player_experience":1105013,"relics_obtained":[{"floor":7,"key":"Gremlin Horn"},{"floor":9,"key":"Dream Catcher"},{"floor":13,"key":"Red Skull"},{"floor":26,"key":"MawBank"},{"floor":29,"key":"Centennial Puzzle"},{"floor":43,"key":"PreservedInsect"},{"floor":45,"key":"Smiling Mask"}],"event_choices":[{"damage_healed":0,"gold_gain":0,"player_choice":"Entered Light","damage_taken":16,"max_hp_gain":0,"max_hp_loss":0,"event_name":"Shining Light","floor":2,"gold_loss":0,"cards_upgraded":["Bash","Strike_R"]},{"damage_healed":0,"gold_gain":0,"player_choice":"Forge","damage_taken":0,"max_hp_gain":0,"max_hp_loss":0,"event_name":"Accursed Blacksmith","floor":3,"gold_loss":0,"cards_upgraded":["Shrug It Off"]},{"damage_healed":0,"gold_gain":0,"player_choice":"Box","damage_taken":0,"relics_obtained":["Bronze Scales"],"max_hp_gain":0,"max_hp_loss":0,"event_name":"Big Fish","floor":11,"gold_loss":0,"cards_obtained":["Regret"]},{"damage_healed":0,"gold_gain":0,"player_choice":"Ignored","damage_taken":0,"max_hp_gain":0,"max_hp_loss":0,"event_name":"NoteForYourself","floor":14,"gold_loss":0},{"damage_healed":0,"gold_gain":99,"player_choice":"Stole From Cult","damage_taken":0,"max_hp_gain":0,"max_hp_loss":0,"event_name":"Nest","floor":31,"gold_loss":0},{"cards_removed":["Bash"],"damage_healed":0,"gold_gain":0,"player_choice":"Removed Attack","damage_taken":0,"max_hp_gain":0,"max_hp_loss":0,"event_name":"Falling","floor":36,"gold_loss":0},{"damage_healed":0,"gold_gain":0,"player_choice":"Ignored","damage_taken":0,"max_hp_gain":0,"max_hp_loss":0,"event_name":"Tomb of Lord Red Mask","floor":37,"gold_loss":0},{"cards_removed":["Strike_R"],"damage_healed":0,"gold_gain":0,"player_choice":"Upgrade and Remove","damage_taken":0,"max_hp_gain":0,"max_hp_loss":0,"event_name":"Designer","floor":44,"gold_loss":90,"cards_upgraded":["Strike_R"]}],"is_beta":true,"boss_relics":[{"not_picked":["Tiny House","White Beast Statue"],"picked":"Coffee Dripper"},{"not_picked":["Snecko Eye","Velvet Choker"],"picked":"Philosopher\u0027s Stone"}],"items_purged_floors":[21,27,41,47],"is_endless":false,"potions_floor_spawned":[4,5,7,10,18,19,20,22,30,35,39],"killed_by":"Transient","ascension_level":0}