{"path_per_floor":["M","M","?","$","M","R","M","R","T","?","M","E","M","E","R","B",null,"M","M","M","M","?","R","M","$","T","E","?","R","M","E","R","B",null,"M","M","$","M","?","R","M","R","T","R","M","$","M","M","R","B"],"character_chosen":"THE_SILENT","items_purchased":["Dagger Spray","Kunai","Noxious Fumes"],"gold_per_floor":[111,121,121,21,37,37,55,55,55,55,74,107,122,147,147,242,242,261,247,261,280,280,280,290,39,66,93,93,93,104,133,133,233,233,253,264,84,104,104,104,121,121,144,144,161,36,47,64,64,64],"floor_reached":51,"campfire_rested":3,"playtime":4406,"current_hp_per_floor":[63,63,63,63,63,63,61,61,68,68,68,61,61,60,60,33,70,64,54,54,51,51,51,43,43,43,11,11,47,40,40,40,16,70,70,42,42,34,34,34,25,61,61,61,50,50,34,25,61,32],"items_purged":["Defend_G","Strike_G","Strike_G"],"gold":64,"score":528,"play_id":"4df7f203-13f1-4732-a16a-18ab4f71fa22","is_prod":false,"is_daily":false,"is_ascension_mode":false,"campfire_upgraded":7,"path_taken":["M","M","?","$","M","R","M","R","T","?","?","E","M","E","R","BOSS","M","M","M","M","?","R","M","$","T","E","?","R","?","E","R","BOSS","M","M","$","?","?","R","?","R","T","R","M","$","M","M","R","BOSS"],"build_version":"2018-02-05-BETA1","purchased_purges":3,"victory":true,"master_deck":["Defend_G","Defend_G","Defend_G","Survivor","Neutralize+1","Terror","Dagger Spray+1","Infinite Blades","Dash","Footwork+1","Bullet Time+1","Malaise","Dagger Throw","After Image","Quick Slash","Acrobatics","Expertise+1","Backflip","Flying Knee+1","Skewer","Sucker Punch+1","Adrenaline","Noxious Fumes+1","Bouncing Flask+1","Noxious Fumes+1","Blur","A Thousand Cuts","Quick Slash","Backflip+1","Footwork+1"],"max_hp_per_floor":[63,63,63,63,63,63,63,63,70,70,70,70,70,70,70,70,70,70,70,70,70,70,70,70,70,70,70,70,70,70,70,70,70,70,70,70,70,70,70,70,70,70,70,70,70,70,70,70,70,70],"relics":["Ring of the Snake","Strawberry","Oddly Smooth Stone","Regal Pillow","Sozu","Kunai","Snake Skull","Vajra","Omamori","Runic Dome","Pen Nib"],"card_choices":[{"not_picked":["Dagger Throw","Blur"],"picked":"Terror"},{"not_picked":["Deadly Poison","Prepared"],"picked":"Infinite Blades"},{"not_picked":["Deflect","Sucker Punch"],"picked":"Dash"},{"not_picked":["Catalyst","Quick Slash"],"picked":"Footwork"},{"not_picked":["Bane","Dagger Throw"],"picked":"Bullet Time"},{"not_picked":["Quick Slash","Deflect"],"picked":"Malaise"},{"not_picked":["Dagger Spray","Bane"],"picked":"Dagger Throw"},{"not_picked":["Venomology","Unload"],"picked":"After Image"},{"not_picked":["Deflect","Dagger Spray"],"picked":"Quick Slash"},{"not_picked":["Poisoned Stab","Riddle With Holes"],"picked":"Acrobatics"},{"not_picked":["Riddle With Holes","Deadly Poison"],"picked":"Expertise"},{"not_picked":["Prepared","Heel Hook"],"picked":"Backflip"},{"not_picked":["Distraction","Glass Knife"],"picked":"Flying Knee"},{"not_picked":["Prepared","Endless Agony"],"picked":"Skewer"},{"not_picked":["Deflect","Finisher"],"picked":"Sucker Punch"},{"not_picked":["Bullet Time","Doppelganger"],"picked":"Adrenaline"},{"not_picked":["Choke","Terror"],"picked":"Noxious Fumes"},{"not_picked":["Flying Knee","Outmaneuver"],"picked":"Bouncing Flask"},{"not_picked":["Quick Slash","Choke"],"picked":"Blur"},{"not_picked":["Distraction","Prepared"],"picked":"A Thousand Cuts"},{"not_picked":["Riddle With Holes","Outmaneuver"],"picked":"Quick Slash"},{"not_picked":["Masterful Stab","Prepared"],"picked":"Backflip"},{"not_picked":["Eviscerate","Bouncing Flask"],"picked":"Footwork"}],"player_experience":22021,"potions_floor_usage":[],"damage_taken":[{"damage":0.0,"enemies":"2 Louse","floor":1.0,"turns":3.0},{"damage":0.0,"enemies":"Jaw Worm","floor":2.0,"turns":7.0},{"damage":0.0,"enemies":"Blue Slaver","floor":5.0,"turns":4.0},{"damage":2.0,"enemies":"Large Slime","floor":7.0,"turns":4.0},{"damage":0.0,"enemies":"Exordium Thugs","floor":11.0,"turns":3.0},{"damage":7.0,"enemies":"Gremlin Nob","floor":12.0,"turns":4.0},{"damage":0.0,"enemies":"3 Louse","floor":13.0,"turns":1.0},{"damage":1.0,"enemies":"Lagavulin","floor":14.0,"turns":7.0},{"damage":27.0,"enemies":"Slime Boss","floor":16.0,"turns":9.0},{"damage":6.0,"enemies":"Spheric Guardian","floor":18.0,"turns":5.0},{"damage":10.0,"enemies":"2 Thieves","floor":19.0,"turns":4.0},{"damage":0.0,"enemies":"Snecko","floor":20.0,"turns":5.0},{"damage":3.0,"enemies":"Slaver and Parasite","floor":21.0,"turns":5.0},{"damage":8.0,"enemies":"Centurion and Healer","floor":24.0,"turns":4.0},{"damage":32.0,"enemies":"Slavers","floor":27.0,"turns":6.0},{"damage":7.0,"enemies":"3 Cultists","floor":30.0,"turns":5.0},{"damage":0.0,"enemies":"Book of Stabbing","floor":31.0,"turns":5.0},{"damage":24.0,"enemies":"Champ","floor":33.0,"turns":13.0},{"damage":0.0,"enemies":"Orb Walker","floor":35.0,"turns":2.0},{"damage":28.0,"enemies":"3 Darklings","floor":36.0,"turns":4.0},{"damage":8.0,"enemies":"Flame Bruiser 2 Orb","floor":38.0,"turns":5.0},{"damage":9.0,"enemies":"Sphere and 2 Shapes","floor":41.0,"turns":5.0},{"damage":11,"enemies":"4 Shapes","floor":45,"turns":4},{"damage":16,"enemies":"3 Darklings","floor":47,"turns":4},{"damage":9,"enemies":"Spire Growth","floor":48,"turns":5},{"damage":29,"enemies":"Time Eater","floor":50,"turns":10}],"event_choices":[{"event_name":"Living Wall","player_choice":"Forget","floor":3.0,"damage_taken":0.0},{"event_name":"The Woman in Blue","player_choice":"Bought 0 Potions","floor":10.0,"damage_taken":0.0},{"event_name":"Back to Basics","player_choice":"Elegance","floor":22.0,"damage_taken":0.0},{"event_name":"Cursed Tome","player_choice":"Ignored","floor":28.0,"damage_taken":0.0},{"event_name":"Mysterious Sphere","player_choice":"Ignore","floor":39.0,"damage_taken":0.0}],"boss_relics":[],"potions_floor_spawned":[1,5,7,12,13,20,21,24,33,35,47],"seed_played":"-4850699694701637584","ascension_level":0,"is_trial":false}