{"path_per_floor":["M","M","?","?","M","R","$","E","T","$","M","E","R","M","R","B",null,"M","M","$","M","?","R","M","R","T","M","M","M","R","M","R","B",null,"M","M","M","?","M","R","E","R","T","M","M"],"character_chosen":"IRONCLAD","items_purchased":[],"gold_per_floor":[112,130,205,155,172,172,97,129,154,54,73,100,100,110,110,207,207,226,241,116,126,51,51,62,62,62,73,90,101,101,117,117,221,221,231,249,264,264,276,276,304,304,329,339,349],"floor_reached":46,"campfire_rested":0,"playtime":4509,"current_hp_per_floor":[80,80,69,69,75,75,75,58,58,58,64,43,43,45,45,41,80,80,80,80,80,80,80,75,75,75,69,63,55,55,52,52,28,80,80,64,52,90,85,85,66,66,66,69,66],"items_purged":["Strike_R","Strike_R","Strike_R"],"gold":349,"play_id":"6acfae2d-3f7c-4ee6-a4f6-c09d10dabb30","is_prod":false,"is_daily":false,"campfire_rituals":0,"campfire_upgraded":9,"is_hardmode":false,"path_taken":["M","M","?","?","M","R","$","E","T","$","M","E","R","M","R","BOSS","M","M","$","M","?","R","M","R","T","?","M","M","R","M","R","BOSS","M","M","?","?","?","R","E","R","T","M","M","?"],"build_version":"2018-01-18-PROD4","purchased_purges":3,"victory":false,"master_deck":["Strike_R","Defend_R","Defend_R","Defend_R","Bash","Heavy Blade","Clash","Pommel Strike","Double Tap","Exhume","True Grit","Rampage","Warcry","Clash","Flex","Spot Weakness","Fiend Fire","Feel No Pain","Barricade","Sentinel"],"max_hp_per_floor":[80,80,80,80,80,80,80,80,80,80,80,80,80,80,80,80,80,80,80,80,80,80,80,80,80,80,80,80,80,80,80,80,80,80,80,80,80,90,90,90,90,90,90,90,90],"relics":["Burning Blood","War Paint","Bag of Preparation","Meat on the Bone","Velvet Choker","Champion Belt","Orrery","Gremlin Horn","Bronze Scales"],"campfire_meditates":0,"card_choices":[{"not_picked":["Disarm","Armaments"],"picked":"Heavy Blade"},{"not_picked":["Heavy Blade","Sever Soul"],"picked":"Clash"},{"not_picked":["Perfected Strike","Combust"],"picked":"Pommel Strike"},{"not_picked":["Pommel Strike","Sever Soul"],"picked":"Double Tap"},{"not_picked":["Double Tap","Immolate"],"picked":"Exhume"},{"not_picked":["Rupture","Body Slam"],"picked":"True Grit"},{"not_picked":["Heavy Blade","Perfected Strike"],"picked":"Rampage"},{"not_picked":["Corruption","Fire Breathing"],"picked":"Warcry"},{"not_picked":["Thunderclap","Armaments"],"picked":"Clash"},{"not_picked":["Headbutt","Intimidate"],"picked":"Flex"},{"not_picked":["Headbutt","Sword Boomerang"],"picked":"Spot Weakness"},{"not_picked":["Berserk","Impervious"],"picked":"Fiend Fire"},{"not_picked":["Twin Strike","Wild Strike"],"picked":"Feel No Pain"},{"not_picked":["Bloodletting","Sword Boomerang"],"picked":"Berserk"},{"not_picked":["Reckless Charge","Headbutt"],"picked":"Barricade"},{"not_picked":["Dropkick","Thunderclap"],"picked":"Sentinel"}],"player_experience":83160,"potions_floor_usage":[8,16,33,44,46],"damage_taken":[{"damage":1,"enemies":"Jaw Worm","floor":1,"turns":3},{"damage":0,"enemies":"2 Louse","floor":2,"turns":3},{"damage":0,"enemies":"Small Slimes","floor":5,"turns":3},{"damage":23,"enemies":"3 Sentries","floor":8,"turns":6},{"damage":0,"enemies":"3 Louse","floor":11,"turns":3},{"damage":27,"enemies":"Gremlin Nob","floor":12,"turns":4},{"damage":16,"enemies":"Large Slime","floor":14,"turns":3},{"damage":37,"enemies":"The Guardian","floor":16,"turns":9},{"damage":0,"enemies":"Chosen","floor":18,"turns":3},{"damage":5,"enemies":"2 Thieves","floor":19,"turns":3},{"damage":6,"enemies":"3 Cultists","floor":21,"turns":4},{"damage":11,"enemies":"Slaver and Parasite","floor":24,"turns":6},{"damage":12,"enemies":"Centurion and Healer","floor":27,"turns":6},{"damage":12,"enemies":"Snecko","floor":28,"turns":4},{"damage":14,"enemies":"Sentry and Sphere","floor":29,"turns":4},{"damage":9,"enemies":"Slaver and Parasite","floor":31,"turns":3},{"damage":42,"enemies":"Champ","floor":33,"turns":8},{"damage":0,"enemies":"Orb Walker","floor":35,"turns":3},{"damage":22,"enemies":"3 Shapes","floor":36,"turns":4},{"damage":18,"enemies":"Sphere and 2 Shapes","floor":37,"turns":6},{"damage":11,"enemies":"3 Darklings","floor":39,"turns":5},{"damage":25,"enemies":"2 Orb Walkers","floor":41,"turns":4},{"damage":3,"enemies":"4 Shapes","floor":44,"turns":7},{"damage":9,"enemies":"Sphere and 2 Shapes","floor":45,"turns":5},{"damage":66,"enemies":"Mysterious Sphere","floor":46,"turns":4}],"event_choices":[{"event_name":"World of Goop","player_choice":"Gather Gold","floor":3,"damage_taken":0},{"event_name":"The Cleric","player_choice":"Card Removal","floor":4,"damage_taken":0},{"event_name":"Beggar","player_choice":"Gave Gold","floor":22,"damage_taken":0},{"event_name":"Bonfire Elementals","player_choice":"RARE","floor":38,"damage_taken":0},{"event_name":"Mysterious Sphere","player_choice":"Fight","floor":46,"damage_taken":0}],"boss_relics":[{"not_picked":["Calling Bell","Runic Pyramid"],"picked":"Velvet Choker"},{"not_picked":["Eternal Feather","White Beast Statue"],"picked":"Orrery"}],"potions_floor_spawned":[1,12,18,24,27,31,33,35,44],"seed_played":"3258985855140528723","killed_by":"Mysterious Sphere","is_trial":false}