{"gold_per_floor":[125,152,129,141,153,191,203,227,239,285,297,327,339,378,390,478,490,490,490,490,490,128,128,128,128,128,128,128,128,128],"floor_reached":30,"playtime":832,"items_purged":["Pain"],"score":614,"play_id":"f3f59581-73e1-43f2-840e-821cca86176b","local_time":"20181123220026","is_ascension_mode":true,"campfire_choices":[{"data":"Zap","floor":7.0,"key":"SMITH"},{"floor":11.0,"key":"REST"},{"data":"Echo Form","floor":13.0,"key":"SMITH"},{"data":"Sunder","floor":15.0,"key":"SMITH"},{"floor":23.0,"key":"REST"},{"floor":27,"key":"REST"},{"floor":29,"key":"REST"}],"neow_cost":"NONE","seed_source_timestamp":784634011888282,"circlet_count":0,"master_deck":["AscendersBane","Strike_B+1","Strike_B","Strike_B+1","Defend_B","Defend_B","Defend_B","Defend_B","Zap+1","Dualcast","Ball Lightning","Echo Form+1","Genetic Algorithm","Sunder+1","Steam","Doom and Gloom","Core Surge","Cold Snap+1","Undo","Writhe"],"special_seed":0,"relics":["Cracked Core","MawBank","WarpedTongs","Mummified Hand","Centennial Puzzle","Ice Cream","Ectoplasm","Pocketwatch","Ornamental Fan","Bottled Flame","Meat on the Bone","Whetstone","Singing Bowl"],"potions_floor_usage":[28],"damage_taken":[{"damage":6.0,"enemies":"Cultist","floor":1.0,"turns":3.0},{"damage":3.0,"enemies":"Small Slimes","floor":2.0,"turns":3.0},{"damage":12.0,"enemies":"Gremlin Nob","floor":6.0,"turns":3.0},{"damage":14.0,"enemies":"Jaw Worm","floor":8.0,"turns":2.0},{"damage":27.0,"enemies":"3 Sentries","floor":10.0,"turns":6.0},{"damage":0.0,"enemies":"3 Louse","floor":12.0,"turns":2.0},{"damage":5.0,"enemies":"Lagavulin","floor":14.0,"turns":5.0},{"damage":21.0,"enemies":"Slime Boss","floor":16.0,"turns":6.0},{"damage":8.0,"enemies":"Spheric Guardian","floor":18.0,"turns":4.0},{"damage":15.0,"enemies":"Shell Parasite","floor":19.0,"turns":4.0},{"damage":27.0,"enemies":"Colosseum Slavers","floor":20.0,"turns":4.0},{"damage":22.0,"enemies":"Book of Stabbing","floor":24.0,"turns":4.0},{"damage":22,"enemies":"Slavers","floor":28,"turns":5},{"damage":25,"enemies":"Book of Stabbing","floor":30,"turns":4}],"seed_played":"-9044887852597310041","potions_obtained":[{"floor":2.0,"key":"PowerPotion"},{"floor":10.0,"key":"Fire Potion"},{"floor":14.0,"key":"SteroidPotion"},{"floor":18.0,"key":"Weak Potion"}],"is_trial":false,"path_per_floor":["M","M","?","?","?","E","R","M","T","E","R","M","R","E","R","B",null,"M","M","?","T","$","R","E","E","?","T","R","E","R","E"],"character_chosen":"DEFECT","items_purchased":["Ornamental Fan"],"campfire_rested":4,"item_purchase_floors":[22],"current_hp_per_floor":[58,55,71,64,64,52,52,38,38,11,32,32,32,27,27,6,55,47,32,5,5,5,26,4,4,4,25,17,38,13],"gold":128,"neow_bonus":"RANDOM_COMMON_RELIC","is_prod":false,"is_daily":false,"chose_seed":false,"campfire_upgraded":3,"win_rate":0,"timestamp":1543028426,"path_taken":["M","?","?","?","?","E","R","?","T","E","R","M","R","E","R","BOSS","M","?","?","?","$","R","E","?","T","R","E","R","E"],"build_version":"2018-11-15","purchased_purges":1,"victory":false,"max_hp_per_floor":[71,71,71,71,71,71,71,71,71,71,71,71,71,71,71,71,71,71,71,71,71,71,71,71,71,71,71,73,73,73],"card_choices":[{"not_picked":["Cold Snap","Go for the Eyes"],"picked":"Ball Lightning","floor":1.0},{"not_picked":["Turbo","Go for the Eyes"],"picked":"Echo Form","floor":2.0},{"not_picked":["Coolheaded","Reinforced Body"],"picked":"Genetic Algorithm","floor":6.0},{"not_picked":["Ball Lightning","Compile Driver"],"picked":"Sunder","floor":8.0},{"not_picked":["Double Energy","Redo"],"picked":"Steam","floor":10.0},{"not_picked":["Streamline","Sunder","Fusion"],"picked":"SKIP","floor":12.0},{"not_picked":["Sweeping Beam","Beam Cell"],"picked":"Doom and Gloom","floor":14.0},{"not_picked":["Creative AI","Reboot"],"picked":"Core Surge","floor":16.0},{"not_picked":["Streamline","Reprogram+1","Scrape"],"picked":"SKIP","floor":18.0},{"not_picked":["Storm","Scrape"],"picked":"Cold Snap+1","floor":19.0},{"not_picked":["Sweeping Beam","Compile Driver+1"],"picked":"Undo","floor":24},{"not_picked":["Fission","Sweeping Beam","Turbo"],"picked":"Singing Bowl","floor":28}],"player_experience":898413,"relics_obtained":[{"floor":6.0,"key":"Mummified Hand"},{"floor":10.0,"key":"Centennial Puzzle"},{"floor":14.0,"key":"Ice Cream"},{"floor":21.0,"key":"Pocketwatch"},{"floor":24,"key":"Bottled Flame"},{"floor":26,"key":"Whetstone"},{"floor":28,"key":"Singing Bowl"}],"event_choices":[{"damage_healed":17.0,"max_hp_gain":0.0,"max_hp_loss":0.0,"gold_gain":0.0,"event_name":"The Cleric","player_choice":"Healed","floor":3.0,"gold_loss":35.0,"damage_taken":0.0},{"cards_removed":["Strike_B"],"damage_healed":0.0,"max_hp_gain":0.0,"max_hp_loss":0.0,"gold_gain":0.0,"event_name":"Golden Wing","player_choice":"Card Removal","floor":4.0,"gold_loss":0.0,"damage_taken":7.0},{"damage_healed":0.0,"max_hp_gain":0.0,"max_hp_loss":0.0,"gold_gain":0.0,"event_name":"Accursed Blacksmith","player_choice":"Rummage","floor":5.0,"gold_loss":0.0,"damage_taken":0.0,"relics_obtained":["WarpedTongs"],"cards_obtained":["Pain"]},{"damage_healed":0.0,"max_hp_gain":0.0,"max_hp_loss":0.0,"gold_gain":0.0,"event_name":"Colosseum","player_choice":"Fight","floor":20.0,"gold_loss":0.0,"damage_taken":0.0},{"damage_healed":0.0,"max_hp_gain":0.0,"max_hp_loss":0.0,"gold_gain":0.0,"event_name":"Colosseum","player_choice":"Fled From Nobs","floor":20.0,"gold_loss":0.0,"damage_taken":0.0},{"damage_healed":0,"gold_gain":0,"player_choice":"Opened","damage_taken":0,"relics_obtained":["Meat on the Bone"],"max_hp_gain":0,"max_hp_loss":0,"event_name":"The Mausoleum","floor":25,"gold_loss":0,"cards_obtained":["Writhe"]}],"is_beta":true,"boss_relics":[{"not_picked":["Astrolabe","Black Star"],"picked":"Ectoplasm"}],"items_purged_floors":[22],"is_endless":false,"potions_floor_spawned":[2,10,14,18],"killed_by":"Book of Stabbing","ascension_level":20}