{"path_per_floor":["M","?","M","$","?","R","?","R","T","M","?","M","E","T","R","B",null,"M","?","?","M"],"character_chosen":"THE_SILENT","items_purchased":["Infinite Blades"],"gold_per_floor":[117,117,128,51,51,51,51,51,51,61,61,72,102,102,102,200,200,219,219,219,230,230],"floor_reached":22,"campfire_rested":1,"playtime":1138,"current_hp_per_floor":[70,70,69,69,69,69,69,69,69,68,70,68,40,40,61,40,70,43,30,30,28,0],"items_purged":[],"gold":230,"score":182,"play_id":"9e76789b-fbf8-44bc-b75c-76ef91a74ebe","local_time":"20180330040847","is_prod":false,"is_daily":false,"is_ascension_mode":false,"campfire_upgraded":2,"timestamp":1522408127,"path_taken":["M","?","?","$","?","R","?","R","T","?","?","M","E","?","R","BOSS","M","?","?","M","?"],"build_version":"2018-03-29v2","purchased_purges":0,"victory":false,"master_deck":["Defend_G","Defend_G","Defend_G","Defend_G","Defend_G","Strike_G","Strike_G","Strike_G","Strike_G","Strike_G","Survivor","Neutralize+1","Storm of Steel+1","Distraction+1","Backstab+1","Infinite Blades+1","Backflip","Bouncing Flask","Flying Knee","Storm of Steel","Deadly Poison","Escape Plan","Noxious Fumes"],"max_hp_per_floor":[70,70,70,70,70,70,70,70,70,70,70,70,70,70,70,70,70,70,75,75,75,75],"relics":["Ring of the Snake","Torii","Dream Catcher","Bird Faced Urn","Black Star"],"card_choices":[{"not_picked":["PiercingWail","Slice"],"picked":"Catalyst","floor":1},{"not_picked":["Deflect","Dagger Spray"],"picked":"Backstab","floor":3},{"not_picked":["Sucker Punch","Eviscerate"],"picked":"Backflip","floor":10},{"not_picked":["Accuracy","Skewer"],"picked":"Bouncing Flask","floor":12},{"not_picked":["Tools of the Trade","Sucker Punch"],"picked":"Endless Agony","floor":13},{"not_picked":["Blur","Dagger Throw"],"picked":"Flying Knee","floor":15},{"not_picked":["Venomology","Wraith Form"],"picked":"Storm of Steel","floor":16},{"not_picked":["Acrobatics","Backflip"],"picked":"Deadly Poison","floor":18},{"not_picked":["PiercingWail","Dash"],"picked":"Noxious Fumes","floor":21}],"player_experience":40690,"potions_floor_usage":[16,16,21],"damage_taken":[{"damage":0,"enemies":"2 Louse","floor":1,"turns":3},{"damage":1,"enemies":"Cultist","floor":3,"turns":4},{"damage":1,"enemies":"Jaw Worm","floor":10,"turns":4},{"damage":2,"enemies":"Gremlin Gang","floor":12,"turns":6},{"damage":28,"enemies":"Gremlin Nob","floor":13,"turns":4},{"damage":38,"enemies":"The Guardian","floor":16,"turns":11},{"damage":27,"enemies":"Spheric Guardian","floor":18,"turns":4},{"damage":4,"enemies":"3 Byrds","floor":21,"turns":5},{"damage":34,"enemies":"Centurion and Healer","floor":22,"turns":6}],"event_choices":[{"event_name":"Match and Keep!","player_choice":"2 cards matched","floor":2,"damage_taken":0},{"event_name":"Living Wall","player_choice":"Grow","floor":5,"damage_taken":0},{"event_name":"Upgrade Shrine","player_choice":"Upgraded","floor":7,"damage_taken":0},{"event_name":"Bonfire Elementals","player_choice":"UNCOMMON","floor":11,"damage_taken":0},{"event_name":"Forgotten Altar","player_choice":"Shed Blood","floor":19,"damage_taken":0},{"event_name":"Transmorgrifier","player_choice":"Transform","floor":20,"damage_taken":0}],"boss_relics":[{"not_picked":["Runic Dome","Sozu"],"picked":"Black Star"}],"potions_floor_spawned":[1,12,13],"seed_played":"-5968665867873329705","killed_by":"Centurion and Healer","ascension_level":0,"is_trial":false}