{"gold_per_floor":[112,137,154,171,191,191,223,223,223,234,199,199,274,299,299,299],"floor_reached":16,"playtime":541,"items_purged":[],"score":220,"play_id":"027fa049-2976-4fa3-9fef-dd31230f8fad","local_time":"20190310114526","is_ascension_mode":true,"campfire_choices":[{"data":"Whirlwind","floor":6.0,"key":"SMITH"},{"floor":8.0,"key":"REST"},{"data":"Limit Break","floor":12.0,"key":"SMITH"},{"data":"Evolve","floor":15.0,"key":"SMITH"}],"neow_cost":"PERCENT_DAMAGE","seed_source_timestamp":288604241868234,"circlet_count":0,"master_deck":["AscendersBane","Strike_R","Strike_R","Strike_R","Strike_R","Strike_R","Defend_R","Defend_R","Defend_R","Defend_R","Bash","Feel No Pain","Whirlwind+1","Spot Weakness","Limit Break+1","Exhume","Evolve+1","Wild Strike+1"],"special_seed":0,"relics":["Burning Blood","Champion Belt","PreservedInsect","Self Forming Clay","Mummified Hand","Molten Egg 2"],"potions_floor_usage":[16],"damage_taken":[{"damage":3.0,"enemies":"Cultist","floor":1.0,"turns":4.0},{"damage":6.0,"enemies":"2 Louse","floor":3.0,"turns":4.0},{"damage":2.0,"enemies":"Jaw Worm","floor":4.0,"turns":3.0},{"damage":15.0,"enemies":"Gremlin Gang","floor":5.0,"turns":6.0},{"damage":34.0,"enemies":"Gremlin Nob","floor":7.0,"turns":4.0},{"damage":10.0,"enemies":"Large Slime","floor":10.0,"turns":6.0},{"damage":22.0,"enemies":"Lagavulin","floor":14.0,"turns":6.0},{"damage":34,"enemies":"The Guardian","floor":16,"turns":8}],"seed_played":"-6982312768106412826","potions_obtained":[{"floor":1.0,"key":"Fire Potion"},{"floor":4.0,"key":"Dexterity Potion"},{"floor":14.0,"key":"Strength Potion"}],"is_trial":false,"path_per_floor":["M","T","M","M","M","R","E","R","T","M","?","R","?","E","R","B"],"character_chosen":"IRONCLAD","items_purchased":[],"campfire_rested":1,"item_purchase_floors":[],"current_hp_per_floor":[53,53,53,57,48,48,20,42,42,38,56,56,45,29,29,0],"gold":299,"neow_bonus":"ONE_RARE_RELIC","is_prod":false,"is_daily":false,"chose_seed":false,"campfire_upgraded":3,"win_rate":0,"timestamp":1552232726,"path_taken":["M","?","M","M","M","R","E","R","T","M","?","R","?","E","R","BOSS"],"build_version":"2019-02-06","purchased_purges":0,"victory":false,"max_hp_per_floor":[75,75,75,75,75,75,75,75,75,75,75,75,75,75,75,75],"card_choices":[{"not_picked":["Metallicize","Sword Boomerang"],"picked":"Feel No Pain","floor":1.0},{"not_picked":["Clothesline","Thunderclap"],"picked":"Whirlwind","floor":3.0},{"not_picked":["Shockwave","Wild Strike"],"picked":"Spot Weakness","floor":4.0},{"not_picked":["Body Slam","Dropkick"],"picked":"Limit Break","floor":5.0},{"not_picked":["Iron Wave","Pummel"],"picked":"Exhume","floor":7.0},{"not_picked":["Infernal Blade","Thunderclap"],"picked":"Evolve","floor":10.0},{"not_picked":["Pommel Strike","Warcry"],"picked":"Wild Strike","floor":14.0}],"player_experience":1071103,"relics_obtained":[{"floor":2.0,"key":"PreservedInsect"},{"floor":7.0,"key":"Self Forming Clay"},{"floor":9.0,"key":"Mummified Hand"},{"floor":14.0,"key":"Molten Egg 2"}],"event_choices":[{"damage_healed":18.0,"max_hp_gain":0.0,"max_hp_loss":0.0,"gold_gain":0.0,"event_name":"The Cleric","player_choice":"Healed","floor":11.0,"gold_loss":35.0,"damage_taken":0.0},{"damage_healed":0.0,"max_hp_gain":0.0,"max_hp_loss":0.0,"gold_gain":75.0,"event_name":"World of Goop","player_choice":"Gather Gold","floor":13.0,"gold_loss":0.0,"damage_taken":11.0}],"is_beta":true,"boss_relics":[],"items_purged_floors":[],"is_endless":false,"potions_floor_spawned":[1,4,14],"killed_by":"The Guardian","ascension_level":20}