{"gold_per_floor":[110,110,110,185,201,233,246,246,315,315,376,376,406,422,422,496,496,496,335,355,355,40,40,65,89,101,113],"floor_reached":27,"playtime":731,"items_purged":[],"score":528,"play_id":"c2312478-1dc1-41d8-b40c-fb9f49155543","local_time":"20190220194749","is_ascension_mode":true,"campfire_choices":[{"data":"Zap","floor":8.0,"key":"SMITH"},{"data":"Dualcast","floor":10.0,"key":"SMITH"},{"data":"Beam Cell","floor":12.0,"key":"SMITH"},{"floor":15.0,"key":"REST"},{"floor":23,"key":"REST"}],"neow_cost":"NONE","seed_source_timestamp":612195735334623,"circlet_count":0,"master_deck":["AscendersBane","Strike_B","Strike_B","Strike_B","Defend_B","Defend_B","Defend_B","Defend_B","Zap+1","Dualcast+1","Gash","Glacier","Gash","Rebound","Beam Cell+1","Genetic Algorithm","Hologram","Echo Form","Capacitor","Genetic Algorithm","FTL"],"special_seed":0,"relics":["Cracked Core","NeowsBlessing","Regal Pillow","Pear","Emotion Chip","Kunai","Black Star","DataDisk","Mercury Hourglass","Oddly Smooth Stone","MawBank","Dream Catcher","Sundial"],"potions_floor_usage":[24,24,27],"damage_taken":[{"damage":0.0,"enemies":"Small Slimes","floor":1.0,"turns":1.0},{"damage":0.0,"enemies":"Jaw Worm","floor":5.0,"turns":1.0},{"damage":0.0,"enemies":"Gremlin Nob","floor":6.0,"turns":1.0},{"damage":2.0,"enemies":"2 Louse","floor":7.0,"turns":2.0},{"damage":22.0,"enemies":"Gremlin Nob","floor":11.0,"turns":6.0},{"damage":15.0,"enemies":"3 Sentries","floor":13.0,"turns":4.0},{"damage":9.0,"enemies":"Exordium Wildlife","floor":14.0,"turns":2.0},{"damage":15.0,"enemies":"The Guardian","floor":16.0,"turns":10.0},{"damage":0.0,"enemies":"3 Byrds","floor":18.0,"turns":2.0},{"damage":31,"enemies":"Shell Parasite","floor":20,"turns":4},{"damage":48,"enemies":"Slavers","floor":24,"turns":6},{"damage":6,"enemies":"Snecko","floor":25,"turns":6},{"damage":24,"enemies":"Book of Stabbing","floor":27,"turns":2}],"seed_played":"5265190263015106","potions_obtained":[{"floor":1.0,"key":"Ancient Potion"},{"floor":11.0,"key":"Fire Potion"},{"floor":13.0,"key":"SmokeBomb"},{"floor":16.0,"key":"SpeedPotion"},{"floor":20,"key":"AttackPotion"},{"floor":24,"key":"FearPotion"}],"is_trial":false,"path_per_floor":["M","?","?","?","M","E","M","R","T","R","?","R","E","M","R","B",null,"M","$","M","?","$","R","E","M","T","E"],"character_chosen":"DEFECT","items_purchased":["DataDisk","Fire Potion","Oddly Smooth Stone","Genetic Algorithm"],"campfire_rested":2,"item_purchase_floors":[19,22,22,22],"current_hp_per_floor":[64,64,57,46,46,46,44,44,54,54,32,32,17,8,47,32,69,69,69,38,38,38,77,29,23,23,0],"gold":113,"neow_bonus":"THREE_ENEMY_KILL","is_prod":false,"is_daily":false,"chose_seed":false,"campfire_upgraded":3,"win_rate":0,"timestamp":1550710069,"path_taken":["M","?","?","?","M","E","?","R","T","R","?","R","E","M","R","BOSS","M","$","M","?","$","R","E","M","T","E"],"build_version":"2019-02-06","purchased_purges":0,"victory":false,"max_hp_per_floor":[71,71,71,71,71,71,71,71,81,81,81,81,81,81,81,81,81,81,81,81,81,81,81,81,81,81,81],"card_choices":[{"not_picked":["Fusion","Sweeping Beam"],"picked":"Gash","floor":1.0},{"not_picked":["Reprogram","Double Energy"],"picked":"Glacier","floor":5.0},{"not_picked":["Stack","BootSequence"],"picked":"Gash","floor":6.0},{"not_picked":["Recycle","Barrage"],"picked":"Rebound","floor":7.0},{"not_picked":["Ball Lightning","Hello World"],"picked":"Beam Cell","floor":11.0},{"not_picked":["Double Energy","Consume"],"picked":"Genetic Algorithm","floor":13.0},{"not_picked":["Stack","Amplify"],"picked":"Hologram","floor":14.0},{"not_picked":["Buffer","Machine Learning"],"picked":"Echo Form","floor":16.0},{"not_picked":["Redo","Rip and Tear"],"picked":"Capacitor","floor":20},{"not_picked":["Go for the Eyes","Blizzard"],"picked":"FTL","floor":24},{"not_picked":["Streamline","Tempest","Defragment"],"picked":"SKIP","floor":25}],"player_experience":954282,"relics_obtained":[{"floor":6.0,"key":"Regal Pillow"},{"floor":9.0,"key":"Pear"},{"floor":11.0,"key":"Emotion Chip"},{"floor":13.0,"key":"Kunai"},{"floor":24,"key":"MawBank"},{"floor":24,"key":"Dream Catcher"},{"floor":26,"key":"Sundial"}],"event_choices":[{"damage_healed":0.0,"max_hp_gain":0.0,"max_hp_loss":0.0,"gold_gain":0.0,"event_name":"The Cleric","player_choice":"Leave","floor":2.0,"gold_loss":0.0,"damage_taken":0.0},{"cards_removed":["Strike_B"],"damage_healed":0.0,"max_hp_gain":0.0,"max_hp_loss":0.0,"gold_gain":0.0,"event_name":"Golden Wing","player_choice":"Card Removal","floor":3.0,"gold_loss":0.0,"damage_taken":7.0},{"damage_healed":0.0,"max_hp_gain":0.0,"max_hp_loss":0.0,"gold_gain":75.0,"event_name":"World of Goop","player_choice":"Gather Gold","floor":4.0,"gold_loss":0.0,"damage_taken":11.0},{"damage_healed":0.0,"max_hp_gain":0.0,"max_hp_loss":0.0,"gold_gain":30.0,"event_name":"Dead Adventurer","player_choice":"Searched \u00273\u0027 times","floor":11.0,"gold_loss":0.0,"damage_taken":0.0},{"damage_healed":0,"gold_gain":0,"player_choice":"Gave Potion","damage_taken":0,"relics_obtained":["Mercury Hourglass"],"max_hp_gain":0,"max_hp_loss":0,"event_name":"WeMeetAgain","floor":21,"gold_loss":0}],"is_beta":true,"boss_relics":[{"not_picked":["Tiny House","White Beast Statue"],"picked":"Black Star"}],"items_purged_floors":[],"is_endless":false,"potions_floor_spawned":[1,11,13,16,18,20,24],"killed_by":"Book of Stabbing","ascension_level":20}