{"gold_per_floor":[117,77,29,29,48,82,82,93,93,93,103,23,38,56,56,154,154,168,203,203,203,203,203,54,54,54,54,69,99,14,14,14,14],"floor_reached":33,"playtime":924,"items_purged":[],"score":311,"play_id":"f6ae9a5e-e50f-47d5-a2da-f090dbc0e50b","local_time":"20190207072744","is_ascension_mode":false,"campfire_choices":[{"data":"Feed","floor":7,"key":"SMITH"},{"data":"Thunderclap","floor":10,"key":"SMITH"},{"data":"Uppercut","floor":15,"key":"SMITH"},{"floor":23,"key":"REST"},{"data":"Reaper","floor":25,"key":"SMITH"},{"floor":32,"key":"REST"}],"neow_cost":"NONE","seed_source_timestamp":951874259104801,"circlet_count":0,"master_deck":["Strike_R","Strike_R","Strike_R","Strike_R","Strike_R","Defend_R","Defend_R","Defend_R","Defend_R","Bash","Shockwave","Thunderclap+1","Feed+1","Uppercut+1","Cleave","Reaper+1","Twin Strike+1"],"relics":["Burning Blood","Omamori","Sundial","Art of War","Vajra","Mark of Pain","Red Mask","MutagenicStrength","Strawberry","Singing Bowl","Juzu Bracelet","Dodecahedron"],"potions_floor_usage":[5,5,6,16,16,16,18,29,33],"damage_taken":[{"damage":12,"enemies":"Jaw Worm","floor":1,"turns":4},{"damage":0,"enemies":"Cultist","floor":5,"turns":3},{"damage":30,"enemies":"Gremlin Nob","floor":6,"turns":5},{"damage":3,"enemies":"2 Louse","floor":8,"turns":3},{"damage":10,"enemies":"Looter","floor":11,"turns":3},{"damage":0,"enemies":"Large Slime","floor":13,"turns":5},{"damage":8,"enemies":"Exordium Wildlife","floor":14,"turns":3},{"damage":53,"enemies":"Slime Boss","floor":16,"turns":11},{"damage":10,"enemies":"Spheric Guardian","floor":18,"turns":3},{"damage":40,"enemies":"Masked Bandits","floor":19,"turns":5},{"damage":0,"enemies":"3 Byrds","floor":28,"turns":4},{"damage":58,"enemies":"Gremlin Leader","floor":29,"turns":5},{"damage":102,"enemies":"Collector","floor":33,"turns":5}],"seed_played":"8700069189870925417","potions_obtained":[{"floor":2,"key":"Dexterity Potion"},{"floor":2,"key":"AttackPotion"},{"floor":2,"key":"Fruit Juice"},{"floor":5,"key":"Regen Potion"},{"floor":8,"key":"BloodPotion"},{"floor":14,"key":"Explosive Potion"},{"floor":16,"key":"Fire Potion"},{"floor":28,"key":"AttackPotion"},{"floor":29,"key":"AttackPotion"}],"is_trial":false,"path_per_floor":["M","?","$","T","M","E","R","M","T","R","M","$","M","M","R","B",null,"M","?","?","?","?","R","$","R","T","$","M","E","?","?","R","B"],"character_chosen":"IRONCLAD","items_purchased":["Thunderclap","Uppercut","Strawberry"],"campfire_rested":2,"item_purchase_floors":[3,12,24],"current_hp_per_floor":[74,74,74,74,85,68,68,75,75,75,71,71,81,83,83,49,101,105,75,75,75,75,107,114,114,114,114,122,72,72,46,84,0],"gold":14,"neow_bonus":"RANDOM_COMMON_RELIC","is_prod":false,"is_daily":false,"chose_seed":false,"campfire_upgraded":4,"win_rate":0,"timestamp":1549553264,"path_taken":["M","?","$","?","?","E","R","M","T","R","?","?","M","M","R","BOSS","M","?","?","?","?","R","$","R","T","$","M","E","?","?","R","BOSS"],"build_version":"2019-01-23","purchased_purges":0,"victory":false,"max_hp_per_floor":[80,80,80,80,85,85,85,89,89,89,89,89,93,97,97,101,101,105,109,109,109,109,109,116,116,116,116,122,124,124,129,129,129],"card_choices":[{"not_picked":["True Grit","Flex"],"picked":"Shockwave","floor":1},{"not_picked":["Warcry","Dual Wield","Armaments"],"picked":"SKIP","floor":5},{"not_picked":["Entrench","Pommel Strike"],"picked":"Feed","floor":6},{"not_picked":["Sentinel","Rage","Disarm"],"picked":"SKIP","floor":8},{"not_picked":["Headbutt","Iron Wave","Perfected Strike"],"picked":"SKIP","floor":11},{"not_picked":["Inflame","Perfected Strike"],"picked":"Cleave","floor":13},{"not_picked":["Bloodletting","Burning Pact","Feel No Pain"],"picked":"SKIP","floor":14},{"not_picked":["Fiend Fire","Brutality"],"picked":"Reaper","floor":16},{"not_picked":["Disarm","Headbutt+1","Rage"],"picked":"SKIP","floor":18},{"not_picked":["Disarm+1","Anger"],"picked":"Twin Strike+1","floor":19},{"not_picked":["Cleave","Uppercut","Shrug It Off"],"picked":"Singing Bowl","floor":28},{"not_picked":["Flex","Headbutt","Havoc"],"picked":"Singing Bowl","floor":29}],"player_experience":247988,"relics_obtained":[{"floor":4,"key":"Sundial"},{"floor":6,"key":"Art of War"},{"floor":9,"key":"Vajra"},{"floor":19,"key":"Red Mask"},{"floor":26,"key":"Singing Bowl"},{"floor":29,"key":"Juzu Bracelet"}],"event_choices":[{"damage_healed":0,"gold_gain":0,"player_choice":"Bought 3 Potions","damage_taken":0,"max_hp_gain":0,"max_hp_loss":0,"event_name":"The Woman in Blue","floor":2,"gold_loss":0},{"damage_healed":0,"gold_gain":0,"player_choice":"Fought Bandits","damage_taken":0,"max_hp_gain":0,"max_hp_loss":0,"event_name":"Masked Bandits","floor":19,"gold_loss":0},{"damage_healed":0,"gold_gain":0,"player_choice":"Ignored","damage_taken":0,"max_hp_gain":0,"max_hp_loss":0,"event_name":"Ghosts","floor":20,"gold_loss":0},{"damage_healed":0,"gold_gain":0,"player_choice":"Inject Mutagens","damage_taken":0,"relics_obtained":["MutagenicStrength"],"max_hp_gain":0,"max_hp_loss":0,"event_name":"Drug Dealer","floor":21,"gold_loss":0},{"damage_healed":0,"gold_gain":0,"player_choice":"Ignored","damage_taken":0,"max_hp_gain":0,"max_hp_loss":0,"event_name":"Vampires","floor":22,"gold_loss":0},{"damage_healed":0,"gold_gain":0,"player_choice":"Obtained Relic","damage_taken":0,"relics_obtained":["Dodecahedron"],"max_hp_gain":0,"max_hp_loss":0,"event_name":"Addict","floor":30,"gold_loss":85},{"damage_healed":0,"gold_gain":0,"player_choice":"Shed Blood","damage_taken":31,"max_hp_gain":5,"max_hp_loss":0,"event_name":"Forgotten Altar","floor":31,"gold_loss":0}],"is_beta":false,"boss_relics":[{"not_picked":["Ectoplasm","Empty Cage"],"picked":"Mark of Pain"}],"items_purged_floors":[],"is_endless":false,"potions_floor_spawned":[5,8,14,16,28,29],"killed_by":"Collector","ascension_level":0}