{"gold_per_floor":[113,113,125,125,148,148,214,214,239,239,262,262],"floor_reached":12,"playtime":336,"items_purged":[],"score":136,"play_id":"3b58d766-fb90-4727-a42e-9cf070a3c06b","local_time":"20190314110931","is_ascension_mode":true,"campfire_choices":[{"data":"Clothesline","floor":6,"key":"SMITH"},{"data":"Inflame","floor":8,"key":"SMITH"},{"data":"True Grit","floor":10,"key":"SMITH"}],"neow_cost":"NONE","seed_source_timestamp":110891878277754,"circlet_count":0,"master_deck":["AscendersBane","Strike_R","Strike_R+1","Strike_R","Strike_R","Strike_R","Defend_R+1","Defend_R","Defend_R","Defend_R","Bash","Clothesline+1","True Grit+1","Inflame+1","Anger","Battle Trance"],"relics":["Burning Blood","Golden Idol","Anchor"],"potions_floor_usage":[12],"damage_taken":[{"damage":11,"enemies":"Jaw Worm","floor":1,"turns":4},{"damage":0,"enemies":"Small Slimes","floor":3,"turns":3},{"damage":0,"enemies":"2 Louse","floor":5,"turns":3},{"damage":30,"enemies":"Exordium Thugs","floor":11,"turns":8},{"damage":24,"enemies":"3 Sentries","floor":12,"turns":8}],"seed_played":"2278983524112464751","potions_obtained":[{"floor":11,"key":"Block Potion"}],"is_trial":false,"path_per_floor":["M","?","M","?","M","R","?","R","T","R","M","E"],"character_chosen":"IRONCLAD","items_purchased":[],"campfire_rested":0,"item_purchase_floors":[],"current_hp_per_floor":[63,40,46,46,52,52,52,52,52,52,28,4],"gold":262,"neow_bonus":"THREE_CARDS","is_prod":false,"is_daily":false,"chose_seed":false,"campfire_upgraded":3,"win_rate":0,"timestamp":1552576171,"path_taken":["M","?","M","?","M","R","?","R","T","R","M","E"],"build_version":"2019-02-06","purchased_purges":0,"victory":false,"max_hp_per_floor":[75,75,75,68,68,68,68,68,68,68,68,68],"card_choices":[{"not_picked":["Thunderclap","Body Slam"],"picked":"Clothesline","floor":0},{"not_picked":["Heavy Blade","Metallicize"],"picked":"True Grit","floor":1},{"not_picked":["Warcry","Wild Strike"],"picked":"Inflame","floor":3},{"not_picked":["Cleave","Armaments"],"picked":"Anger","floor":5},{"not_picked":["Pummel","Armaments"],"picked":"Battle Trance","floor":11}],"player_experience":1085894,"relics_obtained":[{"floor":9,"key":"Anchor"}],"event_choices":[{"damage_healed":0,"gold_gain":0,"player_choice":"Entered Light","damage_taken":23,"max_hp_gain":0,"max_hp_loss":0,"event_name":"Shining Light","floor":2,"gold_loss":0,"cards_upgraded":["Defend_R","Strike_R"]},{"damage_healed":0,"gold_gain":0,"player_choice":"Lose Max HP","damage_taken":0,"relics_obtained":["Golden Idol"],"max_hp_gain":0,"max_hp_loss":7,"event_name":"Golden Idol","floor":4,"gold_loss":0},{"damage_healed":0,"gold_gain":66,"player_choice":"Gained Gold","damage_taken":0,"max_hp_gain":0,"max_hp_loss":0,"event_name":"Golden Wing","floor":7,"gold_loss":0}],"is_beta":true,"boss_relics":[],"items_purged_floors":[],"is_endless":false,"potions_floor_spawned":[11],"killed_by":"3 Sentries","ascension_level":20}