{"path_per_floor":["M","?","M","?","?","R","E","R","T","E","$","M","M","$","R","B",null,"M","M","$","?","M","R","M","R","T","?","?","M","?","M","R"],"character_chosen":"THE_SILENT","items_purchased":["Bag of Preparation","Dagger Spray","Regen Potion"],"gold_per_floor":[113,113,133,233,233,233,263,263,263,296,23,35,50,50,50,145,145,156,174,24,24,38,38,58,58,58,58,58,77,2,17,17,17],"floor_reached":33,"campfire_rested":4,"playtime":1715,"current_hp_per_floor":[63,68,68,68,68,68,43,63,63,47,47,47,47,47,67,30,68,63,63,63,63,36,36,30,50,50,50,50,36,36,17,37,0],"items_purged":["Defend_G","Strike_G"],"gold":17,"score":255,"play_id":"122dcc39-63a6-4d25-bb0e-5fdc2c085fc6","local_time":"20180403014243","is_prod":false,"is_daily":false,"is_ascension_mode":false,"campfire_upgraded":2,"timestamp":1522744963,"path_taken":["M","?","M","?","?","R","E","R","T","E","?","M","M","$","R","BOSS","M","M","$","?","M","R","M","R","T","?","?","M","?","M","R","BOSS"],"build_version":"2018-03-29v2","purchased_purges":2,"victory":false,"master_deck":["Defend_G","Defend_G","Defend_G","Defend_G","Strike_G","Strike_G","Strike_G","Survivor","Neutralize+1","Adrenaline","Flying Knee","Dagger Throw","Deflect","Dagger Spray","Dagger Throw","Burst","Slice+1","Skewer+1","Escape Plan","Calculated Gamble","Dagger Spray","Deflect"],"max_hp_per_floor":[63,68,68,68,68,68,68,68,68,68,68,68,68,68,68,68,68,68,68,68,68,68,68,68,68,68,68,68,68,68,68,68,68],"relics":["Ring of the Snake","Snake Skull","Happy Flower","Oddly Smooth Stone","Bag of Preparation","Runic Pyramid","Peace Pipe"],"card_choices":[{"not_picked":["Grand Finale","Burst"],"picked":"Adrenaline","floor":0},{"not_picked":["Catalyst","Endless Agony"],"picked":"Masterful Stab","floor":1},{"not_picked":["Escape Plan","Calculated Gamble"],"picked":"Flying Knee","floor":3},{"not_picked":["Bane","Quick Slash"],"picked":"Dagger Throw","floor":7},{"not_picked":["Dodge and Roll","PiercingWail"],"picked":"Deflect","floor":10},{"not_picked":["PiercingWail","Poisoned Stab"],"picked":"Dagger Throw","floor":12},{"not_picked":["Doppelganger","Night Terror"],"picked":"Burst","floor":16},{"not_picked":["Backflip","Reflex"],"picked":"Slice","floor":18},{"not_picked":["Slice","Quick Slash"],"picked":"Skewer","floor":19},{"not_picked":["Heel Hook","Quick Slash"],"picked":"Escape Plan","floor":24},{"not_picked":["Bane","Masterful Stab"],"picked":"Dagger Spray","floor":29},{"not_picked":["Deadly Poison","Acrobatics"],"picked":"Deflect","floor":31}],"player_experience":121150,"potions_floor_usage":[3,7,16,24,31,33],"damage_taken":[{"damage":0,"enemies":"Jaw Worm","floor":1,"turns":5},{"damage":0,"enemies":"2 Louse","floor":3,"turns":2},{"damage":25,"enemies":"3 Sentries","floor":7,"turns":8},{"damage":16,"enemies":"Lagavulin","floor":10,"turns":7},{"damage":0,"enemies":"Cultist","floor":12,"turns":2},{"damage":0,"enemies":"Blue Slaver","floor":13,"turns":2},{"damage":37,"enemies":"The Guardian","floor":16,"turns":12},{"damage":5,"enemies":"Shell Parasite","floor":18,"turns":6},{"damage":0,"enemies":"3 Byrds","floor":19,"turns":4},{"damage":27,"enemies":"Snake Plant","floor":22,"turns":6},{"damage":21,"enemies":"Chosen and Byrds","floor":24,"turns":8},{"damage":14,"enemies":"Snecko","floor":29,"turns":4},{"damage":34,"enemies":"Cultist and Chosen","floor":31,"turns":8},{"damage":55,"enemies":"Champ","floor":33,"turns":18}],"event_choices":[{"event_name":"Big Fish","player_choice":"Donut","floor":2,"damage_taken":0},{"event_name":"Golden Shrine","player_choice":"Pray","floor":4,"damage_taken":0},{"event_name":"Liars Game","player_choice":"disagreed","floor":5,"damage_taken":0},{"event_name":"Vampires","player_choice":"Ignored","floor":21,"damage_taken":0},{"event_name":"Transmorgrifier","player_choice":"Transform","floor":27,"damage_taken":0},{"event_name":"The Mausoleum","player_choice":"No","floor":28,"damage_taken":0},{"event_name":"Beggar","player_choice":"Gave Gold","floor":30,"damage_taken":0}],"boss_relics":[{"not_picked":["The Specimen","Philosopher\u0027s Stone"],"picked":"Runic Pyramid"}],"potions_floor_spawned":[1,3,12,18,29],"seed_played":"-2776715005219239021","killed_by":"Champ","ascension_level":0,"is_trial":false}