{"path_per_floor":["M","M","$","M","M","E","M","R","T","R","M","M","E","M","R","B",null,"M","?","$","?","?","E","R","M","T","M","M","R","M","$","R","B",null,"M","?","M","M","M","E","R"],"character_chosen":"IRONCLAD","items_purchased":["Flash of Steel","Shrug It Off","Paper Frog"],"gold_per_floor":[364,375,144,163,176,203,214,214,267,267,279,294,322,342,342,438,438,458,458,101,26,26,57,57,73,73,85,103,103,117,117,117,220,220,235,235,255,273,291,320,320],"floor_reached":42,"campfire_rested":3,"playtime":4042,"current_hp_per_floor":[69,72,72,72,72,72,72,72,72,72,72,74,74,76,76,71,76,69,69,69,69,69,32,55,61,61,53,46,70,75,75,75,56,91,75,75,78,68,32,23,52],"items_purged":["Strike_R","Strike_R"],"gold":320,"play_id":"302d79fe-534e-4ee8-8e75-6063380c2f42","is_prod":false,"is_daily":false,"is_ascension_mode":true,"campfire_upgraded":4,"path_taken":["M","M","$","M","M","E","M","R","T","R","M","M","E","M","R","BOSS","M","?","$","?","?","E","R","M","T","?","M","R","M","?","R","BOSS","M","?","?","?","M","E","R","E"],"build_version":"2018-01-25-PROD3","purchased_purges":2,"victory":false,"master_deck":["Strike_R","Strike_R","Defend_R","Defend_R","Defend_R","Defend_R","Bash","Armaments+1","Body Slam+1","Flash of Steel+1","Shrug It Off","Flame Barrier","Inflame+1","Burning Pact","Feed","Body Slam+1","Cleave+1","Flame Barrier","Dark Embrace+1","Offering","Burning Pact","Shrug It Off","Metallicize+1"],"max_hp_per_floor":[72,72,72,72,72,72,72,72,72,72,72,74,74,76,76,76,76,78,78,78,78,78,78,78,78,78,80,80,80,83,83,83,83,91,91,91,93,95,95,97,97],"relics":["Burning Blood","Happy Flower","Singing Bowl","Orichalcum","Sozu","Paper Frog","Bronze Scales","Gremlin Horn","Red Skull","Orrery","Molten Egg"],"card_choices":[{"not_picked":["Sword Boomerang","Second Wind"],"picked":"Armaments"},{"not_picked":["Carnage","Spot Weakness"],"picked":"Body Slam"},{"not_picked":["Headbutt","Dropkick"],"picked":"Flame Barrier"},{"not_picked":["Thunderclap","Iron Wave"],"picked":"Inflame"},{"not_picked":["Power Through","Body Slam"],"picked":"Burning Pact"},{"not_picked":["Bludgeon","Exhume"],"picked":"Feed"},{"not_picked":["Rupture","Clothesline"],"picked":"Body Slam"},{"not_picked":["Clothesline","Twin Strike"],"picked":"Cleave"},{"not_picked":["Twin Strike","Pummel"],"picked":"Flame Barrier"},{"not_picked":["Heavy Blade","Anger"],"picked":"Dark Embrace"},{"not_picked":["Double Tap","Fiend Fire"],"picked":"Offering"},{"not_picked":["Hemokinesis","Havoc"],"picked":"Burning Pact"},{"not_picked":["Clash","Iron Wave"],"picked":"Shrug It Off"},{"not_picked":["Twin Strike","Blood for Blood"],"picked":"Metallicize"}],"player_experience":146274,"potions_floor_usage":[6,13,14,16,16],"damage_taken":[{"damage":9,"enemies":"2 Louse","floor":1,"turns":4},{"damage":1,"enemies":"Cultist","floor":2,"turns":4},{"damage":2,"enemies":"Jaw Worm","floor":4,"turns":3},{"damage":0,"enemies":"3 Louse","floor":5,"turns":3},{"damage":3,"enemies":"3 Sentries","floor":6,"turns":7},{"damage":0,"enemies":"Exordium Wildlife","floor":7,"turns":5},{"damage":0,"enemies":"2 Fungi Beasts","floor":11,"turns":4},{"damage":0,"enemies":"3 Louse","floor":12,"turns":3},{"damage":0,"enemies":"Lagavulin","floor":13,"turns":5},{"damage":4,"enemies":"Exordium Thugs","floor":14,"turns":5},{"damage":11,"enemies":"Hexaghost","floor":16,"turns":9},{"damage":15,"enemies":"Spheric Guardian","floor":18,"turns":5},{"damage":43,"enemies":"Gremlin Leader","floor":23,"turns":6},{"damage":0,"enemies":"3 Byrds","floor":25,"turns":3},{"damage":16,"enemies":"Sentry and Sphere","floor":27,"turns":3},{"damage":13,"enemies":"Snake Plant","floor":28,"turns":3},{"damage":4,"enemies":"3 Cultists","floor":30,"turns":4},{"damage":25,"enemies":"Automaton","floor":33,"turns":9},{"damage":22,"enemies":"3 Darklings","floor":35,"turns":4},{"damage":5,"enemies":"Orb Walker","floor":37,"turns":3},{"damage":18,"enemies":"3 Darklings","floor":38,"turns":4},{"damage":42,"enemies":"Maw","floor":39,"turns":7},{"damage":17,"enemies":"Giant Head","floor":40,"turns":8},{"damage":64,"enemies":"2 Orb Walkers","floor":42,"turns":4}],"event_choices":[{"event_name":"The Lab","player_choice":"Got Potions","floor":19,"damage_taken":0},{"event_name":"Beggar","player_choice":"Gave Gold","floor":21,"damage_taken":0},{"event_name":"The Mausoleum","player_choice":"Yes","floor":22,"damage_taken":0},{"event_name":"Mysterious Sphere","player_choice":"Ignore","floor":36,"damage_taken":0}],"boss_relics":[{"not_picked":["Black Star","Philosopher\u0027s Stone"],"picked":"Sozu"},{"not_picked":["Tiny House","Runic Pyramid"],"picked":"Orrery"}],"potions_floor_spawned":[2,4,6,11,13,16,23,25,27,39],"seed_played":"509072253548436368","killed_by":"2 Orb Walkers","ascension_level":2,"is_trial":false}