{"gold_per_floor":[360,360,360,373,386,386,411,411,411,411,422,441,42,57,57,132,132,87,87,12,12,12,12,12,12,12,12,12,12,12,12,12,12,12,12,12,12,12,12,12,12,12,12,12,12,12,12,12,12,12],"floor_reached":51,"playtime":3560,"items_purged":["Defend_R"],"score":1216,"play_id":"d0d54ec5-e0a2-4adb-947f-cdd0d7fd86f0","local_time":"20190114210625","is_ascension_mode":true,"campfire_choices":[{"data":"True Grit","floor":6.0,"key":"SMITH"},{"data":"Pommel Strike","floor":8.0,"key":"SMITH"},{"data":"Bash","floor":10.0,"key":"SMITH"},{"data":"Uppercut","floor":15.0,"key":"SMITH"},{"data":"Spot Weakness","floor":23.0,"key":"SMITH"},{"data":"Armaments","floor":25.0,"key":"SMITH"},{"floor":32.0,"key":"REST"},{"data":"Limit Break","floor":40.0,"key":"SMITH"},{"data":"Battle Trance","floor":41.0,"key":"SMITH"},{"data":"Inflame","floor":44.0,"key":"SMITH"},{"floor":46.0,"key":"REST"},{"data":"Inflame","floor":47.0,"key":"SMITH"},{"floor":49,"key":"REST"}],"neow_cost":"TEN_PERCENT_HP_LOSS","seed_source_timestamp":0,"circlet_count":0,"master_deck":["AscendersBane","Strike_R","Strike_R","Strike_R","Defend_R","Defend_R","Defend_R","Bash+1","Shrug It Off","True Grit+1","Pommel Strike+1","Uppercut+1","Spot Weakness+1","Headbutt","Feed","Perfected Strike+1","Headbutt","Twin Strike+1","Inflame+1","Armaments+1","Dual Wield","Pommel Strike","Battle Trance+1","Limit Break+1","Twin Strike","Reaper","Inflame+1","Heavy Blade+1","Spot Weakness","Limit Break+1","Clash+1"],"special_seed":0,"relics":["Burning Blood","Odd Mushroom","Self Forming Clay","Vajra","Question Card","Ectoplasm","Boot","Darkstone Periapt","Velvet Choker","WingedGreaves","PreservedInsect","Molten Egg 2"],"potions_floor_usage":[],"damage_taken":[{"damage":7.0,"enemies":"Small Slimes","floor":1.0,"turns":4.0},{"damage":3.0,"enemies":"2 Louse","floor":4.0,"turns":3.0},{"damage":2.0,"enemies":"Cultist","floor":5.0,"turns":6.0},{"damage":33.0,"enemies":"The Mushroom Lair","floor":7.0,"turns":9.0},{"damage":5.0,"enemies":"Large Slime","floor":11.0,"turns":7.0},{"damage":0.0,"enemies":"2 Fungi Beasts","floor":12.0,"turns":4.0},{"damage":5.0,"enemies":"Lots of Slimes","floor":14.0,"turns":6.0},{"damage":38.0,"enemies":"Hexaghost","floor":16.0,"turns":11.0},{"damage":17.0,"enemies":"2 Thieves","floor":18.0,"turns":3.0},{"damage":9.0,"enemies":"Shell Parasite","floor":21.0,"turns":3.0},{"damage":0.0,"enemies":"Centurion and Healer","floor":22.0,"turns":3.0},{"damage":13.0,"enemies":"Snecko","floor":24.0,"turns":3.0},{"damage":2.0,"enemies":"Chosen and Byrds","floor":27.0,"turns":5.0},{"damage":16.0,"enemies":"Centurion and Healer","floor":28.0,"turns":3.0},{"damage":18.0,"enemies":"Book of Stabbing","floor":30.0,"turns":4.0},{"damage":12.0,"enemies":"Cultist and Chosen","floor":31.0,"turns":4.0},{"damage":28.0,"enemies":"Champ","floor":33.0,"turns":10.0},{"damage":11.0,"enemies":"Orb Walker","floor":35.0,"turns":2.0},{"damage":49.0,"enemies":"2 Orb Walkers","floor":36.0,"turns":5.0},{"damage":21.0,"enemies":"3 Shapes","floor":37.0,"turns":4.0},{"damage":14.0,"enemies":"Jaw Worm Horde","floor":38.0,"turns":4.0},{"damage":1.0,"enemies":"Transient","floor":39.0,"turns":5.0},{"damage":18.0,"enemies":"Sphere and 2 Shapes","floor":42.0,"turns":5.0},{"damage":34,"enemies":"Nemesis","floor":48,"turns":3},{"damage":43,"enemies":"Donu and Deca","floor":50,"turns":4}],"seed_played":"1969749441989389259","potions_obtained":[{"floor":4.0,"key":"Weak Potion"},{"floor":11.0,"key":"Fire Potion"},{"floor":16.0,"key":"SpeedPotion"},{"floor":21.0,"key":"SteroidPotion"},{"floor":22.0,"key":"Strength Potion"},{"floor":30.0,"key":"Ancient Potion"},{"floor":36.0,"key":"GamblersBrew"},{"floor":38.0,"key":"Energy Potion"},{"floor":42.0,"key":"PowerPotion"},{"floor":48,"key":"Energy Potion"}],"is_trial":false,"path_per_floor":["M","?","?","M","M","R","?","R","T","R","M","M","$","M","R","B",null,"M","?","$","M","M","R","M","R","T","M","M","$","E","M","R","B",null,"M","?","M","M","M","R","R","M","T","R","?","R","R","E","R","B",null],"character_chosen":"IRONCLAD","items_purchased":["Vajra","Question Card"],"campfire_rested":3,"item_purchase_floors":[13,13],"current_hp_per_floor":[67,72,65,68,72,72,45,45,45,45,46,52,52,53,53,21,60,49,49,49,46,55,55,51,51,51,58,48,48,36,30,54,32,70,65,25,16,26,61,61,61,65,65,65,65,93,93,65,93,59],"gold":12,"neow_bonus":"TWO_FIFTY_GOLD","is_prod":false,"is_daily":false,"chose_seed":false,"campfire_upgraded":10,"win_rate":0,"timestamp":1547517985,"path_taken":["M","?","?","M","M","R","?","R","T","R","M","M","$","M","R","BOSS","M","?","$","M","M","R","M","R","T","M","M","?","E","M","R","BOSS","M","?","M","M","M","R","R","M","T","R","?","R","R","E","R","BOSS"],"build_version":"2019-01-10","purchased_purges":1,"victory":true,"max_hp_per_floor":[68,73,73,73,73,73,73,73,73,73,73,73,73,73,73,73,73,73,73,73,73,76,76,79,79,79,82,82,82,82,82,82,82,82,82,85,91,94,94,94,94,94,94,94,94,94,94,94,94,97],"card_choices":[{"not_picked":["True Grit","Perfected Strike"],"picked":"Shrug It Off","floor":1.0},{"not_picked":["Sword Boomerang","Body Slam"],"picked":"True Grit","floor":4.0},{"not_picked":["Sword Boomerang","Warcry","Clash"],"picked":"SKIP","floor":5.0},{"not_picked":["Anger","Warcry"],"picked":"Pommel Strike","floor":7.0},{"not_picked":["Havoc","Rupture"],"picked":"Uppercut","floor":11.0},{"not_picked":["True Grit","Immolate"],"picked":"Spot Weakness","floor":12.0},{"not_picked":["Fire Breathing","Wild Strike","Havoc"],"picked":"Headbutt","floor":14.0},{"not_picked":["Demon Form","Exhume","Fiend Fire"],"picked":"Feed","floor":16.0},{"not_picked":["Rampage","Dual Wield","Feel No Pain"],"picked":"Perfected Strike+1","floor":18.0},{"not_picked":["Havoc","Clothesline","Carnage"],"picked":"Twin Strike+1","floor":21.0},{"not_picked":["Pommel Strike","Twin Strike","Thunderclap+1"],"picked":"Inflame","floor":22.0},{"not_picked":["Clothesline","Sentinel","Shrug It Off"],"picked":"Armaments","floor":24.0},{"not_picked":["Anger","Immolate","Flex"],"picked":"Dual Wield","floor":27.0},{"not_picked":["Entrench","Cleave+1","Power Through"],"picked":"Pommel Strike","floor":28.0},{"not_picked":["Armaments","Reckless Charge","Carnage","Flex"],"picked":"SKIP","floor":30.0},{"not_picked":["Entrench","Wild Strike","Headbutt"],"picked":"Battle Trance","floor":31.0},{"not_picked":["Brutality","Fiend Fire","Impervious"],"picked":"Limit Break","floor":33.0},{"not_picked":["Thunderclap","True Grit","Heavy Blade"],"picked":"Twin Strike","floor":35.0},{"not_picked":["Whirlwind","Uppercut","True Grit"],"picked":"Reaper","floor":37.0},{"not_picked":["Corruption+1","Flex+1","Headbutt+1"],"picked":"Inflame","floor":38.0},{"not_picked":["Fire Breathing","Armaments","Searing Blow"],"picked":"Heavy Blade+1","floor":39.0},{"not_picked":["True Grit+1","Thunderclap","Ghostly Armor"],"picked":"Spot Weakness","floor":42.0},{"not_picked":["Pommel Strike","Dual Wield","Carnage"],"picked":"Clash","floor":48}],"player_experience":424018,"relics_obtained":[{"floor":7.0,"key":"Odd Mushroom"},{"floor":9.0,"key":"Self Forming Clay"},{"floor":26.0,"key":"Boot"},{"floor":30.0,"key":"Darkstone Periapt"},{"floor":36.0,"key":"WingedGreaves"},{"floor":43.0,"key":"PreservedInsect"},{"floor":48,"key":"Molten Egg 2"}],"event_choices":[{"damage_healed":0.0,"max_hp_gain":5.0,"max_hp_loss":0.0,"gold_gain":0.0,"event_name":"Big Fish","player_choice":"Donut","floor":2.0,"gold_loss":0.0,"damage_taken":0.0},{"cards_removed":["Strike_R"],"damage_healed":0.0,"max_hp_gain":0.0,"max_hp_loss":0.0,"gold_gain":0.0,"event_name":"Golden Wing","player_choice":"Card Removal","floor":3.0,"gold_loss":0.0,"damage_taken":7.0},{"damage_healed":0.0,"max_hp_gain":0.0,"max_hp_loss":0.0,"gold_gain":0.0,"event_name":"Mushrooms","player_choice":"Fought Mushrooms","floor":7.0,"gold_loss":0.0,"damage_taken":0.0},{"damage_healed":0.0,"max_hp_gain":0.0,"max_hp_loss":0.0,"gold_gain":0.0,"cards_transformed":["Strike_R"],"event_name":"Transmorgrifier","player_choice":"Transformed","floor":19.0,"gold_loss":0.0,"damage_taken":0.0,"cards_obtained":["Headbutt"]},{"damage_healed":0.0,"max_hp_gain":0.0,"max_hp_loss":0.0,"gold_gain":0.0,"event_name":"Mysterious Sphere","player_choice":"Fight","floor":36.0,"gold_loss":0.0,"damage_taken":0.0},{"damage_healed":0.0,"max_hp_gain":0.0,"max_hp_loss":0.0,"gold_gain":0.0,"event_name":"Duplicator","player_choice":"Copied","floor":45.0,"gold_loss":0.0,"damage_taken":0.0,"cards_obtained":["Limit Break"]}],"is_beta":false,"boss_relics":[{"not_picked":["Black Blood","Orrery"],"picked":"Ectoplasm"},{"not_picked":["Coffee Dripper","Eternal Feather"],"picked":"Velvet Choker"}],"items_purged_floors":[20],"is_endless":false,"potions_floor_spawned":[4,11,16,21,22,30,31,36,38,42,48],"ascension_level":15}