{"gold_per_floor":[210,225,239,258,276,276,177,177,203,247,259,306,329,355,367,474,486,509,541,571,602,41,41,41],"floor_reached":24,"playtime":1420,"items_purged":[],"score":265,"play_id":"787ef31c-1511-4ee6-86be-a2c9044dd49a","local_time":"20190125020715","is_ascension_mode":true,"campfire_choices":[{"data":"Tempest","floor":6,"key":"SMITH"},{"data":"Sunder","floor":8,"key":"SMITH"},{"floor":11,"key":"REST"},{"data":"Creative AI","floor":15,"key":"SMITH"},{"data":"Seek","floor":23,"key":"SMITH"}],"neow_cost":"NONE","seed_source_timestamp":2826577653319,"circlet_count":0,"master_deck":["Strike_B","Strike_B","Strike_B","Strike_B","Defend_B","Defend_B","Defend_B","Defend_B","Zap","Dualcast","Tempest+1","Conserve Battery","Sunder+1","Self Repair","Creative AI+1","Steam","Sweeping Beam","Cold Snap","Seek+1","Sweeping Beam+1","Hologram","Hologram","Streamline+1"],"relics":["Cracked Core","Anchor","MawBank","Vajra","PreservedInsect","Cursed Key","Cables","Incense Burner"],"potions_floor_usage":[4,4,16,16,20,21],"damage_taken":[{"damage":0,"enemies":"Small Slimes","floor":1,"turns":3},{"damage":0,"enemies":"Cultist","floor":2,"turns":3},{"damage":7,"enemies":"2 Louse","floor":3,"turns":2},{"damage":34,"enemies":"Gremlin Gang","floor":4,"turns":4},{"damage":0,"enemies":"Large Slime","floor":5,"turns":4},{"damage":30,"enemies":"Lagavulin","floor":10,"turns":6},{"damage":26,"enemies":"Gremlin Nob","floor":12,"turns":4},{"damage":0,"enemies":"Red Slaver","floor":13,"turns":2},{"damage":0,"enemies":"3 Louse","floor":14,"turns":3},{"damage":33,"enemies":"Hexaghost","floor":16,"turns":12},{"damage":22,"enemies":"Spheric Guardian","floor":18,"turns":7},{"damage":0,"enemies":"Chosen","floor":19,"turns":4},{"damage":10,"enemies":"Shelled Parasite and Fungi","floor":20,"turns":9},{"damage":39,"enemies":"Centurion and Healer","floor":21,"turns":6},{"damage":24,"enemies":"Sentry and Sphere","floor":24,"turns":5}],"seed_played":"6715104600861541155","potions_obtained":[{"floor":1,"key":"Dexterity Potion"},{"floor":2,"key":"Regen Potion"},{"floor":12,"key":"Energy Potion"},{"floor":13,"key":"SteroidPotion"},{"floor":14,"key":"Ancient Potion"},{"floor":16,"key":"Energy Potion"},{"floor":19,"key":"SkillPotion"}],"is_trial":false,"path_per_floor":["M","M","M","M","M","R","?","R","T","E","R","E","M","M","R","B",null,"M","M","M","M","$","R","M"],"character_chosen":"DEFECT","items_purchased":["Cables","Incense Burner"],"campfire_rested":1,"item_purchase_floors":[22,22],"current_hp_per_floor":[75,75,68,43,43,43,43,43,43,20,42,23,30,37,37,11,59,44,51,48,23,23,23,0],"gold":41,"neow_bonus":"HUNDRED_GOLD","is_prod":false,"is_daily":false,"chose_seed":false,"campfire_upgraded":4,"win_rate":0,"timestamp":1548400035,"path_taken":["M","M","M","M","M","R","?","R","T","E","R","E","M","M","R","BOSS","M","M","?","M","$","R","M"],"build_version":"2019-01-23","purchased_purges":0,"victory":false,"max_hp_per_floor":[75,75,75,75,75,75,75,75,75,75,75,75,75,75,75,75,75,75,75,75,75,75,75,75],"card_choices":[{"not_picked":["Darkness","Rebound"],"picked":"Tempest","floor":1},{"not_picked":["Streamline","Go for the Eyes"],"picked":"Conserve Battery","floor":2},{"not_picked":["White Noise","Streamline"],"picked":"Sunder","floor":3},{"not_picked":["Tempest","Heatsinks","Rebound"],"picked":"SKIP","floor":4},{"not_picked":["Rebound","Barrage"],"picked":"Self Repair","floor":5},{"not_picked":["Coolheaded","Conserve Battery"],"picked":"Creative AI","floor":10},{"not_picked":["Reprogram","Rebound"],"picked":"Steam","floor":12},{"not_picked":["Hello World","Heatsinks"],"picked":"Sweeping Beam","floor":13},{"not_picked":["Go for the Eyes","Chaos"],"picked":"Cold Snap","floor":14},{"not_picked":["Core Surge","Fission"],"picked":"Seek","floor":16},{"not_picked":["Leap","Ball Lightning"],"picked":"Sweeping Beam+1","floor":18},{"not_picked":["Lockon","Steam"],"picked":"Hologram","floor":19},{"not_picked":["White Noise","Static Discharge"],"picked":"Hologram","floor":20},{"not_picked":["Barrage+1","Leap"],"picked":"Streamline+1","floor":21}],"player_experience":254502,"relics_obtained":[{"floor":9,"key":"MawBank"},{"floor":10,"key":"Vajra"},{"floor":12,"key":"PreservedInsect"}],"event_choices":[{"damage_healed":0,"gold_gain":0,"player_choice":"Paid Gold","damage_taken":0,"relics_obtained":["Anchor"],"max_hp_gain":0,"max_hp_loss":0,"event_name":"WeMeetAgain","floor":7,"gold_loss":99}],"is_beta":true,"boss_relics":[{"not_picked":["Snecko Eye","Black Star"],"picked":"Cursed Key"}],"items_purged_floors":[],"is_endless":false,"potions_floor_spawned":[1,2,12,13,14,16,19],"killed_by":"Sentry and Sphere","ascension_level":5}