{"gold_per_floor":[361,361,55,69,83,109,109,125,172,200,213,244,244,244],"floor_reached":14,"playtime":881,"items_purged":[],"score":149,"play_id":"5c7e1956-1731-4afd-ad62-b3f176ff1fb3","local_time":"20190126010401","is_ascension_mode":true,"campfire_choices":[{"data":"Noxious Fumes","floor":7,"key":"SMITH"}],"neow_cost":"TEN_PERCENT_HP_LOSS","seed_source_timestamp":85974068309248,"circlet_count":0,"master_deck":["Defend_G","Defend_G","Defend_G","Defend_G","Defend_G","Strike_G","Strike_G","Strike_G","Strike_G","Strike_G","Survivor","Neutralize","Leg Sweep+1","Noxious Fumes+1","Deadly Poison","Venomology","Escape Plan","Footwork","Bouncing Flask","Well Laid Plans"],"relics":["Ring of the Snake","Turnip","Matryoshka","Bag of Preparation","Blood Vial","Anchor","Peace Pipe"],"potions_floor_usage":[10,10,11,12,12,12,14],"damage_taken":[{"damage":6,"enemies":"2 Louse","floor":1,"turns":4},{"damage":3,"enemies":"Cultist","floor":4,"turns":6},{"damage":0,"enemies":"Jaw Worm","floor":5,"turns":7},{"damage":17,"enemies":"3 Sentries","floor":6,"turns":8},{"damage":6,"enemies":"Looter","floor":8,"turns":4},{"damage":23,"enemies":"Lagavulin","floor":10,"turns":7},{"damage":0,"enemies":"Red Slaver","floor":11,"turns":4},{"damage":10,"enemies":"3 Sentries","floor":12,"turns":4},{"damage":0,"enemies":"Gremlin Nob","floor":14,"turns":3}],"seed_played":"-7038848197433230804","potions_obtained":[{"floor":1,"key":"Weak Potion"},{"floor":6,"key":"SteroidPotion"},{"floor":8,"key":"Explosive Potion"},{"floor":10,"key":"PowerPotion"}],"is_trial":false,"path_per_floor":["M","?","$","M","M","E","R","M","T","E","M","E","?","E"],"character_chosen":"THE_SILENT","items_purchased":["Turnip"],"campfire_rested":0,"item_purchase_floors":[3],"current_hp_per_floor":[57,57,57,54,54,37,37,31,31,10,12,4,4,6],"gold":244,"neow_bonus":"TWO_FIFTY_GOLD","is_prod":false,"is_daily":false,"chose_seed":false,"campfire_upgraded":1,"win_rate":0,"timestamp":1548482641,"path_taken":["M","?","$","?","M","E","R","M","T","E","M","E","?","E"],"build_version":"2019-01-23","purchased_purges":0,"victory":false,"max_hp_per_floor":[63,63,63,63,63,63,63,63,63,63,63,63,63,63],"card_choices":[{"not_picked":["Flying Knee","Cloak And Dagger"],"picked":"Leg Sweep","floor":1},{"not_picked":["Slice","Choke"],"picked":"Noxious Fumes","floor":4},{"not_picked":["Infinite Blades","Flying Knee"],"picked":"Deadly Poison","floor":5},{"not_picked":["Poisoned Stab","Flying Knee"],"picked":"Venomology","floor":6},{"not_picked":["Flying Knee","Endless Agony"],"picked":"Escape Plan","floor":8},{"not_picked":["Flying Knee","Heel Hook"],"picked":"Footwork","floor":10},{"not_picked":["Reflex","Flying Knee"],"picked":"Bouncing Flask","floor":11},{"not_picked":["Calculated Gamble","Bane"],"picked":"Well Laid Plans","floor":12}],"player_experience":257774,"relics_obtained":[{"floor":6,"key":"Matryoshka"},{"floor":9,"key":"Bag of Preparation"},{"floor":9,"key":"Blood Vial"},{"floor":10,"key":"Anchor"},{"floor":12,"key":"Peace Pipe"}],"event_choices":[{"damage_healed":0,"gold_gain":0,"player_choice":"Upgraded","damage_taken":0,"max_hp_gain":0,"max_hp_loss":0,"event_name":"Upgrade Shrine","floor":2,"gold_loss":0,"cards_upgraded":["Leg Sweep"]},{"damage_healed":0,"gold_gain":0,"player_choice":"Ignored","damage_taken":0,"max_hp_gain":0,"max_hp_loss":0,"event_name":"Liars Game","floor":13,"gold_loss":0}],"is_beta":true,"boss_relics":[],"items_purged_floors":[],"is_endless":false,"potions_floor_spawned":[1,6,8,10],"killed_by":"Gremlin Nob","ascension_level":7}