{"gold_per_floor":[112,112,125,142,159,185,49,49,49,75,133,133,150,97,97,175,175,192,192,192,203,203,203,230,230,230,230],"floor_reached":27,"playtime":948,"items_purged":[],"score":478,"play_id":"47a6fb83-1ed1-4c81-b783-0724a79e513e","local_time":"20190318194543","is_ascension_mode":true,"campfire_choices":[{"data":"Deadly Poison","floor":8.0,"key":"SMITH"},{"data":"Caltrops","floor":12.0,"key":"SMITH"},{"data":"Neutralize","floor":15.0,"key":"SMITH"},{"data":"Ghostly","floor":23.0,"key":"SMITH"},{"data":"Ghostly","floor":25.0,"key":"SMITH"}],"neow_cost":"NONE","seed_source_timestamp":486715440330336,"circlet_count":0,"master_deck":["AscendersBane","Defend_G","Defend_G","Defend_G","Defend_G","Defend_G","Strike_G","Strike_G","Strike_G","Strike_G","Survivor","Neutralize+1","Corpse Explosion","Deadly Poison+1","Calculated Gamble","Poisoned Stab","Backstab","PiercingWail","Caltrops+1","Blur","Dash","Malaise","Ghostly+1","Ghostly+1","Ghostly","Clumsy"],"special_seed":0,"relics":["Ring of the Snake","Pear","Singing Bowl","Matryoshka","Juzu Bracelet","Cursed Key","Frozen Egg 2","Blood Vial","Darkstone Periapt"],"potions_floor_usage":[27],"damage_taken":[{"damage":1.0,"enemies":"Small Slimes","floor":1.0,"turns":3.0},{"damage":1.0,"enemies":"Cultist","floor":3.0,"turns":3.0},{"damage":0.0,"enemies":"Jaw Worm","floor":4.0,"turns":4.0},{"damage":2.0,"enemies":"Exordium Wildlife","floor":5.0,"turns":4.0},{"damage":36.0,"enemies":"Gremlin Nob","floor":6.0,"turns":4.0},{"damage":2.0,"enemies":"3 Sentries","floor":10.0,"turns":3.0},{"damage":9.0,"enemies":"3 Sentries","floor":11.0,"turns":4.0},{"damage":0.0,"enemies":"Blue Slaver","floor":13.0,"turns":5.0},{"damage":4.0,"enemies":"Hexaghost","floor":16.0,"turns":9.0},{"damage":5.0,"enemies":"2 Thieves","floor":18.0,"turns":4.0},{"damage":0.0,"enemies":"3 Byrds","floor":21.0,"turns":4.0},{"damage":19.0,"enemies":"Book of Stabbing","floor":24.0,"turns":6.0},{"damage":17,"enemies":"Cultist and Chosen","floor":27,"turns":5}],"seed_played":"-5802284955604410822","potions_obtained":[{"floor":1.0,"key":"Swift Potion"},{"floor":10.0,"key":"Fire Potion"},{"floor":24.0,"key":"SkillPotion"}],"is_trial":false,"path_per_floor":["M","?","M","M","M","E","$","R","T","E","?","R","M","$","R","B",null,"M","?","?","M","?","R","E","R","T","M"],"character_chosen":"THE_SILENT","items_purchased":["Explosive Potion","Caltrops","Energy Potion"],"campfire_rested":0,"item_purchase_floors":[7,7,14],"current_hp_per_floor":[58,58,57,57,55,29,29,29,29,29,20,20,20,20,20,16,63,60,40,40,42,32,32,15,15,15,0],"gold":230,"neow_bonus":"ONE_RANDOM_RARE_CARD","is_prod":false,"is_daily":false,"chose_seed":false,"campfire_upgraded":5,"win_rate":0,"timestamp":1552952743,"path_taken":["M","?","M","?","M","E","?","R","T","E","?","R","M","$","R","BOSS","M","?","?","M","?","R","E","R","T","M"],"build_version":"2019-03-15","purchased_purges":0,"victory":false,"max_hp_per_floor":[66,66,66,66,66,76,76,76,76,78,78,78,78,78,78,78,78,80,40,40,42,47,47,49,49,49,49],"card_choices":[{"not_picked":["Finisher","Dodge and Roll"],"picked":"Deadly Poison","floor":1.0},{"not_picked":["Quick Slash","Flying Knee"],"picked":"Calculated Gamble","floor":3.0},{"not_picked":["Prepared","Flechettes"],"picked":"Poisoned Stab","floor":4.0},{"not_picked":["Concentrate","Dagger Spray"],"picked":"Backstab","floor":5.0},{"not_picked":["Sucker Punch","Grand Finale"],"picked":"PiercingWail","floor":6.0},{"not_picked":["Infinite Blades","Cloak And Dagger","All Out Attack"],"picked":"Singing Bowl","floor":10.0},{"not_picked":["Blade Dance","Caltrops"],"picked":"Blur","floor":11.0},{"not_picked":["Outmaneuver","Cloak And Dagger"],"picked":"Dash","floor":13.0},{"not_picked":["Phantasmal Killer","Envenom"],"picked":"Malaise","floor":16.0},{"not_picked":["Flying Knee","Underhanded Strike","Dagger Spray"],"picked":"Singing Bowl","floor":18.0},{"not_picked":["Escape Plan","Calculated Gamble","Outmaneuver+1"],"picked":"Singing Bowl","floor":21.0},{"not_picked":["Dagger Spray","Choke+1","Endless Agony+1"],"picked":"Singing Bowl","floor":24.0}],"player_experience":1137920,"relics_obtained":[{"floor":6.0,"key":"Pear"},{"floor":9.0,"key":"Singing Bowl"},{"floor":10.0,"key":"Matryoshka"},{"floor":11.0,"key":"Juzu Bracelet"},{"floor":24.0,"key":"Frozen Egg 2"},{"floor":26.0,"key":"Blood Vial"},{"floor":26.0,"key":"Darkstone Periapt"}],"event_choices":[{"cards_removed":["Strike_G"],"damage_healed":0.0,"max_hp_gain":0.0,"max_hp_loss":0.0,"gold_gain":0.0,"event_name":"Bonfire Elementals","player_choice":"Offered Basic","floor":2.0,"gold_loss":0.0,"damage_taken":0.0},{"damage_healed":0.0,"max_hp_gain":0.0,"max_hp_loss":0.0,"gold_gain":0.0,"event_name":"Dead Adventurer","player_choice":"Searched \u00271\u0027 times","floor":11.0,"gold_loss":0.0,"damage_taken":0.0},{"damage_healed":0.0,"max_hp_gain":0.0,"max_hp_loss":40.0,"gold_gain":0.0,"event_name":"Ghosts","player_choice":"Became a Ghost","floor":19.0,"gold_loss":0.0,"damage_taken":0.0,"cards_obtained":["Ghostly","Ghostly","Ghostly"]},{"damage_healed":0.0,"max_hp_gain":0.0,"max_hp_loss":0.0,"gold_gain":0.0,"event_name":"N\u0027loth","player_choice":"Ignored","floor":20.0,"gold_loss":0.0,"damage_taken":0.0},{"damage_healed":0.0,"max_hp_gain":5.0,"max_hp_loss":0.0,"gold_gain":0.0,"event_name":"Forgotten Altar","player_choice":"Shed Blood","floor":22.0,"gold_loss":0.0,"damage_taken":15.0}],"is_beta":true,"boss_relics":[{"not_picked":["Fusion Hammer","Black Star"],"picked":"Cursed Key"}],"items_purged_floors":[],"is_endless":false,"potions_floor_spawned":[1,10,16,21,24],"killed_by":"Cultist and Chosen","ascension_level":20}