{"gold_per_floor":[112,62,137,90,90,90,124,142,220,245,257,282,294,332,344,451,463,460,472,484,507,544,556,581,593,651,663,54,54,54,67,67,67],"floor_reached":33,"playtime":948,"items_purged":["Writhe"],"score":285,"play_id":"019966c3-358e-495b-a7e9-64f263f601bf","local_time":"20190311041410","is_ascension_mode":true,"campfire_choices":[{"data":"Sword Boomerang","floor":6,"key":"SMITH"},{"data":"Bludgeon","floor":11,"key":"SMITH"},{"floor":15,"key":"REST"},{"data":"Rampage","floor":23,"key":"SMITH"},{"data":"Rage","floor":25,"key":"SMITH"},{"data":"Shockwave","floor":32,"key":"SMITH"}],"neow_cost":"NONE","seed_source_timestamp":249968130364223,"circlet_count":0,"master_deck":["Strike_R","Strike_R","Defend_R","Defend_R","Defend_R","Bash+1","Sword Boomerang+1","Bludgeon+1","Rampage+1","Inflame","Shockwave+1","Disarm","Impervious","Double Tap+1","Rampage+1","Entrench+1","Twin Strike+1","Rage+1","Blind","Thunderclap+1"],"relics":["Burning Blood","Letter Opener","Gremlin Horn","Pear","MawBank","Juzu Bracelet","Self Forming Clay","Astrolabe","Anchor","Orichalcum","Turnip","Mummified Hand"],"potions_floor_usage":[10,12,18,21,33],"damage_taken":[{"damage":12,"enemies":"Jaw Worm","floor":1,"turns":3},{"damage":20,"enemies":"Gremlin Nob","floor":7,"turns":4},{"damage":0,"enemies":"Small Slimes","floor":8,"turns":3},{"damage":36,"enemies":"Lagavulin","floor":10,"turns":4},{"damage":2,"enemies":"2 Louse","floor":12,"turns":2},{"damage":23,"enemies":"3 Sentries","floor":14,"turns":6},{"damage":18,"enemies":"The Guardian","floor":16,"turns":7},{"damage":11,"enemies":"2 Thieves","floor":18,"turns":4},{"damage":0,"enemies":"Spheric Guardian","floor":21,"turns":2},{"damage":18,"enemies":"Snake Plant","floor":24,"turns":4},{"damage":5,"enemies":"Centurion and Healer","floor":31,"turns":4},{"damage":87,"enemies":"Collector","floor":33,"turns":6}],"seed_played":"5928938074336808558","potions_obtained":[{"floor":8,"key":"Strength Potion"},{"floor":10,"key":"BloodPotion"},{"floor":14,"key":"Block Potion"},{"floor":18,"key":"AttackPotion"},{"floor":24,"key":"Energy Potion"}],"is_trial":false,"path_per_floor":["M","?","?","$","?","R","E","M","T","E","R","M","?","E","R","B",null,"M","?","?","M","T","R","M","R","T","?","$","?","$","M","R","B"],"character_chosen":"IRONCLAD","items_purchased":["Sword Boomerang","Turnip","Mummified Hand"],"campfire_rested":1,"item_purchase_floors":[4,28,28],"current_hp_per_floor":[74,74,63,63,63,63,49,55,65,35,35,48,36,19,46,34,90,85,85,85,90,90,90,78,78,78,78,78,78,78,79,79,0],"gold":67,"neow_bonus":"UPGRADE_CARD","is_prod":false,"is_daily":false,"chose_seed":false,"campfire_upgraded":5,"win_rate":0,"timestamp":1552302850,"path_taken":["M","?","?","$","?","R","E","M","T","E","R","?","?","E","R","BOSS","M","?","?","M","?","R","M","R","T","?","$","?","$","M","R","BOSS"],"build_version":"2019-01-23","purchased_purges":1,"victory":false,"max_hp_per_floor":[80,80,80,80,80,80,80,80,90,90,90,90,90,90,90,90,90,90,90,90,90,90,90,90,90,90,90,90,90,90,90,90,90],"card_choices":[{"not_picked":["True Grit","Infernal Blade"],"picked":"Sword Boomerang","floor":1},{"not_picked":["Cleave","Corruption"],"picked":"Bludgeon","floor":7},{"not_picked":["Pommel Strike","Fire Breathing"],"picked":"Rampage","floor":8},{"not_picked":["Second Wind","Sword Boomerang"],"picked":"Inflame","floor":10},{"not_picked":["Clash","Iron Wave"],"picked":"Shockwave","floor":12},{"not_picked":["Flex","Sword Boomerang"],"picked":"Disarm","floor":14},{"not_picked":["Dark Embrace","Bludgeon"],"picked":"Impervious","floor":16},{"not_picked":["Carnage","Fire Breathing"],"picked":"Twin Strike+1","floor":18},{"not_picked":["Iron Wave","Carnage","Headbutt"],"picked":"SKIP","floor":21},{"not_picked":["Anger+1","Shockwave"],"picked":"Rage","floor":24},{"not_picked":["Flex","Havoc"],"picked":"Thunderclap+1","floor":31}],"player_experience":319479,"relics_obtained":[{"floor":7,"key":"Gremlin Horn"},{"floor":9,"key":"Pear"},{"floor":10,"key":"MawBank"},{"floor":14,"key":"Self Forming Clay"},{"floor":22,"key":"Orichalcum"}],"event_choices":[{"cards_removed":["Strike_R"],"damage_healed":0,"gold_gain":0,"player_choice":"Card Removal","damage_taken":0,"max_hp_gain":0,"max_hp_loss":0,"event_name":"The Cleric","floor":2,"gold_loss":50},{"damage_healed":0,"gold_gain":75,"player_choice":"Gather Gold","damage_taken":11,"max_hp_gain":0,"max_hp_loss":0,"event_name":"World of Goop","floor":3,"gold_loss":0},{"cards_removed":["Sword Boomerang"],"damage_healed":0,"gold_gain":0,"player_choice":"Gave Card","damage_taken":0,"relics_obtained":["Letter Opener"],"max_hp_gain":0,"max_hp_loss":0,"event_name":"WeMeetAgain","floor":5,"gold_loss":0},{"damage_healed":0,"gold_gain":0,"player_choice":"Success","damage_taken":12,"relics_obtained":["Juzu Bracelet"],"max_hp_gain":0,"max_hp_loss":0,"event_name":"Scrap Ooze","floor":13,"gold_loss":0},{"damage_healed":0,"gold_gain":0,"player_choice":"Ignored","damage_taken":0,"max_hp_gain":0,"max_hp_loss":0,"event_name":"Vampires","floor":19,"gold_loss":0},{"damage_healed":0,"gold_gain":0,"player_choice":"Opened","damage_taken":0,"relics_obtained":["Anchor"],"max_hp_gain":0,"max_hp_loss":0,"event_name":"The Mausoleum","floor":20,"gold_loss":0,"cards_obtained":["Writhe"]},{"damage_healed":0,"gold_gain":0,"player_choice":"1 cards matched","damage_taken":0,"max_hp_gain":0,"max_hp_loss":0,"event_name":"Match and Keep!","floor":27,"gold_loss":0,"cards_obtained":["Blind"]},{"damage_healed":0,"gold_gain":0,"player_choice":"Ignored","damage_taken":0,"max_hp_gain":0,"max_hp_loss":0,"event_name":"Ghosts","floor":29,"gold_loss":0}],"is_beta":false,"boss_relics":[{"not_picked":["Philosopher\u0027s Stone","Runic Dome"],"picked":"Astrolabe"}],"items_purged_floors":[28],"is_endless":false,"potions_floor_spawned":[8,10,14,18,24],"killed_by":"Collector","ascension_level":2}