{"gold_per_floor":[115,290,290,309,268,268,268,281,330,342,357,357,33,68,68,168,168,186,104,118,118,39,39,49,49,72,72,82,108,120,157,157,157],"floor_reached":33,"playtime":993,"items_purged":[],"score":297,"play_id":"121b13eb-f6f9-4299-8914-9946f9f676b0","local_time":"20190305060144","is_ascension_mode":true,"campfire_choices":[{"data":"Beam Cell","floor":6,"key":"SMITH"},{"data":"Dualcast","floor":12,"key":"SMITH"},{"floor":15,"key":"REST"},{"data":"Electrodynamics","floor":23,"key":"SMITH"},{"floor":25,"key":"REST"},{"floor":32,"key":"REST"}],"neow_cost":"NONE","seed_source_timestamp":7595470062244,"circlet_count":0,"master_deck":["Strike_B","Strike_B","Strike_B","Strike_B","Defend_B","Defend_B","Defend_B","Defend_B","Zap+1","Dualcast+1","Beam Cell+1","Doom and Gloom","Gash","Doom and Gloom","HandOfGreed","Electrodynamics+1","Go for the Eyes","FTL","BootSequence+1","Defragment","Self Repair","Streamline+1","Turbo+1"],"relics":["Cracked Core","Orichalcum","Bronze Scales","Black Star","Anchor","Art of War","Lantern"],"potions_floor_usage":[11,11,18,18,24,24,27,29,33],"damage_taken":[{"damage":6,"enemies":"2 Louse","floor":1,"turns":3},{"damage":0,"enemies":"Small Slimes","floor":4,"turns":3},{"damage":2,"enemies":"Jaw Worm","floor":8,"turns":3},{"damage":2,"enemies":"Blue Slaver","floor":10,"turns":3},{"damage":7,"enemies":"Exordium Thugs","floor":11,"turns":4},{"damage":5,"enemies":"Gremlin Gang","floor":14,"turns":3},{"damage":43,"enemies":"The Guardian","floor":16,"turns":8},{"damage":11,"enemies":"Shell Parasite","floor":18,"turns":3},{"damage":18,"enemies":"2 Thieves","floor":20,"turns":3},{"damage":23,"enemies":"Shelled Parasite and Fungi","floor":24,"turns":3},{"damage":6,"enemies":"3 Cultists","floor":28,"turns":3},{"damage":20,"enemies":"Gremlin Leader","floor":29,"turns":5},{"damage":8,"enemies":"Snake Plant","floor":30,"turns":2},{"damage":13,"enemies":"Shelled Parasite and Fungi","floor":31,"turns":3},{"damage":79,"enemies":"Automaton","floor":33,"turns":6}],"seed_played":"-1544383229469705495","potions_obtained":[{"floor":1,"key":"Block Potion"},{"floor":8,"key":"FearPotion"},{"floor":10,"key":"SteroidPotion"},{"floor":16,"key":"Strength Potion"},{"floor":20,"key":"PowerPotion"},{"floor":21,"key":"Fruit Juice"},{"floor":21,"key":"Poison Potion"},{"floor":24,"key":"Fruit Juice"},{"floor":31,"key":"PowerPotion"}],"is_trial":false,"path_per_floor":["M","?","?","M","?","R","?","M","T","M","M","R","$","M","R","B",null,"M","$","M","?","$","R","M","R","T","?","M","E","M","M","R","B"],"character_chosen":"DEFECT","items_purchased":["Bronze Scales","HandOfGreed","FTL","Defragment"],"campfire_rested":3,"item_purchase_floors":[13,13,19,22],"current_hp_per_floor":[69,69,62,62,62,62,50,48,48,46,39,39,39,34,56,13,75,64,64,46,46,46,46,28,52,52,42,43,30,22,9,36,0],"gold":157,"neow_bonus":"UPGRADE_CARD","is_prod":false,"is_daily":false,"chose_seed":false,"campfire_upgraded":3,"win_rate":0,"timestamp":1551794504,"path_taken":["M","?","?","M","?","R","?","M","T","M","M","R","$","?","R","BOSS","M","$","M","?","?","R","?","R","T","?","M","E","M","M","R","BOSS"],"build_version":"2019-01-23","purchased_purges":0,"victory":false,"max_hp_per_floor":[75,75,75,75,75,75,75,75,75,75,75,75,75,75,75,75,75,75,75,75,75,75,75,80,80,80,90,90,90,90,90,90,90],"card_choices":[{"not_picked":["Rip and Tear","BootSequence","Steam Power"],"picked":"SKIP","floor":1},{"not_picked":["Undo","Reprogram"],"picked":"Beam Cell","floor":4},{"not_picked":["Hologram","Compile Driver"],"picked":"Doom and Gloom","floor":8},{"not_picked":["Rebound","Skim"],"picked":"Gash","floor":10},{"not_picked":["Capacitor","Sweeping Beam"],"picked":"Doom and Gloom","floor":11},{"not_picked":["Sweeping Beam","Ball Lightning"],"picked":"Electrodynamics","floor":14},{"not_picked":["Turbo","Reinforced Body"],"picked":"Go for the Eyes","floor":18},{"not_picked":["Beam Cell","Compile Driver"],"picked":"BootSequence+1","floor":20},{"not_picked":["Undo+1","Reprogram"],"picked":"Self Repair","floor":24},{"not_picked":["Ball Lightning","Heatsinks","Doom and Gloom"],"picked":"SKIP","floor":28},{"not_picked":["Tempest","Coolheaded+1"],"picked":"Streamline+1","floor":29},{"not_picked":["Leap","Scrape","Doom and Gloom"],"picked":"SKIP","floor":30},{"not_picked":["Loop","Reprogram"],"picked":"Turbo+1","floor":31}],"player_experience":297004,"relics_obtained":[{"floor":26,"key":"Anchor"},{"floor":29,"key":"Art of War"},{"floor":29,"key":"Lantern"}],"event_choices":[{"damage_healed":0,"gold_gain":175,"player_choice":"AGREE","damage_taken":0,"max_hp_gain":0,"max_hp_loss":0,"event_name":"Liars Game","floor":2,"gold_loss":0,"cards_obtained":["Doubt"]},{"cards_removed":["Doubt"],"damage_healed":0,"gold_gain":0,"player_choice":"Card Removal","damage_taken":7,"max_hp_gain":0,"max_hp_loss":0,"event_name":"Golden Wing","floor":3,"gold_loss":0},{"damage_healed":0,"gold_gain":0,"player_choice":"Left Gold","damage_taken":0,"max_hp_gain":0,"max_hp_loss":0,"event_name":"World of Goop","floor":5,"gold_loss":41},{"damage_healed":0,"gold_gain":0,"player_choice":"Success","damage_taken":12,"relics_obtained":["Orichalcum"],"max_hp_gain":0,"max_hp_loss":0,"event_name":"Scrap Ooze","floor":7,"gold_loss":0},{"damage_healed":0,"gold_gain":0,"player_choice":"Got Potions","damage_taken":0,"max_hp_gain":0,"max_hp_loss":0,"event_name":"Lab","floor":21,"gold_loss":0},{"damage_healed":0,"gold_gain":0,"player_choice":"Shed Blood","damage_taken":20,"max_hp_gain":5,"max_hp_loss":0,"event_name":"Forgotten Altar","floor":27,"gold_loss":0}],"is_beta":false,"boss_relics":[{"not_picked":["Velvet Choker","Sozu"],"picked":"Black Star"}],"items_purged_floors":[],"is_endless":false,"potions_floor_spawned":[1,8,10,16,20,24,31],"killed_by":"Automaton","ascension_level":1}