{"gold_per_floor":[368,7,7,27,177,177,205,185,215,229,62,62,82,102,102,102],"floor_reached":16,"playtime":527,"items_purged":[],"score":200,"play_id":"029384c0-0943-44be-bae2-da2b0aa45eee","local_time":"20180921231210","is_ascension_mode":true,"campfire_choices":[{"floor":6,"key":"REST"},{"floor":12,"key":"REST"},{"data":"Melter","floor":15,"key":"SMITH"}],"neow_cost":"PERCENT_DAMAGE","seed_source_timestamp":742817815596764,"circlet_count":0,"master_deck":["Strike_B","Strike_B","Strike_B","Strike_B","Defend_B","Defend_B","Defend_B","Zap","Dualcast","AscendersBane","FTL","Leap","Sweeping Beam","Doubt","Gash","Reboot","Auto Shields","Melter+1"],"relics":["Cracked Core","Kunai","Dead Branch","Tiny Chest","Oddly Smooth Stone"],"potions_floor_usage":[7,16,16],"damage_taken":[{"damage":9,"enemies":"2 Louse","floor":1,"turns":2},{"damage":7,"enemies":"Jaw Worm","floor":4,"turns":3},{"damage":33,"enemies":"Lagavulin","floor":7,"turns":7},{"damage":0,"enemies":"Small Slimes","floor":10,"turns":3},{"damage":5,"enemies":"Exordium Wildlife","floor":13,"turns":2},{"damage":0,"enemies":"Looter","floor":14,"turns":3},{"damage":27,"enemies":"Hexaghost","floor":16,"turns":10}],"seed_played":"1339653293346781392","potions_obtained":[{"floor":1,"key":"Ancient Potion"},{"floor":8,"key":"Block Potion"},{"floor":10,"key":"Swift Potion"}],"is_trial":false,"path_per_floor":["M","$","?","M","?","R","E","?","T","M","$","R","M","M","R"],"character_chosen":"DEFECT","items_purchased":["Kunai","Leap","AttackPotion","Oddly Smooth Stone"],"campfire_rested":2,"item_purchase_floors":[2,2,2,11],"current_hp_per_floor":[37,37,30,23,23,44,11,11,11,11,11,32,27,27,27,0],"gold":102,"neow_bonus":"TWO_FIFTY_GOLD","is_prod":false,"is_daily":false,"chose_seed":false,"campfire_upgraded":1,"win_rate":0,"timestamp":1537585930,"path_taken":["M","$","?","M","?","R","E","?","T","M","$","R","?","?","R","BOSS"],"build_version":"2018-09-20","purchased_purges":0,"victory":false,"max_hp_per_floor":[71,71,71,71,71,71,71,71,71,71,71,71,71,71,71,71],"card_choices":[{"not_picked":["Lockon","Conserve Battery"],"picked":"FTL","floor":1},{"not_picked":["Compile Driver","Stack"],"picked":"Sweeping Beam","floor":4},{"not_picked":["White Noise","Ball Lightning"],"picked":"Gash","floor":7},{"not_picked":["Loop","Cold Snap"],"picked":"Reboot","floor":10},{"not_picked":["Tempest","Glacier"],"picked":"Auto Shields","floor":13},{"not_picked":["Hologram","Turbo"],"picked":"Melter","floor":14}],"player_experience":881054,"relics_obtained":[{"floor":7,"key":"Dead Branch"},{"floor":9,"key":"Tiny Chest"}],"event_choices":[{"event_name":"Golden Wing","player_choice":"Card Removal","floor":3,"damage_taken":0},{"event_name":"Liars Game","player_choice":"agreed","floor":5,"damage_taken":0},{"event_name":"The Woman in Blue","player_choice":"Bought 1 Potion","floor":8,"damage_taken":0}],"is_beta":false,"boss_relics":[],"items_purged_floors":[],"is_endless":false,"potions_floor_spawned":[1,10],"killed_by":"Hexaghost","ascension_level":20}