{"gold_per_floor":[112,77,77,40,40,40,51,82,82,107,107,123,183,194,194,270,270,289,124,139,159,159,159,159,172,172,198,214,247,260,291,291,364,364,380,392,163,175,191,191,6,34,34,34,61,78,89,89,89,89,89],"floor_reached":51,"playtime":3227,"items_purged":["Strike_G","Decay"],"score":1459,"play_id":"018ef619-fde5-448e-931d-193ae283f935","local_time":"20190317131754","is_ascension_mode":true,"campfire_choices":[{"data":"Malaise","floor":6.0,"key":"SMITH"},{"data":"Poisoned Stab","floor":11.0,"key":"SMITH"},{"data":"Catalyst","floor":15.0,"key":"SMITH"},{"data":"Catalyst","floor":23.0,"key":"SMITH"},{"floor":32.0,"key":"REST"},{"floor":40.0,"key":"REST"},{"floor":44.0,"key":"RECALL"},{"floor":49,"key":"REST"}],"neow_cost":"NONE","seed_source_timestamp":374778775172936,"circlet_count":0,"master_deck":["AscendersBane","Defend_G","Defend_G","Defend_G","Defend_G","Defend_G","Strike_G","Strike_G","Strike_G","Strike_G","Survivor","Neutralize+1","Blur","Well Laid Plans","Malaise+1","Neutralize","Catalyst+1","Prepared","Poisoned Stab+1","Leg Sweep","Catalyst+1","Backstab","Deadly Poison","Corpse Explosion","PiercingWail","Footwork","Caltrops+1","PiercingWail","Footwork","PiercingWail+1","Acrobatics+1","Crippling Poison+1","Dark Shackles+1"],"special_seed":0,"relics":["Ring of the Snake","Letter Opener","Bronze Scales","Vajra","Tiny Chest","Busted Crown","Toxic Egg 2","Orichalcum","Mummified Hand","Omamori","Calling Bell","Centennial Puzzle","Singing Bowl","StoneCalendar","OrangePellets","PreservedInsect","Lantern"],"potions_floor_usage":[50,51],"damage_taken":[{"damage":12.0,"enemies":"Cultist","floor":1.0,"turns":6.0},{"damage":2.0,"enemies":"Jaw Worm","floor":7.0,"turns":8.0},{"damage":3.0,"enemies":"Lagavulin","floor":8.0,"turns":7.0},{"damage":7.0,"enemies":"3 Sentries","floor":10.0,"turns":8.0},{"damage":1.0,"enemies":"2 Louse","floor":12.0,"turns":2.0},{"damage":15.0,"enemies":"Gremlin Nob","floor":13.0,"turns":5.0},{"damage":0.0,"enemies":"Lots of Slimes","floor":14.0,"turns":3.0},{"damage":14.0,"enemies":"Hexaghost","floor":16.0,"turns":7.0},{"damage":10.0,"enemies":"Shell Parasite","floor":18.0,"turns":5.0},{"damage":6.0,"enemies":"3 Byrds","floor":20.0,"turns":4.0},{"damage":0.0,"enemies":"3 Cultists","floor":21.0,"turns":2.0},{"damage":17.0,"enemies":"Chosen and Byrds","floor":25.0,"turns":6.0},{"damage":0.0,"enemies":"Cultist and Chosen","floor":28.0,"turns":3.0},{"damage":11.0,"enemies":"Book of Stabbing","floor":29.0,"turns":3.0},{"damage":0.0,"enemies":"3 Cultists","floor":30.0,"turns":3.0},{"damage":1.0,"enemies":"Gremlin Leader","floor":31.0,"turns":7.0},{"damage":20.0,"enemies":"Automaton","floor":33.0,"turns":11.0},{"damage":12.0,"enemies":"3 Darklings","floor":35.0,"turns":5.0},{"damage":2.0,"enemies":"3 Shapes","floor":36.0,"turns":5.0},{"damage":0.0,"enemies":"Sphere and 2 Shapes","floor":38.0,"turns":7.0},{"damage":25.0,"enemies":"Spire Growth","floor":39.0,"turns":6.0},{"damage":6.0,"enemies":"Reptomancer","floor":42.0,"turns":5.0},{"damage":13.0,"enemies":"Nemesis","floor":45.0,"turns":7.0},{"damage":2.0,"enemies":"4 Shapes","floor":46.0,"turns":3.0},{"damage":13.0,"enemies":"Jaw Worm Horde","floor":47.0,"turns":4.0},{"damage":39,"enemies":"Awakened One","floor":50,"turns":25},{"damage":10,"enemies":"Donu and Deca","floor":51,"turns":4}],"seed_played":"-7929221261317408357","potions_obtained":[{"floor":1.0,"key":"Poison Potion"},{"floor":8.0,"key":"FearPotion"},{"floor":10.0,"key":"Ancient Potion"},{"floor":13.0,"key":"Weak Potion"},{"floor":21.0,"key":"Weak Potion"},{"floor":28.0,"key":"SkillPotion"},{"floor":31.0,"key":"Weak Potion"},{"floor":36.0,"key":"Fruit Juice"},{"floor":38.0,"key":"Fire Potion"},{"floor":42.0,"key":"Swift Potion"}],"is_trial":false,"path_per_floor":["M","?","?","$","?","R","M","E","T","E","R","M","E","M","R","B",null,"M","$","M","M","?","R","?","M","T","T","M","E","M","E","R","B",null,"M","M","$","M","M","R","$","E","T","R","E","M","M","?","R","B","B"],"character_chosen":"THE_SILENT","items_purchased":["Well Laid Plans","Footwork","OrangePellets","Crippling Poison+1"],"campfire_rested":3,"item_purchase_floors":[4,19,37,41],"current_hp_per_floor":[53,71,71,71,71,71,69,66,66,59,59,58,43,43,43,29,61,51,51,45,45,45,45,45,28,28,28,28,17,17,16,37,17,58,48,46,46,48,25,48,48,49,49,49,38,38,27,21,49,10,0],"gold":89,"neow_bonus":"TEN_PERCENT_HP_BONUS","is_prod":false,"is_daily":false,"chose_seed":false,"campfire_upgraded":4,"win_rate":0,"timestamp":1552843074,"path_taken":["M","?","?","?","?","R","M","E","T","E","R","M","E","M","R","BOSS","M","?","?","M","?","R","?","M","T","?","M","E","M","E","R","BOSS","M","M","$","?","M","R","$","E","T","R","E","M","?","?","R","BOSS","BOSS"],"build_version":"2019-03-15","purchased_purges":2,"victory":false,"max_hp_per_floor":[72,72,72,72,72,72,72,72,72,72,72,72,72,72,72,72,72,72,72,72,72,72,72,72,72,72,72,72,72,72,72,72,72,72,74,74,74,76,78,78,78,85,85,85,87,89,91,95,95,95,95],"card_choices":[{"not_picked":["Calculated Gamble","Quick Slash"],"picked":"Blur","floor":1.0},{"not_picked":["Deflect","Bane"],"picked":"Poisoned Stab","floor":7.0},{"not_picked":["Outmaneuver","Well Laid Plans"],"picked":"Leg Sweep","floor":8.0},{"not_picked":["Blade Dance","Skewer"],"picked":"Catalyst","floor":10.0},{"not_picked":["Dagger Spray","Finisher","Slice"],"picked":"SKIP","floor":12.0},{"not_picked":["Expertise","Bane"],"picked":"Backstab","floor":13.0},{"not_picked":["Prepared","Underhanded Strike"],"picked":"Deadly Poison","floor":14.0},{"not_picked":["After Image","Bullet Time"],"picked":"Corpse Explosion","floor":16.0},{"not_picked":[],"picked":"PiercingWail","floor":18.0},{"not_picked":[],"picked":"Caltrops+1","floor":20.0},{"not_picked":["Riddle With Holes"],"picked":"SKIP","floor":21.0},{"not_picked":[],"picked":"Footwork","floor":25.0},{"not_picked":["Riddle With Holes+1"],"picked":"SKIP","floor":28.0},{"not_picked":["Prepared+1"],"picked":"SKIP","floor":29.0},{"not_picked":[],"picked":"PiercingWail+1","floor":30.0},{"not_picked":["Blade Dance+1"],"picked":"SKIP","floor":31.0},{"not_picked":["Distraction+1"],"picked":"Singing Bowl","floor":35.0},{"not_picked":[],"picked":"Acrobatics+1","floor":36.0},{"not_picked":["Quick Slash"],"picked":"Singing Bowl","floor":38.0},{"not_picked":["Well Laid Plans"],"picked":"Singing Bowl","floor":39.0},{"not_picked":["Accuracy"],"picked":"Singing Bowl","floor":42.0},{"not_picked":["Deflect+1"],"picked":"Singing Bowl","floor":45.0},{"not_picked":["Outmaneuver+1"],"picked":"Singing Bowl","floor":46.0},{"not_picked":["Setup+1"],"picked":"Singing Bowl","floor":47.0},{"not_picked":["Dramatic Entrance"],"picked":"Singing Bowl","floor":48},{"not_picked":["The Bomb+1"],"picked":"Singing Bowl","floor":48},{"not_picked":[],"picked":"Dark Shackles+1","floor":48}],"player_experience":1122570,"relics_obtained":[{"floor":8.0,"key":"Letter Opener"},{"floor":9.0,"key":"Bronze Scales"},{"floor":10.0,"key":"Vajra"},{"floor":13.0,"key":"Tiny Chest"},{"floor":26.0,"key":"Toxic Egg 2"},{"floor":27.0,"key":"Orichalcum"},{"floor":29.0,"key":"Mummified Hand"},{"floor":31.0,"key":"Omamori"},{"floor":34.0,"key":"Centennial Puzzle"},{"floor":34.0,"key":"Singing Bowl"},{"floor":34.0,"key":"StoneCalendar"},{"floor":42.0,"key":"PreservedInsect"},{"floor":45.0,"key":"Lantern"}],"event_choices":[{"damage_healed":18.0,"max_hp_gain":0.0,"max_hp_loss":0.0,"gold_gain":0.0,"event_name":"The Cleric","player_choice":"Healed","floor":2.0,"gold_loss":35.0,"damage_taken":0.0},{"damage_healed":0.0,"max_hp_gain":0.0,"max_hp_loss":0.0,"gold_gain":0.0,"event_name":"Living Wall","player_choice":"Grow","floor":3.0,"gold_loss":0.0,"damage_taken":0.0,"cards_upgraded":["Neutralize"]},{"damage_healed":0.0,"max_hp_gain":0.0,"max_hp_loss":0.0,"gold_gain":0.0,"event_name":"Match and Keep!","player_choice":"4 cards matched","floor":5.0,"gold_loss":0.0,"damage_taken":0.0,"cards_obtained":["Malaise","Neutralize","Catalyst","Prepared"]},{"damage_healed":0.0,"max_hp_gain":0.0,"max_hp_loss":0.0,"gold_gain":0.0,"event_name":"The Library","player_choice":"Read","floor":22.0,"gold_loss":0.0,"damage_taken":0.0,"cards_obtained":["PiercingWail"]},{"damage_healed":0.0,"max_hp_gain":0.0,"max_hp_loss":0.0,"gold_gain":0.0,"event_name":"Vampires","player_choice":"Ignored","floor":24.0,"gold_loss":0.0,"damage_taken":0.0},{"damage_healed":0,"gold_gain":0,"player_choice":"Memory 3","damage_taken":10,"max_hp_gain":0,"max_hp_loss":0,"event_name":"SensoryStone","floor":48,"gold_loss":0}],"is_beta":true,"boss_relics":[{"not_picked":["Astrolabe","White Beast Statue"],"picked":"Busted Crown"},{"not_picked":["HoveringKite","Fusion Hammer"],"picked":"Calling Bell"}],"items_purged_floors":[19,41],"is_endless":false,"potions_floor_spawned":[1,8,10,13,21,28,31,36,38,42,47],"killed_by":"Donu and Deca","ascension_level":20}