{"gold_per_floor":[111,130,130,130,130,171,190,190,190,190,93,108,124,124,124,124],"floor_reached":16,"playtime":605,"items_purged":[],"score":200,"play_id":"5c14843c-e689-4348-8c83-7845b05c3370","local_time":"20190322231902","is_ascension_mode":true,"campfire_choices":[{"data":"Crippling Poison","floor":8.0,"key":"SMITH"},{"data":"Neutralize","floor":10.0,"key":"SMITH"},{"data":"Dagger Spray","floor":15.0,"key":"SMITH"}],"neow_cost":"CURSE","seed_source_timestamp":845477643629978,"circlet_count":0,"master_deck":["AscendersBane","Defend_G","Defend_G","Defend_G","Defend_G","Defend_G","Strike_G","Strike_G","Strike_G","Survivor","Neutralize+1","Heel Hook","Crippling Poison+1","Dagger Throw","Dodge and Roll","Dagger Spray+1","Dagger Spray","Footwork","Deadly Poison","Backflip"],"special_seed":0,"relics":["Ring of the Snake","Golden Idol","Happy Flower"],"potions_floor_usage":[16,16],"damage_taken":[{"damage":8.0,"enemies":"2 Louse","floor":1.0,"turns":3.0},{"damage":3.0,"enemies":"Small Slimes","floor":2.0,"turns":3.0},{"damage":27.0,"enemies":"3 Sentries","floor":6.0,"turns":16.0},{"damage":5.0,"enemies":"Jaw Worm","floor":7.0,"turns":5.0},{"damage":4.0,"enemies":"Exordium Wildlife","floor":12.0,"turns":3.0},{"damage":0.0,"enemies":"Looter","floor":13.0,"turns":3.0},{"damage":0,"enemies":"Slime Boss","floor":16,"turns":7}],"seed_played":"2729568433833219915","potions_obtained":[{"floor":7.0,"key":"GamblersBrew"},{"floor":13.0,"key":"Poison Potion"}],"is_trial":false,"path_per_floor":["M","M","?","?","?","E","M","R","T","R","$","M","M","$","R","B"],"character_chosen":"THE_SILENT","items_purchased":["Footwork","SteroidPotion"],"campfire_rested":0,"item_purchase_floors":[11,11],"current_hp_per_floor":[51,48,48,53,46,19,14,14,14,14,14,10,10,10,10,10],"gold":124,"neow_bonus":"TRANSFORM_TWO_CARDS","is_prod":false,"is_daily":false,"chose_seed":false,"campfire_upgraded":3,"win_rate":0,"timestamp":1553311142,"path_taken":["M","M","?","?","?","E","M","R","T","R","$","M","M","?","R","BOSS"],"build_version":"2019-03-15","purchased_purges":0,"victory":false,"max_hp_per_floor":[66,66,60,65,65,65,65,65,65,65,65,65,65,65,65,65],"card_choices":[{"not_picked":["Quick Slash","Finisher"],"picked":"Dagger Throw","floor":1.0},{"not_picked":["Dagger Throw","Flying Knee"],"picked":"Dodge and Roll","floor":2.0},{"not_picked":["Riddle With Holes","Unload"],"picked":"Dagger Spray","floor":6.0},{"not_picked":["Masterful Stab","Outmaneuver"],"picked":"Dagger Spray","floor":7.0},{"not_picked":["Reflex","Crippling Poison"],"picked":"Deadly Poison","floor":12.0},{"not_picked":["Quick Slash","Deflect"],"picked":"Backflip","floor":13.0}],"player_experience":1192829,"relics_obtained":[{"floor":6.0,"key":"Happy Flower"}],"event_choices":[{"damage_healed":0.0,"max_hp_gain":0.0,"max_hp_loss":6.0,"gold_gain":0.0,"event_name":"Golden Idol","player_choice":"Lose Max HP","floor":3.0,"gold_loss":0.0,"damage_taken":0.0,"relics_obtained":["Golden Idol"]},{"damage_healed":0.0,"max_hp_gain":5.0,"max_hp_loss":0.0,"gold_gain":0.0,"event_name":"Big Fish","player_choice":"Donut","floor":4.0,"gold_loss":0.0,"damage_taken":0.0},{"cards_removed":["Decay"],"damage_healed":0.0,"max_hp_gain":0.0,"max_hp_loss":0.0,"gold_gain":0.0,"event_name":"Golden Wing","player_choice":"Card Removal","floor":5.0,"gold_loss":0.0,"damage_taken":7.0}],"is_beta":true,"boss_relics":[],"items_purged_floors":[],"is_endless":false,"potions_floor_spawned":[7,13],"killed_by":"Slime Boss","ascension_level":20}