{"gold_per_floor":[117,42,42,58,11,11,36,36,36,36,36,53,53,82,82,82],"floor_reached":16,"playtime":397,"items_purged":[],"score":212,"play_id":"1881403f-d7fa-401d-af2a-80d2e1bac818","local_time":"20181008184903","is_ascension_mode":true,"campfire_choices":[{"data":"Carnage","floor":6,"key":"SMITH"},{"data":"True Grit","floor":8,"key":"SMITH"},{"data":"1","floor":13,"key":"LIFT"},{"data":"2","floor":15,"key":"LIFT"}],"neow_cost":"TEN_PERCENT_HP_LOSS","seed_source_timestamp":441441509484661,"circlet_count":0,"master_deck":["Strike_R","Strike_R+1","Strike_R","Strike_R","Strike_R","Defend_R","Defend_R","Defend_R","Bash+1","AscendersBane","True Grit+1","True Grit+1","Carnage+1","Shockwave","Metallicize","Twin Strike"],"relics":["Burning Blood","Magic Flower","Bronze Scales","Girya","Happy Flower"],"potions_floor_usage":[16],"damage_taken":[{"damage":6,"enemies":"Small Slimes","floor":1,"turns":6},{"damage":7,"enemies":"2 Louse","floor":4,"turns":3},{"damage":33,"enemies":"3 Sentries","floor":7,"turns":8},{"damage":0,"enemies":"Jaw Worm","floor":12,"turns":2},{"damage":20,"enemies":"Lagavulin","floor":14,"turns":5},{"damage":33,"enemies":"The Guardian","floor":16,"turns":2}],"seed_played":"4143713429111565229","potions_obtained":[{"floor":4,"key":"LiquidBronze"},{"floor":7,"key":"LiquidBronze"}],"is_trial":false,"path_per_floor":["M","?","?","M","$","R","E","R","T","$","?","M","R","E","R"],"character_chosen":"IRONCLAD","items_purchased":["Carnage"],"campfire_rested":0,"item_purchase_floors":[5],"current_hp_per_floor":[68,68,68,68,68,68,44,44,44,44,24,33,33,22,22,0],"gold":82,"neow_bonus":"ONE_RARE_RELIC","is_prod":false,"is_daily":false,"chose_seed":false,"campfire_upgraded":2,"win_rate":0,"timestamp":1539038943,"path_taken":["M","?","?","M","$","R","E","R","T","$","?","?","R","E","R","BOSS"],"build_version":"2018-10-04v2","purchased_purges":0,"victory":false,"max_hp_per_floor":[68,68,68,68,68,68,68,68,68,68,68,68,68,68,68,68],"card_choices":[{"not_picked":["Clash","Thunderclap"],"picked":"True Grit","floor":1},{"not_picked":["Dropkick","Warcry"],"picked":"True Grit","floor":4},{"not_picked":["Dropkick","Wild Strike"],"picked":"Shockwave","floor":7},{"not_picked":["Twin Strike","Brutality"],"picked":"Metallicize","floor":12},{"not_picked":["Havoc","Rampage"],"picked":"Twin Strike","floor":14}],"player_experience":943914,"relics_obtained":[{"floor":7,"key":"Bronze Scales"},{"floor":9,"key":"Girya"},{"floor":14,"key":"Happy Flower"}],"event_choices":[{"event_name":"The Cleric","player_choice":"Card Removal","floor":2,"damage_taken":0},{"event_name":"Living Wall","player_choice":"Grow","floor":3,"damage_taken":0},{"event_name":"Shining Light","player_choice":"Entered Light","floor":11,"damage_taken":0}],"is_beta":false,"boss_relics":[],"items_purged_floors":[],"is_endless":false,"potions_floor_spawned":[4,7],"killed_by":"The Guardian","ascension_level":20}