{"path_per_floor":["M","?","$","?","M","E","M","$","T","R","E","M","M","M","R","B",null,"M","M","$","M","M","R","$"],"character_chosen":"THE_SILENT","items_purchased":["Blur","Flying Knee","Storm of Steel","Slice","Dagger Throw"],"gold_per_floor":[115,115,4,4,27,62,86,39,117,117,160,175,200,214,214,342,342,342,342,33,33,33,33,33],"floor_reached":25,"campfire_rested":0,"playtime":2490,"current_hp_per_floor":[34,57,57,57,57,31,31,31,41,41,31,26,26,25,25,16,75,51,41,41,17,4,4,4],"items_purged":["Defend_G","Strike_G"],"gold":33,"play_id":"b11923e9-5d52-429e-b9b9-0521e17354c0","is_prod":false,"is_daily":false,"campfire_rituals":0,"campfire_upgraded":3,"is_hardmode":false,"path_taken":["M","?","$","?","M","E","?","$","T","R","E","M","M","M","R","BOSS","M","M","$","M","M","R","$","M"],"build_version":"2018-01-18-PROD3","purchased_purges":2,"victory":false,"master_deck":["Defend_G","Defend_G","Defend_G","Defend_G","Strike_G","Strike_G","Strike_G","Strike_G","Survivor","Neutralize","Well Laid Plans","Blur","Deflect","Flying Knee","Flying Knee","Storm of Steel","Footwork","Well Laid Plans","Phantasmal Killer","After Image","Flying Knee","Outmaneuver","Storm of Steel","Slice","Dagger Throw","Outmaneuver","Slice"],"max_hp_per_floor":[70,70,70,65,65,65,65,65,75,75,75,75,75,75,75,75,75,75,75,75,75,75,75,75],"relics":["Ring of the Snake","Unceasing Top","Golden Idol","Molten Egg","Pear","Whetstone","Ectoplasm"],"campfire_meditates":0,"card_choices":[{"not_picked":["Deadly Poison","Underhanded Strike"],"picked":"Well Laid Plans"},{"not_picked":["Glass Knife","All Out Attack"],"picked":"Deflect"},{"not_picked":["Poisoned Stab","Finisher"],"picked":"Flying Knee"},{"not_picked":["Poisoned Stab","Flying Knee"],"picked":"Storm of Steel"},{"not_picked":["Prepared","Sucker Punch"],"picked":"Footwork"},{"not_picked":["Distraction","Cloak And Dagger"],"picked":"Well Laid Plans"},{"not_picked":["Quick Slash","Underhanded Strike"],"picked":"Phantasmal Killer"},{"not_picked":["Tactician","Bullet Time"],"picked":"After Image"},{"not_picked":["Riddle With Holes","Underhanded Strike"],"picked":"Flying Knee"},{"not_picked":["Poisoned Stab","Distraction"],"picked":"Outmaneuver"},{"not_picked":["Quick Slash","Sucker Punch"],"picked":"Outmaneuver"},{"not_picked":["Endless Agony","All Out Attack"],"picked":"Slice"}],"player_experience":80670,"potions_floor_usage":[6,11,16,18,22,22],"damage_taken":[{"damage":1,"enemies":"Cultist","floor":1,"turns":3},{"damage":0,"enemies":"2 Louse","floor":5,"turns":2},{"damage":26,"enemies":"3 Sentries","floor":6,"turns":10},{"damage":0,"enemies":"Jaw Worm","floor":7,"turns":4},{"damage":10,"enemies":"Gremlin Nob","floor":11,"turns":4},{"damage":5,"enemies":"3 Louse","floor":12,"turns":4},{"damage":0,"enemies":"Gremlin Gang","floor":13,"turns":5},{"damage":1,"enemies":"Lots of Slimes","floor":14,"turns":6},{"damage":9,"enemies":"The Guardian","floor":16,"turns":11},{"damage":24,"enemies":"Chosen","floor":18,"turns":8},{"damage":10,"enemies":"Shell Parasite","floor":19,"turns":4},{"damage":24,"enemies":"Centurion and Healer","floor":21,"turns":6},{"damage":13,"enemies":"Slaver and Parasite","floor":22,"turns":6},{"damage":6,"enemies":"Snake Plant","floor":25,"turns":1}],"event_choices":[{"event_name":"Big Fish","player_choice":"Banana","floor":2,"damage_taken":0},{"event_name":"Golden Idol","player_choice":"Lose Max HP","floor":4,"damage_taken":0}],"boss_relics":[{"not_picked":["Philosopher\u0027s Stone","Runic Pyramid"],"picked":"Ectoplasm"}],"potions_floor_spawned":[5,6,11,13,14,19,22],"seed_played":"8527150108665016681","killed_by":"Snake Plant","is_trial":false}