{"gold_per_floor":[117,117,117,117,117,117,157,173,173,211,238,250,298,310,322,430,442,473,485,521,549,586,598,610,622,657,246,290,290,290,313,313,406,406,427,349,365,325,343,343,364,397,421,421,43,43,43,376,376,376],"floor_reached":50,"playtime":2134,"items_purged":["Strike_R","Writhe"],"score":1083,"play_id":"e12bdede-a31a-454c-8a95-16b9e157efc7","local_time":"20190327211200","is_ascension_mode":true,"campfire_choices":[{"floor":6.0,"key":"REST"},{"data":"Shockwave","floor":12.0,"key":"SMITH"},{"data":"Flame Barrier","floor":15.0,"key":"SMITH"},{"data":"Pommel Strike","floor":23.0,"key":"SMITH"},{"data":"Pommel Strike","floor":25.0,"key":"SMITH"},{"data":"Writhe","floor":30.0,"key":"PURGE"},{"data":"True Grit","floor":32.0,"key":"SMITH"},{"data":"Parasite","floor":40.0,"key":"PURGE"},{"floor":47.0,"key":"RECALL"},{"data":"Disarm","floor":49,"key":"SMITH"}],"neow_cost":"NONE","seed_source_timestamp":1268292800795396,"circlet_count":0,"master_deck":["AscendersBane","Strike_R","Strike_R","Strike_R","Defend_R+1","Defend_R+1","Defend_R","Bash","Pommel Strike+1","Flame Barrier+1","Pommel Strike+1","Shockwave+1","Pommel Strike","Immolate","True Grit","Flame Barrier","Anger","True Grit+1","Corruption","Impervious","Armaments","Feel No Pain","Shrug It Off","Battle Trance+1","Feel No Pain","Disarm+1","Discovery","Discovery"],"special_seed":0,"relics":["Burning Blood","NeowsBlessing","Ancient Tea Set","Blue Candle","Gremlin Horn","MawBank","Oddly Smooth Stone","Coffee Dripper","Enchiridion","Orichalcum","Pear","Peace Pipe","Meat on the Bone","Cursed Key","Strawberry","Membership Card"],"potions_floor_usage":[],"damage_taken":[{"damage":0.0,"enemies":"2 Louse","floor":1.0,"turns":1.0},{"damage":0.0,"enemies":"Gremlin Nob","floor":7.0,"turns":1.0},{"damage":0.0,"enemies":"Jaw Worm","floor":8.0,"turns":1.0},{"damage":27.0,"enemies":"3 Sentries","floor":10.0,"turns":11.0},{"damage":7.0,"enemies":"Small Slimes","floor":11.0,"turns":3.0},{"damage":24.0,"enemies":"Gremlin Nob","floor":13.0,"turns":4.0},{"damage":14.0,"enemies":"The Guardian","floor":16.0,"turns":12.0},{"damage":13.0,"enemies":"2 Thieves","floor":18.0,"turns":3.0},{"damage":2.0,"enemies":"Chosen","floor":20.0,"turns":3.0},{"damage":6.0,"enemies":"Shelled Parasite and Fungi","floor":21.0,"turns":6.0},{"damage":23.0,"enemies":"Snake Plant","floor":22.0,"turns":5.0},{"damage":3.0,"enemies":"Book of Stabbing","floor":28.0,"turns":5.0},{"damage":2.0,"enemies":"3 Cultists","floor":31.0,"turns":3.0},{"damage":49.0,"enemies":"Collector","floor":33.0,"turns":8.0},{"damage":0.0,"enemies":"Orb Walker","floor":35.0,"turns":3.0},{"damage":0.0,"enemies":"3 Shapes","floor":37.0,"turns":4.0},{"damage":7.0,"enemies":"Writhing Mass","floor":39.0,"turns":8.0},{"damage":0.0,"enemies":"Jaw Worm Horde","floor":41.0,"turns":4.0},{"damage":48.0,"enemies":"Giant Head","floor":42.0,"turns":9.0},{"damage":58,"enemies":"Time Eater","floor":50,"turns":12}],"seed_played":"-1332342284064727884","potions_obtained":[{"floor":1.0,"key":"EntropicBrew"},{"floor":7.0,"key":"Regen Potion"},{"floor":13.0,"key":"PowerPotion"},{"floor":18.0,"key":"Fire Potion"},{"floor":28.0,"key":"Energy Potion"},{"floor":38.0,"key":"Strength Potion"},{"floor":38.0,"key":"GamblersBrew"}],"is_trial":false,"path_per_floor":["M","?","?","?","?","R","E","M","T","E","M","R","E","$","R","B",null,"M","?","M","M","M","R","?","R","T","$","E","?","R","M","R","B",null,"M","$","M","?","M","R","M","E","T","?","$","?","R","?","R","B"],"character_chosen":"IRONCLAD","items_purchased":["Pear","True Grit","Weak Potion","Feel No Pain","Membership Card","Feel No Pain","Disarm","Discovery"],"campfire_rested":1,"item_purchase_floors":[27,27,27,36,45,45,45,45],"current_hp_per_floor":[74,67,41,36,13,35,41,47,47,41,40,40,22,22,22,14,60,53,32,36,36,19,19,34,34,34,44,47,47,47,51,51,20,69,75,75,81,81,80,80,82,59,59,59,59,49,49,49,49,0],"gold":376,"neow_bonus":"THREE_ENEMY_KILL","is_prod":false,"is_daily":false,"chose_seed":false,"campfire_upgraded":6,"win_rate":0,"timestamp":1553735520,"path_taken":["M","?","?","?","?","R","E","M","T","E","?","R","E","$","R","BOSS","M","?","M","M","M","R","?","R","T","$","E","?","R","M","R","BOSS","M","$","M","?","?","R","M","E","T","?","$","?","R","?","R","BOSS"],"build_version":"2019-03-15","purchased_purges":2,"victory":false,"max_hp_per_floor":[75,75,75,75,75,75,75,75,75,75,75,75,75,75,75,75,75,75,75,75,75,75,75,75,75,75,85,85,85,85,85,85,85,85,85,85,85,85,85,82,82,89,89,89,89,89,89,89,89,89],"card_choices":[{"not_picked":["Rampage","Thunderclap"],"picked":"Pommel Strike","floor":1.0},{"not_picked":["Iron Wave","Demon Form"],"picked":"Flame Barrier","floor":7.0},{"not_picked":["Entrench","Combust"],"picked":"Pommel Strike","floor":8.0},{"not_picked":["Iron Wave","Flex","Thunderclap"],"picked":"SKIP","floor":10.0},{"not_picked":["Warcry","Heavy Blade"],"picked":"Shockwave","floor":11.0},{"not_picked":["Body Slam","Seeing Red"],"picked":"Pommel Strike","floor":13.0},{"not_picked":["Brutality","Barricade"],"picked":"Immolate","floor":16.0},{"not_picked":["Whirlwind","Perfected Strike"],"picked":"True Grit","floor":18.0},{"not_picked":["Sentinel","Corruption"],"picked":"Flame Barrier","floor":20.0},{"not_picked":["Havoc","Whirlwind","Iron Wave"],"picked":"SKIP","floor":21.0},{"not_picked":["Perfected Strike","Twin Strike"],"picked":"Anger","floor":22.0},{"not_picked":["Entrench","Wild Strike","Sever Soul+1"],"picked":"SKIP","floor":28.0},{"not_picked":["Hemokinesis+1","Flex"],"picked":"Corruption","floor":31.0},{"not_picked":["Double Tap","Immolate"],"picked":"Impervious","floor":33.0},{"not_picked":["True Grit","Clothesline"],"picked":"Armaments","floor":35.0},{"not_picked":["Combust","Body Slam+1"],"picked":"Shrug It Off","floor":37.0},{"not_picked":["Havoc","Clash","Perfected Strike+1"],"picked":"SKIP","floor":39.0},{"not_picked":["Pummel","Sword Boomerang","True Grit"],"picked":"SKIP","floor":41.0},{"not_picked":["Wild Strike","True Grit+1"],"picked":"Battle Trance+1","floor":42.0},{"not_picked":["Magnetism","Purity"],"picked":"Discovery","floor":46.0}],"player_experience":1322284,"relics_obtained":[{"floor":7.0,"key":"Blue Candle"},{"floor":9.0,"key":"Gremlin Horn"},{"floor":10.0,"key":"MawBank"},{"floor":13.0,"key":"Oddly Smooth Stone"},{"floor":19.0,"key":"Enchiridion"},{"floor":26.0,"key":"Orichalcum"},{"floor":28.0,"key":"Peace Pipe"},{"floor":42.0,"key":"Strawberry"}],"event_choices":[{"cards_removed":["Strike_R"],"damage_healed":0.0,"max_hp_gain":0.0,"max_hp_loss":0.0,"gold_gain":0.0,"event_name":"Golden Wing","player_choice":"Card Removal","floor":2.0,"gold_loss":0.0,"damage_taken":7.0},{"damage_healed":0.0,"max_hp_gain":0.0,"max_hp_loss":0.0,"gold_gain":0.0,"event_name":"Golden Idol","player_choice":"Take Damage","floor":3.0,"gold_loss":0.0,"damage_taken":26.0,"relics_obtained":["Golden Idol"]},{"damage_healed":0.0,"max_hp_gain":0.0,"max_hp_loss":0.0,"gold_gain":0.0,"event_name":"Scrap Ooze","player_choice":"Success","floor":4.0,"gold_loss":0.0,"damage_taken":5.0,"relics_obtained":["Ancient Tea Set"]},{"damage_healed":0.0,"max_hp_gain":0.0,"max_hp_loss":0.0,"gold_gain":0.0,"event_name":"Shining Light","player_choice":"Entered Light","floor":5.0,"gold_loss":0.0,"damage_taken":23.0,"cards_upgraded":["Defend_R","Defend_R"]},{"damage_healed":0.0,"max_hp_gain":0.0,"max_hp_loss":0.0,"gold_gain":0.0,"event_name":"Cursed Tome","player_choice":"Obtained Book","floor":19.0,"gold_loss":0.0,"damage_taken":21.0},{"damage_healed":15.0,"max_hp_gain":0.0,"max_hp_loss":0.0,"gold_gain":0.0,"event_name":"The Library","player_choice":"Heal","floor":24.0,"gold_loss":0.0,"damage_taken":0.0},{"damage_healed":0.0,"max_hp_gain":0.0,"max_hp_loss":0.0,"gold_gain":0.0,"event_name":"The Mausoleum","player_choice":"Opened","floor":29.0,"gold_loss":0.0,"damage_taken":0.0,"relics_obtained":["Meat on the Bone"],"cards_obtained":["Writhe"]},{"damage_healed":0.0,"max_hp_gain":0.0,"max_hp_loss":0.0,"gold_gain":0.0,"event_name":"The Woman in Blue","player_choice":"Bought 3 Potions","floor":38.0,"gold_loss":0.0,"damage_taken":0.0},{"cards_removed":["Defend_R"],"damage_healed":0.0,"max_hp_gain":0.0,"max_hp_loss":0.0,"gold_gain":0.0,"event_name":"Falling","player_choice":"Removed Skill","floor":44.0,"gold_loss":0.0,"damage_taken":0.0},{"damage_healed":0.0,"max_hp_gain":0.0,"max_hp_loss":0.0,"gold_gain":0.0,"event_name":"SensoryStone","player_choice":"Memory 3","floor":46.0,"gold_loss":0.0,"damage_taken":10.0},{"damage_healed":0.0,"max_hp_gain":0.0,"max_hp_loss":0.0,"gold_gain":333.0,"event_name":"The Moai Head","player_choice":"Gave Idol","floor":48.0,"relics_lost":["Golden Idol"],"gold_loss":0.0,"damage_taken":0.0}],"is_beta":true,"boss_relics":[{"not_picked":["Black Star","Busted Crown"],"picked":"Coffee Dripper"},{"not_picked":["Calling Bell","Sozu"],"picked":"Cursed Key"}],"items_purged_floors":[27,45],"is_endless":false,"potions_floor_spawned":[1,7,8,13,18,28,33,41,42],"killed_by":"Time Eater","ascension_level":20}