{"gold_per_floor":[117,42,55,74,74,74,249,249,327,327,327,346,377,387,387,488,488,505,505,521,436,9,9,28,57,57,67,84,117,17,45,45,144,144,164,213,53,64,78,112,32,61,111,111],"floor_reached":44,"playtime":2402,"items_purged":["Strike_B","Doubt"],"score":856,"play_id":"ab7fceee-d67d-46e2-a119-2ee6999f494a","local_time":"20190127144321","is_ascension_mode":true,"campfire_choices":[{"data":"Zap","floor":6,"key":"SMITH"},{"data":"Defragment","floor":8,"key":"SMITH"},{"data":"Dualcast","floor":11,"key":"SMITH"},{"data":"Loop","floor":15,"key":"SMITH"},{"data":"Capacitor","floor":23,"key":"SMITH"},{"floor":32,"key":"REST"}],"neow_cost":"TEN_PERCENT_HP_LOSS","seed_source_timestamp":13433895626718,"circlet_count":0,"master_deck":["Defend_B","Defend_B","Zap+1","Dualcast+1","Chill","Defragment+1","Steam","Gash","Loop+1","Go for the Eyes","Beam Cell+1","Buffer+1","Redo+1","All For One+1","Biased Cognition+1","Steam","Steam+1","Go for the Eyes+1","Conserve Battery","Scrape+1","Capacitor+1","Beam Cell+1","Glacier","Capacitor","Gash+1","FTL+1","Turbo+1","Compile Driver+1","Hologram+1","Scrape+1","Hologram","Echo Form","Gash+1","Stack+1","Scrape+1","Bandage Up","Conserve Battery","Steam","Self Repair","Glacier","Beam Cell+1","Defragment+1","Beam Cell+1","Loop","BootSequence+1"],"relics":["Cracked Core","Unceasing Top","Letter Opener","Ornamental Fan","GremlinMask","Prayer Wheel","Astrolabe","Molten Egg 2","DataDisk","Anchor","Torii","Orichalcum","Du-Vu Doll","Empty Cage","Girya","Toxic Egg 2","Whetstone"],"potions_floor_usage":[16,16,29,36,38,38],"damage_taken":[{"damage":0,"enemies":"Cultist","floor":1,"turns":3},{"damage":1,"enemies":"Small Slimes","floor":3,"turns":4},{"damage":0,"enemies":"2 Louse","floor":4,"turns":2},{"damage":0,"enemies":"Lots of Slimes","floor":12,"turns":2},{"damage":9,"enemies":"Lagavulin","floor":13,"turns":7},{"damage":15,"enemies":"Exordium Thugs","floor":14,"turns":3},{"damage":0,"enemies":"The Guardian","floor":16,"turns":10},{"damage":17,"enemies":"2 Thieves","floor":18,"turns":2},{"damage":0,"enemies":"Chosen","floor":20,"turns":4},{"damage":1,"enemies":"Shelled Parasite and Fungi","floor":24,"turns":6},{"damage":2,"enemies":"Gremlin Leader","floor":25,"turns":7},{"damage":11,"enemies":"Sentry and Sphere","floor":27,"turns":7},{"damage":0,"enemies":"Cultist and Chosen","floor":28,"turns":5},{"damage":22,"enemies":"Book of Stabbing","floor":29,"turns":5},{"damage":1,"enemies":"Slavers","floor":31,"turns":3},{"damage":10,"enemies":"Collector","floor":33,"turns":8},{"damage":0,"enemies":"3 Shapes","floor":35,"turns":2},{"damage":23,"enemies":"2 Orb Walkers","floor":36,"turns":5},{"damage":10,"enemies":"3 Darklings","floor":38,"turns":3},{"damage":0,"enemies":"4 Shapes","floor":39,"turns":2},{"damage":0,"enemies":"Giant Head","floor":40,"turns":6},{"damage":9,"enemies":"Nemesis","floor":42,"turns":7},{"damage":42,"enemies":"Giant Head","floor":44,"turns":5}],"seed_played":"-4676896881967547592","potions_obtained":[{"floor":4,"key":"GamblersBrew"},{"floor":14,"key":"Weak Potion"},{"floor":16,"key":"SteroidPotion"},{"floor":25,"key":"Poison Potion"},{"floor":27,"key":"SpeedPotion"},{"floor":29,"key":"Strength Potion"},{"floor":36,"key":"FearPotion"},{"floor":40,"key":"Swift Potion"},{"floor":42,"key":"EssenceOfSteel"}],"is_trial":false,"path_per_floor":["M","$","M","M","?","R","?","R","T","?","R","M","E","M","R","B",null,"M","?","M","?","$","R","M","E","T","M","M","E","$","E","R","B",null,"M","?","$","M","M","E","$","E","T","E"],"character_chosen":"DEFECT","items_purchased":["Scrape+1","DataDisk","Capacitor","Beam Cell+1","Glacier","Bandage Up","Conserve Battery","Steam","Loop"],"campfire_rested":1,"item_purchase_floors":[22,22,22,22,22,37,37,37,41],"current_hp_per_floor":[68,68,67,67,64,64,64,64,64,64,64,64,55,40,40,40,61,44,44,44,44,44,44,43,41,41,30,30,8,8,7,27,17,55,55,32,32,22,26,33,33,35,35,0],"gold":111,"neow_bonus":"ONE_RARE_RELIC","is_prod":false,"is_daily":false,"chose_seed":false,"campfire_upgraded":5,"win_rate":0,"timestamp":1548618201,"path_taken":["M","?","M","M","?","R","?","R","T","?","R","?","E","M","R","BOSS","M","?","?","?","$","R","M","E","T","M","M","E","?","E","R","BOSS","M","?","$","M","M","E","$","E","T","E"],"build_version":"2019-01-23","purchased_purges":2,"victory":false,"max_hp_per_floor":[68,68,68,68,68,68,68,68,68,68,68,68,68,68,68,68,68,68,68,68,68,68,68,68,68,68,68,68,68,68,68,68,68,68,68,68,68,68,68,68,68,68,68,68],"card_choices":[{"not_picked":["Beam Cell","Rebound"],"picked":"Chill","floor":1},{"not_picked":["Beam Cell","Static Discharge"],"picked":"Defragment","floor":3},{"not_picked":["Skim","Storm"],"picked":"Steam","floor":4},{"not_picked":["Lockon","Electrodynamics"],"picked":"Gash","floor":12},{"not_picked":["Conserve Battery","Steam Power"],"picked":"Loop","floor":13},{"not_picked":["Barrage","Sweeping Beam"],"picked":"Go for the Eyes","floor":14},{"not_picked":["Streamline","Reprogram"],"picked":"Beam Cell","floor":14},{"not_picked":["Thunder Strike","Meteor Strike"],"picked":"Buffer","floor":16},{"not_picked":["Hello World+1","Redo"],"picked":"Steam","floor":18},{"not_picked":["Hologram","Darkness"],"picked":"Steam+1","floor":18},{"not_picked":["Melter","Steam Power"],"picked":"Go for the Eyes","floor":20},{"not_picked":["Multi-Cast","Ball Lightning"],"picked":"Conserve Battery","floor":20},{"not_picked":["Coolheaded","Steam Power"],"picked":"Capacitor","floor":24},{"not_picked":["Go for the Eyes+1","Genetic Algorithm"],"picked":"Gash+1","floor":24},{"not_picked":["Redo","Tempest"],"picked":"FTL+1","floor":25},{"not_picked":["Barrage+1","Compile Driver+1"],"picked":"Turbo+1","floor":27},{"not_picked":["Rebound+1","Redo"],"picked":"Compile Driver+1","floor":27},{"not_picked":["Barrage+1","Lockon+1"],"picked":"Hologram+1","floor":28},{"not_picked":["Sweeping Beam+1","Undo","Conserve Battery"],"picked":"SKIP","floor":28},{"not_picked":["Rip and Tear+1","Capacitor"],"picked":"Scrape+1","floor":29},{"not_picked":["Barrage+1","Meteor Strike+1"],"picked":"Hologram","floor":31},{"not_picked":["Rainbow","Seek"],"picked":"Echo Form","floor":33},{"not_picked":["Ball Lightning+1","Heatsinks+1"],"picked":"Gash+1","floor":35},{"not_picked":["Conserve Battery+1","Rip and Tear+1"],"picked":"Stack+1","floor":35},{"not_picked":["Streamline+1","Capacitor+1"],"picked":"Scrape+1","floor":36},{"not_picked":["Ball Lightning+1","Buffer"],"picked":"Self Repair","floor":38},{"not_picked":["Barrage+1","Melter+1"],"picked":"Glacier","floor":38},{"not_picked":["Barrage+1","Streamline+1"],"picked":"Beam Cell+1","floor":39},{"not_picked":["Sunder+1","Reinforced Body+1"],"picked":"Defragment+1","floor":39},{"not_picked":["Tempest","Ball Lightning+1"],"picked":"Beam Cell+1","floor":40},{"not_picked":["Chaos+1","Conserve Battery+1"],"picked":"BootSequence+1","floor":42}],"player_experience":267921,"relics_obtained":[{"floor":9,"key":"Ornamental Fan"},{"floor":13,"key":"Prayer Wheel"},{"floor":25,"key":"Anchor"},{"floor":26,"key":"Torii"},{"floor":29,"key":"Orichalcum"},{"floor":31,"key":"Du-Vu Doll"},{"floor":36,"key":"Girya"},{"floor":40,"key":"Toxic Egg 2"},{"floor":42,"key":"Whetstone"}],"event_choices":[{"damage_healed":0,"gold_gain":0,"player_choice":"Success","damage_taken":3,"relics_obtained":["Letter Opener"],"max_hp_gain":0,"max_hp_loss":0,"event_name":"Scrap Ooze","floor":5,"gold_loss":0},{"damage_healed":0,"gold_gain":175,"player_choice":"AGREE","damage_taken":0,"max_hp_gain":0,"max_hp_loss":0,"event_name":"Liars Game","floor":7,"gold_loss":0,"cards_obtained":["Doubt"]},{"damage_healed":0,"gold_gain":0,"player_choice":"Trade","damage_taken":0,"relics_obtained":["GremlinMask"],"max_hp_gain":0,"max_hp_loss":0,"event_name":"FaceTrader","floor":10,"gold_loss":0},{"damage_healed":0,"gold_gain":0,"player_choice":"Forge","damage_taken":0,"max_hp_gain":0,"max_hp_loss":0,"event_name":"Accursed Blacksmith","floor":19,"gold_loss":0,"cards_upgraded":["Buffer"]},{"damage_healed":0,"gold_gain":0,"player_choice":"Obtained Relic","damage_taken":0,"relics_obtained":["Molten Egg 2"],"max_hp_gain":0,"max_hp_loss":0,"event_name":"Addict","floor":21,"gold_loss":85},{"damage_healed":0,"gold_gain":0,"player_choice":"Fight","damage_taken":0,"max_hp_gain":0,"max_hp_loss":0,"event_name":"Mysterious Sphere","floor":36,"gold_loss":0}],"is_beta":true,"boss_relics":[{"not_picked":["Calling Bell","Busted Crown"],"picked":"Astrolabe"},{"not_picked":["Coffee Dripper","Philosopher\u0027s Stone"],"picked":"Empty Cage"}],"items_purged_floors":[2,30],"is_endless":false,"potions_floor_spawned":[4,14,16,25,27,28,29,36,40,42],"killed_by":"Giant Head","ascension_level":6}