{"gold_per_floor":[118,118,135,135,135,163,173,203,215,227,267,279,323,355,367,451,463,493,505,567,594,606,644,656,695,707,729,741,814,826,852,864,876],"floor_reached":33,"playtime":1316,"items_purged":[],"score":787,"play_id":"f8ef6beb-dcd6-4958-b7f9-9387926f45c5","local_time":"20190306214442","is_ascension_mode":true,"campfire_choices":[{"floor":10,"key":"REST"},{"floor":12,"key":"REST"},{"data":"Neutralize","floor":15,"key":"SMITH"},{"data":"Ghostly","floor":24,"key":"SMITH"},{"data":"Catalyst","floor":28,"key":"SMITH"},{"data":"Ghostly","floor":30,"key":"SMITH"},{"data":"Ghostly","floor":32,"key":"SMITH"}],"neow_cost":"NONE","seed_source_timestamp":1038531583458419,"circlet_count":0,"master_deck":["AscendersBane","Defend_G","Defend_G","Defend_G","Defend_G","Defend_G","Survivor","Neutralize+1","Dagger Spray","Pain","Skewer","Deadly Poison","Poisoned Stab","Corpse Explosion","Poisoned Stab","Night Terror","PiercingWail","Bite","Bite","Bite","Bite","Bite","Catalyst+1","Ghostly+1","Ghostly+1","Ghostly+1","Caltrops","Adrenaline","PiercingWail"],"relics":["Ring of the Snake","NeowsBlessing","Orichalcum","WarpedTongs","Singing Bowl","MawBank","The Courier","Pantograph","Dead Branch","Sozu","Mummified Hand","Torii","Gambling Chip","Tiny Chest"],"potions_floor_usage":[8,13,14,25],"damage_taken":[{"damage":0,"enemies":"2 Louse","floor":1,"turns":1},{"damage":0,"enemies":"Cultist","floor":3,"turns":1},{"damage":0,"enemies":"3 Sentries","floor":6,"turns":1},{"damage":4,"enemies":"Jaw Worm","floor":7,"turns":3},{"damage":28,"enemies":"Gremlin Nob","floor":8,"turns":4},{"damage":29,"enemies":"3 Sentries","floor":11,"turns":7},{"damage":34,"enemies":"Lagavulin","floor":13,"turns":6},{"damage":3,"enemies":"Looter","floor":14,"turns":3},{"damage":23,"enemies":"Hexaghost","floor":16,"turns":9},{"damage":11,"enemies":"3 Byrds","floor":18,"turns":4},{"damage":34,"enemies":"Spheric Guardian","floor":21,"turns":7},{"damage":4,"enemies":"Slavers","floor":23,"turns":5},{"damage":12,"enemies":"Book of Stabbing","floor":25,"turns":5},{"damage":4,"enemies":"Shelled Parasite and Fungi","floor":27,"turns":4},{"damage":8,"enemies":"Slavers","floor":29,"turns":8},{"damage":0,"enemies":"Snecko","floor":31,"turns":3},{"damage":55,"enemies":"Automaton","floor":33,"turns":8}],"seed_played":"8210925327895165466","potions_obtained":[{"floor":6,"key":"Swift Potion"},{"floor":7,"key":"Fire Potion"},{"floor":13,"key":"FearPotion"},{"floor":14,"key":"FearPotion"}],"is_trial":false,"path_per_floor":["M","?","M","$","?","E","M","E","T","R","E","R","E","M","R","B",null,"M","?","?","M","?","E","R","E","T","M","R","E","R","M","R","B"],"character_chosen":"THE_SILENT","items_purchased":[],"campfire_rested":2,"item_purchase_floors":[],"current_hp_per_floor":[59,59,59,59,59,59,55,27,27,46,17,36,4,1,1,3,52,41,41,41,19,19,22,22,17,17,25,25,20,20,27,27,0],"gold":876,"neow_bonus":"THREE_ENEMY_KILL","is_prod":false,"is_daily":false,"chose_seed":false,"campfire_upgraded":5,"win_rate":0,"timestamp":1551926682,"path_taken":["M","?","?","$","?","E","M","E","T","R","E","R","E","?","R","BOSS","M","?","?","M","?","E","R","E","T","M","R","E","R","?","R","BOSS"],"build_version":"2019-02-06","purchased_purges":0,"victory":false,"max_hp_per_floor":[66,66,66,66,66,66,66,66,66,66,66,66,68,68,68,68,68,68,47,47,47,23,23,23,23,23,25,25,27,27,27,27,27],"card_choices":[{"not_picked":["Outmaneuver","Underhanded Strike","All Out Attack"],"picked":"SKIP","floor":1},{"not_picked":["Deflect","Flying Knee"],"picked":"Dagger Spray","floor":3},{"not_picked":["Reflex","Blade Dance"],"picked":"Skewer","floor":6},{"not_picked":["Acrobatics","Backflip"],"picked":"Deadly Poison","floor":7},{"not_picked":["Blade Dance","Bane"],"picked":"Poisoned Stab","floor":8},{"not_picked":["Riddle With Holes","Dash"],"picked":"Corpse Explosion","floor":11},{"not_picked":["Dagger Spray","Deflect","Calculated Gamble"],"picked":"Singing Bowl","floor":13},{"not_picked":["Endless Agony","Dagger Throw"],"picked":"Poisoned Stab","floor":14},{"not_picked":["Phantasmal Killer","A Thousand Cuts"],"picked":"Night Terror","floor":16},{"not_picked":["Outmaneuver","Dagger Spray"],"picked":"PiercingWail","floor":18},{"not_picked":["Masterful Stab","Expertise"],"picked":"Catalyst","floor":21},{"not_picked":["Crippling Poison","Prepared"],"picked":"Caltrops","floor":23},{"not_picked":["Dagger Spray","Eviscerate"],"picked":"Adrenaline","floor":25},{"not_picked":["PiercingWail","Dagger Throw","Quick Slash"],"picked":"Singing Bowl","floor":27},{"not_picked":["Predator","Grand Finale","Cloak And Dagger"],"picked":"Singing Bowl","floor":29},{"not_picked":["Escape Plan","Caltrops"],"picked":"PiercingWail","floor":31}],"player_experience":1057001,"relics_obtained":[{"floor":2,"key":"Orichalcum"},{"floor":6,"key":"Singing Bowl"},{"floor":8,"key":"MawBank"},{"floor":9,"key":"The Courier"},{"floor":11,"key":"Pantograph"},{"floor":13,"key":"Dead Branch"},{"floor":23,"key":"Mummified Hand"},{"floor":25,"key":"Torii"},{"floor":26,"key":"Gambling Chip"},{"floor":29,"key":"Tiny Chest"}],"event_choices":[{"damage_healed":0,"gold_gain":0,"player_choice":"Relic","damage_taken":0,"max_hp_gain":0,"max_hp_loss":0,"event_name":"Wheel of Change","floor":2,"gold_loss":0},{"damage_healed":0,"gold_gain":0,"player_choice":"Rummage","damage_taken":0,"relics_obtained":["WarpedTongs"],"max_hp_gain":0,"max_hp_loss":0,"event_name":"Accursed Blacksmith","floor":5,"gold_loss":0,"cards_obtained":["Pain"]},{"damage_healed":0,"gold_gain":0,"player_choice":"Became a vampire","damage_taken":0,"max_hp_gain":0,"max_hp_loss":21,"event_name":"Vampires","floor":19,"gold_loss":0,"cards_obtained":["Bite","Bite","Bite","Bite","Bite"]},{"damage_healed":0,"gold_gain":50,"player_choice":"Stole From Cult","damage_taken":0,"max_hp_gain":0,"max_hp_loss":0,"event_name":"Nest","floor":20,"gold_loss":0},{"damage_healed":0,"gold_gain":0,"player_choice":"Became a Ghost","damage_taken":0,"max_hp_gain":0,"max_hp_loss":24,"event_name":"Ghosts","floor":22,"gold_loss":0,"cards_obtained":["Ghostly","Ghostly","Ghostly"]}],"is_beta":true,"boss_relics":[{"not_picked":["Black Star","Calling Bell"],"picked":"Sozu"}],"items_purged_floors":[],"is_endless":false,"potions_floor_spawned":[6,7,13,14,25,29],"killed_by":"Automaton","ascension_level":20}