{"gold_per_floor":[114,114,289,304,319,319,319,319,319,349,364,91,106,121,121,221,221,236,251,251,279,294,294,324,324,324,324,74,74,74,89,89,189,189,204,219,234,234,249,249,249,49,74,101,113,155,182,224,236,248],"floor_reached":51,"playtime":6269,"items_purged":["Doubt"],"score":827,"play_id":"5be5c71c-fe2c-4715-ac6f-2525d45de15d","local_time":"20190318151807","daily_mods":["Draft","Green Cards","DeadlyEvents"],"is_ascension_mode":false,"campfire_choices":[{"data":"Go for the Eyes","floor":6,"key":"SMITH"},{"data":"Sunder","floor":8,"key":"SMITH"},{"data":"Noxious Fumes","floor":15,"key":"SMITH"},{"data":"Defragment","floor":23,"key":"SMITH"},{"floor":25,"key":"REST"},{"data":"Well Laid Plans","floor":27,"key":"SMITH"},{"data":"Catalyst","floor":30,"key":"SMITH"},{"data":"Defragment","floor":32,"key":"SMITH"},{"data":"Double Energy","floor":40,"key":"SMITH"},{"floor":41,"key":"REST"},{"data":"Terror","floor":45,"key":"SMITH"},{"data":"Echo Form","floor":49,"key":"SMITH"}],"neow_cost":"","seed_source_timestamp":74148488079900,"circlet_count":0,"master_deck":["Leap","Heatsinks","Streamline","Dagger Throw+1","Noxious Fumes+1","Defragment+1","Bane","Sunder+1","Ball Lightning","Turbo","Blade Dance","Blade Dance+1","Coolheaded","Cold Snap","Conserve Battery","Backflip","Go for the Eyes+1","Catalyst+1","Coolheaded","Double Energy+1","Poisoned Stab","Echo Form+1","Steam+1","PiercingWail","FTL","Well Laid Plans+1","Defragment+1","Genetic Algorithm","Blade Dance+1","Hyperbeam","Stack+1","Acrobatics+1","Compile Driver+1","Dagger Throw+1","Terror+1","Chill+1","Static Discharge+1","BootSequence+1"],"special_seed":17973,"relics":["Cracked Core","Calipers","Oddly Smooth Stone","Happy Flower","Inserter","Red Mask","Lantern","WingedGreaves","Pantograph","Eternal Feather","ClockworkSouvenir","MawBank","Omamori","Mercury Hourglass"],"potions_floor_usage":[21,24,33,37,39,50,50],"damage_taken":[{"damage":0,"enemies":"Cultist","floor":1,"turns":3},{"damage":1,"enemies":"Small Slimes","floor":4,"turns":2},{"damage":5,"enemies":"Jaw Worm","floor":5,"turns":3},{"damage":0,"enemies":"Lagavulin","floor":10,"turns":6},{"damage":0,"enemies":"Large Slime","floor":11,"turns":3},{"damage":0,"enemies":"Looter","floor":13,"turns":3},{"damage":0,"enemies":"Blue Slaver","floor":14,"turns":3},{"damage":0,"enemies":"Slime Boss","floor":16,"turns":6},{"damage":21,"enemies":"2 Thieves","floor":18,"turns":4},{"damage":6,"enemies":"Shell Parasite","floor":19,"turns":4},{"damage":9,"enemies":"Masked Bandits","floor":21,"turns":4},{"damage":10,"enemies":"3 Cultists","floor":22,"turns":5},{"damage":16,"enemies":"Slavers","floor":24,"turns":5},{"damage":12,"enemies":"Snecko","floor":31,"turns":5},{"damage":11,"enemies":"Collector","floor":33,"turns":10},{"damage":7,"enemies":"3 Shapes","floor":35,"turns":4},{"damage":25,"enemies":"3 Darklings","floor":36,"turns":6},{"damage":26,"enemies":"Spire Growth","floor":37,"turns":6},{"damage":3,"enemies":"4 Shapes","floor":39,"turns":5},{"damage":18,"enemies":"Sphere and 2 Shapes","floor":44,"turns":5},{"damage":43,"enemies":"Nemesis","floor":46,"turns":7},{"damage":3,"enemies":"3 Darklings","floor":47,"turns":6},{"damage":0,"enemies":"Giant Head","floor":48,"turns":9},{"damage":28,"enemies":"Awakened One","floor":50,"turns":13}],"seed_played":"-6182514928825895174","potions_obtained":[{"floor":10,"key":"FocusPotion"},{"floor":11,"key":"FairyPotion"},{"floor":13,"key":"Strength Potion"},{"floor":16,"key":"Fire Potion"},{"floor":21,"key":"SpeedPotion"},{"floor":31,"key":"SkillPotion"},{"floor":33,"key":"SpeedPotion"},{"floor":35,"key":"LiquidBronze"},{"floor":36,"key":"PowerPotion"},{"floor":37,"key":"Swift Potion"},{"floor":46,"key":"LiquidBronze"}],"is_trial":false,"path_per_floor":["M","$","?","M","M","R","?","R","T","E","M","$","M","M","R","B",null,"M","M","?","?","M","R","E","R","T","R","$","$","R","M","R","B",null,"M","M","M","?","M","R","R","$","T","M","R","E","M","E","R","B",null],"character_chosen":"DEFECT","items_purchased":["Happy Flower","Coolheaded","Pantograph","ClockworkSouvenir"],"campfire_rested":2,"item_purchase_floors":[12,12,28,42],"current_hp_per_floor":[75,75,75,74,69,69,54,54,54,54,54,54,54,54,54,54,75,54,48,48,39,29,29,13,35,35,35,35,35,35,23,23,37,75,68,43,17,17,14,32,72,72,72,54,75,32,29,29,50,47],"gold":260,"neow_bonus":"","is_prod":false,"is_daily":true,"chose_seed":false,"campfire_upgraded":10,"win_rate":1,"timestamp":1552902487,"path_taken":["M","$","?","M","M","R","?","R","T","E","?","?","M","M","R","BOSS","M","M","?","?","?","R","?","R","T","R","?","$","R","M","R","BOSS","M","?","M","?","M","R","R","$","T","?","R","?","M","?","R","BOSS"],"build_version":"2019-01-23","purchased_purges":1,"victory":true,"max_hp_per_floor":[75,75,75,75,75,75,75,75,75,75,75,75,75,75,75,75,75,75,75,75,75,75,75,75,75,75,75,75,75,75,75,75,75,75,75,75,75,75,75,75,75,75,75,75,75,75,75,75,75,75],"card_choices":[{"not_picked":["Slice","Cloak And Dagger"],"picked":"Leap","floor":0},{"not_picked":["Acrobatics","Calculated Gamble"],"picked":"Heatsinks","floor":0},{"not_picked":["Blade Dance","Cloak And Dagger"],"picked":"Streamline","floor":0},{"not_picked":["Deflect","Sweeping Beam"],"picked":"Dagger Throw","floor":0},{"not_picked":["Leg Sweep","Dagger Spray"],"picked":"Noxious Fumes","floor":0},{"not_picked":["Sucker Punch","Doom and Gloom"],"picked":"Defragment","floor":0},{"not_picked":["Dagger Spray","Prepared"],"picked":"Bane","floor":0},{"not_picked":["Turbo","Gash"],"picked":"Sunder","floor":0},{"not_picked":["Doom and Gloom","Dagger Spray"],"picked":"Ball Lightning","floor":0},{"not_picked":["Static Discharge","Outmaneuver"],"picked":"Turbo","floor":0},{"not_picked":["Stack","Dagger Spray"],"picked":"Blade Dance","floor":0},{"not_picked":["Tempest","Heel Hook"],"picked":"Blade Dance","floor":0},{"not_picked":["Prepared","Distraction"],"picked":"Coolheaded","floor":0},{"not_picked":["Gash","Underhanded Strike"],"picked":"Cold Snap","floor":0},{"not_picked":["Blizzard","Glacier"],"picked":"Conserve Battery","floor":0},{"not_picked":["Deflect","Prepared"],"picked":"Backflip","floor":1},{"not_picked":["Backstab","Gash"],"picked":"Go for the Eyes","floor":4},{"not_picked":["Blur","Cloak And Dagger","Dagger Throw"],"picked":"SKIP","floor":5},{"not_picked":["Doppelganger","Storm"],"picked":"Catalyst","floor":10},{"not_picked":["Barrage","Cold Snap"],"picked":"Melter","floor":11},{"not_picked":["Steam Power","Beam Cell"],"picked":"Double Energy","floor":13},{"not_picked":["Sucker Punch","Turbo"],"picked":"Poisoned Stab","floor":14},{"not_picked":["Die Die Die","Buffer"],"picked":"Echo Form","floor":16},{"not_picked":["Storm","Ball Lightning"],"picked":"Steam+1","floor":18},{"not_picked":["Expertise","Eviscerate"],"picked":"PiercingWail","floor":19},{"not_picked":["Go for the Eyes","Blade Dance"],"picked":"Well Laid Plans","floor":21},{"not_picked":["Cold Snap","Hologram"],"picked":"Defragment","floor":22},{"not_picked":["Leg Sweep","Barrage"],"picked":"Genetic Algorithm","floor":24},{"not_picked":["Underhanded Strike+1","Cold Snap+1"],"picked":"Blade Dance+1","floor":31},{"not_picked":["Meteor Strike","Thunder Strike"],"picked":"Hyperbeam","floor":33},{"not_picked":["PiercingWail","Genetic Algorithm"],"picked":"Stack+1","floor":35},{"not_picked":["Stack","Fusion"],"picked":"Acrobatics+1","floor":36},{"not_picked":["Leap","Go for the Eyes"],"picked":"Compile Driver+1","floor":37},{"not_picked":["Go for the Eyes","Streamline"],"picked":"Dagger Throw+1","floor":39},{"not_picked":["Reprogram","Eviscerate"],"picked":"Terror","floor":44},{"not_picked":["Turbo","Amplify"],"picked":"Chill+1","floor":46},{"not_picked":["Tempest","Fusion+1"],"picked":"Static Discharge+1","floor":47},{"not_picked":["Sucker Punch","Tempest"],"picked":"BootSequence+1","floor":48}],"player_experience":30794,"relics_obtained":[{"floor":9,"key":"Calipers"},{"floor":10,"key":"Oddly Smooth Stone"},{"floor":21,"key":"Red Mask"},{"floor":24,"key":"Lantern"},{"floor":26,"key":"WingedGreaves"},{"floor":43,"key":"MawBank"},{"floor":46,"key":"Omamori"},{"floor":48,"key":"Mercury Hourglass"}],"event_choices":[{"damage_healed":0,"gold_gain":175,"player_choice":"AGREE","damage_taken":0,"max_hp_gain":0,"max_hp_loss":0,"event_name":"Liars Game","floor":3,"gold_loss":0,"cards_obtained":["Doubt"]},{"damage_healed":0,"gold_gain":0,"player_choice":"Entered Light","damage_taken":15,"max_hp_gain":0,"max_hp_loss":0,"event_name":"Shining Light","floor":7,"gold_loss":0,"cards_upgraded":["Dagger Throw","Blade Dance"]},{"damage_healed":0,"gold_gain":0,"player_choice":"Read","damage_taken":0,"max_hp_gain":0,"max_hp_loss":0,"event_name":"The Library","floor":20,"gold_loss":0,"cards_obtained":["FTL"]},{"damage_healed":0,"gold_gain":0,"player_choice":"Fought Bandits","damage_taken":0,"max_hp_gain":0,"max_hp_loss":0,"event_name":"Masked Bandits","floor":21,"gold_loss":0},{"cards_removed":["Melter"],"damage_healed":0,"gold_gain":0,"player_choice":"Removed Attack","damage_taken":0,"max_hp_gain":0,"max_hp_loss":0,"event_name":"Falling","floor":38,"gold_loss":0}],"is_beta":false,"boss_relics":[{"not_picked":["Snecko Eye","Runic Pyramid"],"picked":"Inserter"},{"not_picked":["Tiny House","Orrery"],"picked":"Eternal Feather"}],"items_purged_floors":[12],"is_endless":false,"potions_floor_spawned":[10,11,13,16,21,31,33,35,36,37,46],"ascension_level":0}