{"path_per_floor":["M","?","M","T","M","E","R","M","T","R","?","R","$","M","R","B",null,"M","M","?","?","M","R","M"],"character_chosen":"THE_SILENT","items_purchased":["Kunai"],"gold_per_floor":[118,118,135,189,208,236,236,247,247,247,276,276,16,36,36,138,138,126,141,141,141,161,161,177,177],"floor_reached":25,"campfire_rested":3,"playtime":1357,"current_hp_per_floor":[60,60,58,58,45,25,46,45,45,45,21,42,42,36,57,58,70,54,32,32,55,31,39,23,0],"items_purged":[],"gold":177,"score":203,"play_id":"7128b8af-e4fa-41f5-8fe7-5febeb0e874e","local_time":"20180330055823","is_prod":false,"is_daily":false,"is_ascension_mode":false,"campfire_upgraded":2,"timestamp":1522414703,"path_taken":["M","?","M","?","M","E","R","M","T","R","?","R","$","M","R","BOSS","M","M","?","?","?","R","M","E"],"build_version":"2018-03-29v2","purchased_purges":0,"victory":false,"master_deck":["Defend_G","Defend_G","Defend_G","Defend_G","Defend_G","Strike_G","Strike_G","Strike_G","Strike_G","Strike_G","Survivor","Neutralize+1","Acrobatics","Sucker Punch","Finisher","Blade Dance","Noxious Fumes+1","Endless Agony+1","Deflect","Burst","Finisher+1","All Out Attack","Footwork","Dodge and Roll+1"],"max_hp_per_floor":[70,70,70,70,70,70,70,70,70,70,70,70,70,70,70,70,70,70,70,70,70,70,70,70,70],"relics":["Ring of the Snake","Tiny Chest","Thread and Needle","Bird Faced Urn","Odd Mushroom","Kunai","Eternal Feather"],"card_choices":[{"not_picked":["Catalyst","Prepared"],"picked":"Acrobatics","floor":1},{"not_picked":["Underhanded Strike","Flying Knee"],"picked":"Sucker Punch","floor":3},{"not_picked":["Dagger Throw","Wraith Form"],"picked":"Finisher","floor":5},{"not_picked":["Dagger Spray","Calculated Gamble"],"picked":"Blade Dance","floor":6},{"not_picked":["Endless Agony","PiercingWail"],"picked":"Noxious Fumes","floor":8},{"not_picked":["Sucker Punch","Bane"],"picked":"Endless Agony","floor":11},{"not_picked":["Dagger Spray","Acrobatics"],"picked":"Deflect","floor":14},{"not_picked":["Corpse Explosion","Phantasmal Killer"],"picked":"Burst","floor":16},{"not_picked":["Acrobatics","Bane"],"picked":"Finisher","floor":18},{"not_picked":["Reflex","Dodge and Roll"],"picked":"All Out Attack","floor":19},{"not_picked":["Calculated Gamble","Prepared"],"picked":"Footwork","floor":22},{"not_picked":["PiercingWail","Flechettes"],"picked":"Dodge and Roll","floor":24}],"player_experience":47001,"potions_floor_usage":[16,18,18],"damage_taken":[{"damage":10,"enemies":"Small Slimes","floor":1,"turns":4},{"damage":2,"enemies":"2 Louse","floor":3,"turns":3},{"damage":13,"enemies":"Jaw Worm","floor":5,"turns":6},{"damage":20,"enemies":"Gremlin Nob","floor":6,"turns":5},{"damage":1,"enemies":"Large Slime","floor":8,"turns":6},{"damage":26,"enemies":"The Mushroom Lair","floor":11,"turns":4},{"damage":6,"enemies":"2 Fungi Beasts","floor":14,"turns":3},{"damage":1,"enemies":"The Guardian","floor":16,"turns":9},{"damage":16,"enemies":"2 Thieves","floor":18,"turns":4},{"damage":24,"enemies":"Chosen","floor":19,"turns":8},{"damage":26,"enemies":"3 Cultists","floor":22,"turns":5},{"damage":20,"enemies":"Centurion and Healer","floor":24,"turns":7},{"damage":30,"enemies":"Gremlin Leader","floor":25,"turns":7}],"event_choices":[{"event_name":"Living Wall","player_choice":"Grow","floor":2,"damage_taken":0},{"event_name":"Mushrooms","player_choice":"Fought Mushrooms","floor":11,"damage_taken":0},{"event_name":"Vampires","player_choice":"Ignored","floor":20,"damage_taken":0},{"event_name":"The Library","player_choice":"Heal","floor":21,"damage_taken":0}],"boss_relics":[{"not_picked":["Philosopher\u0027s Stone","Calling Bell"],"picked":"Eternal Feather"}],"potions_floor_spawned":[1,6,8,24],"seed_played":"-6202388310645431509","killed_by":"Gremlin Leader","ascension_level":0,"is_trial":false}