{"gold_per_floor":[112,13,13,25,25,25,52,52,52,86,105,121,65,75,75,148,148,162,178,69,79,79,79,4,0,27,27,27,60,60,72,72,72],"floor_reached":33,"playtime":1392,"items_purged":["Strike_B"],"score":644,"play_id":"e3f5948a-7b48-45ff-b3be-bfea85aeedb4","local_time":"20190314102958","is_ascension_mode":true,"campfire_choices":[{"data":"Zap","floor":6,"key":"SMITH"},{"data":"Genetic Algorithm","floor":8,"key":"SMITH"},{"data":"Streamline","floor":15,"key":"SMITH"},{"floor":23,"key":"REST"},{"data":"Ghostly","floor":28,"key":"SMITH"},{"data":"Ghostly","floor":30,"key":"SMITH"},{"data":"Ghostly","floor":32,"key":"SMITH"}],"neow_cost":"NONE","seed_source_timestamp":24597529975083,"circlet_count":0,"master_deck":["AscendersBane","Strike_B","Strike_B","Strike_B+1","Defend_B","Defend_B","Defend_B","Defend_B","Zap+1","Dualcast","Steam","Sunder+1","Steam","Go for the Eyes","Genetic Algorithm+1","Beam Cell","Streamline+1","Reboot","Cold Snap","BootSequence","All For One","Glacier+1","Beam Cell","Loop","Gash+1","Undo","Shame","Ghostly+1","Ghostly+1","Ghostly+1","Loop"],"relics":["Cracked Core","NeowsBlessing","Pocketwatch","Du-Vu Doll","Ornamental Fan","Cursed Key","GremlinMask","Pen Nib","Whetstone"],"potions_floor_usage":[10,16,21,29],"damage_taken":[{"damage":0,"enemies":"Small Slimes","floor":1,"turns":1},{"damage":0,"enemies":"Jaw Worm","floor":4,"turns":1},{"damage":0,"enemies":"Lagavulin","floor":7,"turns":1},{"damage":16,"enemies":"Gremlin Nob","floor":10,"turns":3},{"damage":0,"enemies":"Cultist","floor":11,"turns":3},{"damage":2,"enemies":"3 Louse","floor":12,"turns":3},{"damage":5,"enemies":"2 Fungi Beasts","floor":14,"turns":2},{"damage":0,"enemies":"Slime Boss","floor":16,"turns":7},{"damage":7,"enemies":"2 Thieves","floor":18,"turns":4},{"damage":0,"enemies":"Chosen","floor":19,"turns":2},{"damage":31,"enemies":"Shelled Parasite and Fungi","floor":21,"turns":4},{"damage":5,"enemies":"Slavers","floor":29,"turns":6},{"damage":0,"enemies":"Chosen and Byrds","floor":31,"turns":6},{"damage":34,"enemies":"Automaton","floor":33,"turns":6}],"seed_played":"-3509665458559838938","potions_obtained":[{"floor":4,"key":"SpeedPotion"},{"floor":7,"key":"SteroidPotion"},{"floor":10,"key":"LiquidBronze"},{"floor":14,"key":"FearPotion"},{"floor":18,"key":"SkillPotion"},{"floor":31,"key":"SmokeBomb"}],"is_trial":false,"path_per_floor":["M","$","?","M","?","R","E","R","T","E","M","M","$","M","R","B",null,"M","M","$","M","?","R","$","?","T","?","R","E","R","M","R","B"],"character_chosen":"DEFECT","items_purchased":["Sunder","Steam","Cold Snap","Loop","Gash"],"campfire_rested":1,"item_purchase_floors":[2,2,13,20,20],"current_hp_per_floor":[64,64,69,69,69,69,69,69,69,53,53,51,51,46,46,46,69,62,62,62,31,31,53,53,53,53,38,38,33,33,33,33,0],"gold":72,"neow_bonus":"THREE_ENEMY_KILL","is_prod":false,"is_daily":false,"chose_seed":false,"campfire_upgraded":6,"win_rate":0,"timestamp":1552573798,"path_taken":["M","$","?","M","?","R","E","R","T","E","M","M","?","M","R","BOSS","M","M","$","M","?","R","?","?","T","?","R","E","R","M","R","BOSS"],"build_version":"2019-02-06","purchased_purges":1,"victory":false,"max_hp_per_floor":[71,71,76,76,76,76,76,76,76,76,76,76,76,76,76,76,76,76,76,76,76,76,76,76,76,76,38,38,38,38,38,38,38],"card_choices":[{"not_picked":["Sweeping Beam","Conserve Battery"],"picked":"Steam","floor":1},{"not_picked":["Turbo","Skim"],"picked":"Go for the Eyes","floor":4},{"not_picked":["Skim","Meteor Strike"],"picked":"Genetic Algorithm","floor":7},{"not_picked":["Leap","Barrage"],"picked":"Beam Cell","floor":10},{"not_picked":["Barrage","Coolheaded"],"picked":"Streamline","floor":11},{"not_picked":["Compile Driver","Go for the Eyes"],"picked":"Reboot","floor":12},{"not_picked":["Coolheaded","Stack"],"picked":"BootSequence","floor":14},{"not_picked":["Rainbow","Seek"],"picked":"All For One","floor":16},{"not_picked":["Compile Driver","Self Repair"],"picked":"Glacier+1","floor":18},{"not_picked":["BootSequence","Glacier"],"picked":"Beam Cell","floor":19},{"not_picked":["Rebound","Static Discharge+1"],"picked":"Undo","floor":21},{"not_picked":["Compile Driver","Redo"],"picked":"Loop","floor":29},{"not_picked":["Barrage","Redo","Go for the Eyes"],"picked":"SKIP","floor":31}],"player_experience":495527,"relics_obtained":[{"floor":7,"key":"Pocketwatch"},{"floor":9,"key":"Du-Vu Doll"},{"floor":10,"key":"Ornamental Fan"},{"floor":26,"key":"Pen Nib"},{"floor":29,"key":"Whetstone"}],"event_choices":[{"damage_healed":0,"gold_gain":0,"player_choice":"Donut","damage_taken":0,"max_hp_gain":5,"max_hp_loss":0,"event_name":"Big Fish","floor":3,"gold_loss":0},{"damage_healed":0,"gold_gain":0,"player_choice":"Grow","damage_taken":0,"max_hp_gain":0,"max_hp_loss":0,"event_name":"Living Wall","floor":5,"gold_loss":0,"cards_upgraded":["Sunder"]},{"damage_healed":0,"gold_gain":0,"player_choice":"Trade","damage_taken":0,"relics_obtained":["GremlinMask"],"max_hp_gain":0,"max_hp_loss":0,"event_name":"FaceTrader","floor":22,"gold_loss":0},{"damage_healed":0,"gold_gain":0,"player_choice":"Paid Fearfully","damage_taken":0,"max_hp_gain":0,"max_hp_loss":0,"event_name":"Masked Bandits","floor":25,"gold_loss":4},{"damage_healed":0,"gold_gain":0,"player_choice":"Became a Ghost","damage_taken":0,"max_hp_gain":0,"max_hp_loss":38,"event_name":"Ghosts","floor":27,"gold_loss":0,"cards_obtained":["Ghostly","Ghostly","Ghostly"]}],"is_beta":true,"boss_relics":[{"not_picked":["FrozenCore","Nuclear Battery"],"picked":"Cursed Key"}],"items_purged_floors":[24],"is_endless":false,"potions_floor_spawned":[4,7,10,14,18,31],"killed_by":"Automaton","ascension_level":17}