{"gold_per_floor":[114,130,149,160,175,175,186,186,210,226,252,177,238,203,203,277,277,217,217,217,217,217,217,217,217,217,217,217,132,132,132,132,132],"floor_reached":33,"playtime":2291,"items_purged":["Strike_R"],"score":593,"play_id":"1d0c1cd2-f0e6-4635-931a-1fba02e2a38f","local_time":"20190316102951","is_ascension_mode":true,"campfire_choices":[{"data":"Clothesline","floor":6,"key":"SMITH"},{"data":"Carnage","floor":8,"key":"SMITH"},{"data":"Armaments","floor":15,"key":"SMITH"},{"floor":25,"key":"REST"},{"data":"Pommel Strike","floor":27,"key":"SMITH"},{"data":"Bludgeon","floor":32,"key":"SMITH"}],"neow_cost":"NONE","seed_source_timestamp":196489145038416,"circlet_count":0,"master_deck":["AscendersBane","Defend_R","Defend_R","Defend_R","Defend_R","Bash","Shrug It Off","Iron Wave","Metallicize","Clothesline+1","Limit Break","Carnage+1","Battle Trance","Armaments+1","Fiend Fire","Pommel Strike+1","Shrug It Off","Impervious","Bite","Bite","Bite","Bite","Bite","Bludgeon+1","Necronomicurse","Pommel Strike","Anger","Immolate"],"relics":["Burning Blood","Happy Flower","Pen Nib","Tiny Chest","Ectoplasm","MawBank","Necronomicon","Kunai","Toxic Egg 2","Ginger"],"potions_floor_usage":[0,0,7,13,16,16,23,28,33],"damage_taken":[{"damage":2,"enemies":"Cultist","floor":1,"turns":4},{"damage":3,"enemies":"Small Slimes","floor":2,"turns":5},{"damage":0,"enemies":"2 Louse","floor":3,"turns":3},{"damage":9,"enemies":"Looter","floor":4,"turns":5},{"damage":3,"enemies":"2 Fungi Beasts","floor":5,"turns":5},{"damage":14,"enemies":"Exordium Wildlife","floor":7,"turns":8},{"damage":7,"enemies":"Looter","floor":10,"turns":3},{"damage":25,"enemies":"3 Sentries","floor":11,"turns":9},{"damage":30,"enemies":"Gremlin Nob","floor":13,"turns":4},{"damage":55,"enemies":"Hexaghost","floor":16,"turns":15},{"damage":11,"enemies":"2 Thieves","floor":18,"turns":4},{"damage":0,"enemies":"Spheric Guardian","floor":20,"turns":3},{"damage":13,"enemies":"Snake Plant","floor":21,"turns":4},{"damage":33,"enemies":"Book of Stabbing","floor":23,"turns":5},{"damage":32,"enemies":"Slavers","floor":28,"turns":5},{"damage":5,"enemies":"Chosen and Byrds","floor":30,"turns":5},{"damage":0,"enemies":"Centurion and Healer","floor":31,"turns":4},{"damage":57,"enemies":"Automaton","floor":33,"turns":6}],"seed_played":"-6294766544836200213","potions_obtained":[{"floor":0,"key":"Fruit Juice"},{"floor":0,"key":"Fruit Juice"},{"floor":0,"key":"FairyPotion"},{"floor":1,"key":"Regen Potion"},{"floor":3,"key":"SkillPotion"},{"floor":11,"key":"FearPotion"},{"floor":13,"key":"SkillPotion"},{"floor":16,"key":"Dexterity Potion"},{"floor":18,"key":"Fire Potion"},{"floor":20,"key":"Strength Potion"},{"floor":30,"key":"Energy Potion"}],"is_trial":false,"path_per_floor":["M","M","M","M","M","R","M","R","T","M","E","$","E","?","R","B",null,"M","?","M","M","?","E","?","R","T","R","E","?","M","M","R","B"],"character_chosen":"IRONCLAD","items_purchased":[],"campfire_rested":1,"item_purchase_floors":[],"current_hp_per_floor":[82,85,85,82,85,85,77,77,77,76,57,57,33,54,54,20,69,64,64,70,63,59,43,22,39,39,39,19,19,30,44,44,0],"gold":132,"neow_bonus":"THREE_SMALL_POTIONS","is_prod":false,"is_daily":false,"chose_seed":false,"campfire_upgraded":5,"win_rate":0,"timestamp":1552746591,"path_taken":["M","M","M","M","M","R","M","R","T","M","E","?","E","?","R","BOSS","M","?","M","M","?","E","?","R","T","R","E","?","?","M","R","BOSS"],"build_version":"2019-03-15","purchased_purges":1,"victory":false,"max_hp_per_floor":[85,85,85,85,85,85,85,85,85,85,85,85,85,85,85,85,85,85,85,85,85,59,59,59,59,59,59,59,59,59,59,59,59],"card_choices":[{"not_picked":["Clash","Heavy Blade"],"picked":"Shrug It Off","floor":1},{"not_picked":["Havoc","Warcry"],"picked":"Iron Wave","floor":2},{"not_picked":["True Grit","Sentinel"],"picked":"Metallicize","floor":3},{"not_picked":["Second Wind","Sever Soul"],"picked":"Clothesline","floor":4},{"not_picked":["Warcry","Perfected Strike"],"picked":"Limit Break","floor":5},{"not_picked":["Perfected Strike","Armaments"],"picked":"Carnage","floor":7},{"not_picked":["Perfected Strike","Carnage","Clothesline"],"picked":"SKIP","floor":10},{"not_picked":["Perfected Strike","Shrug It Off"],"picked":"Battle Trance","floor":11},{"not_picked":["Body Slam","Evolve"],"picked":"Armaments","floor":13},{"not_picked":["Exhume","Brutality"],"picked":"Fiend Fire","floor":16},{"not_picked":["Warcry","Heavy Blade"],"picked":"Pommel Strike","floor":18},{"not_picked":["Armaments","Havoc"],"picked":"Shrug It Off","floor":20},{"not_picked":["Flame Barrier","True Grit+1"],"picked":"Impervious","floor":21},{"not_picked":["Burning Pact","Reckless Charge"],"picked":"Bludgeon","floor":23},{"not_picked":["Clothesline","Thunderclap"],"picked":"Pommel Strike","floor":28},{"not_picked":["Entrench+1","Havoc+1"],"picked":"Anger","floor":30},{"not_picked":["Power Through+1","Shrug It Off+1"],"picked":"Immolate","floor":31}],"player_experience":528824,"relics_obtained":[{"floor":9,"key":"Happy Flower"},{"floor":11,"key":"Pen Nib"},{"floor":13,"key":"Tiny Chest"},{"floor":23,"key":"MawBank"},{"floor":24,"key":"Necronomicon"},{"floor":26,"key":"Kunai"},{"floor":28,"key":"Toxic Egg 2"}],"event_choices":[{"damage_healed":21,"gold_gain":0,"player_choice":"Healed","damage_taken":0,"max_hp_gain":0,"max_hp_loss":0,"event_name":"The Cleric","floor":14,"gold_loss":35},{"damage_healed":0,"gold_gain":0,"player_choice":"Ignored","damage_taken":0,"max_hp_gain":0,"max_hp_loss":0,"event_name":"Ghosts","floor":19,"gold_loss":0},{"damage_healed":0,"gold_gain":0,"player_choice":"Became a vampire","damage_taken":0,"max_hp_gain":0,"max_hp_loss":26,"event_name":"Vampires","floor":22,"gold_loss":0,"cards_obtained":["Bite","Bite","Bite","Bite","Bite"]},{"damage_healed":0,"gold_gain":0,"player_choice":"Obtained Book","damage_taken":21,"max_hp_gain":0,"max_hp_loss":0,"event_name":"Cursed Tome","floor":24,"gold_loss":0},{"damage_healed":0,"gold_gain":0,"player_choice":"Obtained Relic","damage_taken":0,"relics_obtained":["Ginger"],"max_hp_gain":0,"max_hp_loss":0,"event_name":"Addict","floor":29,"gold_loss":85}],"is_beta":true,"boss_relics":[{"not_picked":["Busted Crown","White Beast Statue"],"picked":"Ectoplasm"}],"items_purged_floors":[12],"is_endless":false,"potions_floor_spawned":[1,3,11,13,16,18,20,30],"killed_by":"Automaton","ascension_level":18}