{"gold_per_floor":[112,132,132,132,57,87,102,102,156,18,44,44,62,72,72,150,150,168,168,178,50,50,50,50],"floor_reached":24,"playtime":1527,"items_purged":["Strike_B","Strike_B"],"score":424,"play_id":"fce87bb4-6d25-419d-adf6-a903a7b0b1b5","local_time":"20190117233719","is_ascension_mode":true,"campfire_choices":[{"data":"Zap","floor":8.0,"key":"SMITH"},{"data":"Sunder","floor":12.0,"key":"SMITH"},{"floor":15.0,"key":"REST"},{"data":"Defragment","floor":23,"key":"SMITH"}],"neow_cost":"NONE","seed_source_timestamp":376328627917700,"circlet_count":0,"master_deck":["AscendersBane","Defend_B","Defend_B+1","Defend_B","Defend_B","Zap+1","Dualcast+1","Leap","Auto Shields","Conserve Battery","Sunder+1","Genetic Algorithm","Self Repair","Ball Lightning","Echo Form","Coolheaded+1","Defragment+1","Capacitor","Writhe"],"special_seed":0,"relics":["Cracked Core","NeowsBlessing","Smiling Mask","PreservedInsect","Dream Catcher","War Paint","Snecko Eye","Pantograph"],"potions_floor_usage":[],"damage_taken":[{"damage":0.0,"enemies":"2 Louse","floor":1.0,"turns":1.0},{"damage":0.0,"enemies":"Small Slimes","floor":2.0,"turns":1.0},{"damage":0.0,"enemies":"Gremlin Nob","floor":6.0,"turns":1.0},{"damage":2.0,"enemies":"Jaw Worm","floor":7.0,"turns":3.0},{"damage":21.0,"enemies":"Lagavulin","floor":11.0,"turns":4.0},{"damage":0.0,"enemies":"Looter","floor":13.0,"turns":2.0},{"damage":0.0,"enemies":"Large Slime","floor":14.0,"turns":4.0},{"damage":38.0,"enemies":"The Guardian","floor":16.0,"turns":12.0},{"damage":34.0,"enemies":"Chosen","floor":18.0,"turns":5.0},{"damage":22,"enemies":"2 Thieves","floor":20,"turns":3},{"damage":0,"enemies":"Centurion and Healer","floor":24,"turns":1}],"seed_played":"-2369688736428022066","potions_obtained":[{"floor":7.0,"key":"SteroidPotion"},{"floor":13.0,"key":"Energy Potion"},{"floor":14.0,"key":"SteroidPotion"},{"floor":16.0,"key":"Regen Potion"}],"is_trial":false,"path_per_floor":["M","M","?","?","?","E","M","R","T","$","E","R","M","M","R","B",null,"M","?","M","$","?","R","M"],"character_chosen":"DEFECT","items_purchased":["Sunder","Capacitor"],"campfire_rested":1,"item_purchase_floors":[10,21],"current_hp_per_floor":[64,64,46,46,46,46,44,44,44,44,23,23,23,30,51,20,58,38,38,23,23,23,23,23],"gold":50,"neow_bonus":"THREE_ENEMY_KILL","is_prod":false,"is_daily":false,"chose_seed":false,"campfire_upgraded":3,"win_rate":0,"timestamp":1547786239,"path_taken":["M","M","?","?","?","E","M","R","T","?","E","R","M","M","R","BOSS","M","?","M","$","?","R","M"],"build_version":"2019-01-17","purchased_purges":2,"victory":false,"max_hp_per_floor":[71,71,71,71,71,71,71,71,71,71,71,71,71,71,71,71,71,71,71,71,71,71,71,71],"card_choices":[{"not_picked":["Barrage","Cold Snap"],"picked":"Leap","floor":1.0},{"not_picked":["Streamline","Tempest","Sweeping Beam"],"picked":"SKIP","floor":2.0},{"not_picked":["Streamline","Tempest","Sweeping Beam"],"picked":"SKIP","floor":2.0},{"not_picked":["Buffer","Steam"],"picked":"Auto Shields","floor":6.0},{"not_picked":["Undo","Beam Cell"],"picked":"Conserve Battery","floor":7.0},{"not_picked":["Defragment","Cold Snap"],"picked":"Genetic Algorithm","floor":11.0},{"not_picked":["Leap","Chill"],"picked":"Self Repair","floor":13.0},{"not_picked":["Turbo","Go for the Eyes","Compile Driver"],"picked":"SKIP","floor":14.0},{"not_picked":["Blizzard","Rebound"],"picked":"Ball Lightning","floor":15.0},{"not_picked":["Amplify","Electrodynamics"],"picked":"Echo Form","floor":16.0},{"not_picked":["Turbo","Leap"],"picked":"Coolheaded+1","floor":18.0},{"not_picked":["Compile Driver+1","Gash"],"picked":"Defragment","floor":20}],"player_experience":475544,"relics_obtained":[{"floor":6.0,"key":"PreservedInsect"},{"floor":9.0,"key":"Dream Catcher"},{"floor":11.0,"key":"War Paint"}],"event_choices":[{"damage_healed":0.0,"max_hp_gain":0.0,"max_hp_loss":0.0,"gold_gain":0.0,"event_name":"Scrap Ooze","player_choice":"Success","floor":3.0,"gold_loss":0.0,"damage_taken":18.0,"relics_obtained":["Smiling Mask"]},{"damage_healed":0.0,"max_hp_gain":0.0,"max_hp_loss":0.0,"gold_gain":0.0,"event_name":"Liars Game","player_choice":"Ignored","floor":4.0,"gold_loss":0.0,"damage_taken":0.0},{"cards_removed":["Strike_B"],"damage_healed":0.0,"max_hp_gain":0.0,"max_hp_loss":0.0,"gold_gain":0.0,"event_name":"The Cleric","player_choice":"Card Removal","floor":5.0,"gold_loss":75.0,"damage_taken":0.0},{"cards_removed":["Strike_B"],"damage_healed":0.0,"max_hp_gain":0.0,"max_hp_loss":0.0,"gold_gain":0.0,"event_name":"Back to Basics","player_choice":"Elegance","floor":19.0,"gold_loss":0.0,"damage_taken":0.0},{"damage_healed":0,"gold_gain":0,"player_choice":"Opened","damage_taken":0,"relics_obtained":["Pantograph"],"max_hp_gain":0,"max_hp_loss":0,"event_name":"The Mausoleum","floor":22,"gold_loss":0,"cards_obtained":["Writhe"]}],"is_beta":false,"boss_relics":[{"not_picked":["Busted Crown","Coffee Dripper"],"picked":"Snecko Eye"}],"items_purged_floors":[10,21],"is_endless":false,"potions_floor_spawned":[7,13,14,16],"killed_by":"Centurion and Healer","ascension_level":17}