{"gold_per_floor":[361,274,199,218,229,229,256,256,256,272,288,288,298,327,327,401,401,421,421,421,434,434],"floor_reached":22,"playtime":809,"items_purged":[],"score":592,"play_id":"3a9fea7a-86eb-46a7-bc49-c9c8cd6cb47e","local_time":"20180921083034","is_ascension_mode":true,"campfire_choices":[{"data":"Dualcast","floor":6,"key":"SMITH"},{"floor":12,"key":"REST"},{"data":"Auto Shields","floor":15,"key":"SMITH"}],"neow_cost":"TEN_PERCENT_HP_LOSS","seed_source_timestamp":689639063894507,"circlet_count":0,"master_deck":["Strike_B+1","Strike_B","Strike_B","Defend_B","Defend_B","Defend_B","Defend_B+1","Zap+1","Dualcast+1","AscendersBane","Rip and Tear","Doom and Gloom","Auto Shields+1","Biased Cognition+1","Rip and Tear","Ball Lightning","Glacier","Echo Form","Writhe"],"relics":["Cracked Core","Matryoshka","Bag of Preparation","War Paint","Orichalcum","Nuclear Battery","Pear"],"potions_floor_usage":[],"damage_taken":[{"damage":5,"enemies":"Small Slimes","floor":1,"turns":3},{"damage":1,"enemies":"2 Louse","floor":4,"turns":2},{"damage":1,"enemies":"Jaw Worm","floor":5,"turns":3},{"damage":0,"enemies":"Gremlin Nob","floor":7,"turns":3},{"damage":4,"enemies":"2 Fungi Beasts","floor":10,"turns":3},{"damage":2,"enemies":"Lots of Slimes","floor":11,"turns":3},{"damage":0,"enemies":"Blue Slaver","floor":13,"turns":2},{"damage":0,"enemies":"Lagavulin","floor":14,"turns":5},{"damage":0,"enemies":"Slime Boss","floor":16,"turns":6},{"damage":21,"enemies":"2 Thieves","floor":18,"turns":3},{"damage":5,"enemies":"Spheric Guardian","floor":21,"turns":3},{"damage":36,"enemies":"Centurion and Healer","floor":22,"turns":5}],"seed_played":"-5950610168059015712","potions_obtained":[{"floor":1,"key":"Dexterity Potion"},{"floor":5,"key":"LiquidBronze"}],"is_trial":false,"path_per_floor":["M","$","?","M","M","R","E","?","T","M","M","R","M","E","R","B",null,"M","?","?","M"],"character_chosen":"DEFECT","items_purchased":["Doom and Gloom"],"campfire_rested":1,"item_purchase_floors":[2],"current_hp_per_floor":[59,59,59,58,57,57,57,38,38,34,32,51,51,51,51,51,61,40,23,33,28,0],"gold":434,"neow_bonus":"TWO_FIFTY_GOLD","is_prod":false,"is_daily":false,"chose_seed":false,"campfire_upgraded":2,"win_rate":0,"timestamp":1537533034,"path_taken":["M","$","?","M","M","R","E","?","T","M","M","R","M","E","R","BOSS","M","?","?","M","M"],"build_version":"2018-09-20","purchased_purges":0,"victory":false,"max_hp_per_floor":[64,64,64,64,64,64,64,64,64,64,64,64,64,64,64,64,64,64,69,79,79,79],"card_choices":[{"not_picked":["Double Energy","BootSequence"],"picked":"Rip and Tear","floor":1},{"not_picked":["Barrage","Doom and Gloom"],"picked":"Auto Shields","floor":4},{"not_picked":["Heatsinks","Static Discharge","Coolheaded"],"picked":"SKIP","floor":5},{"not_picked":["Streamline","Aggregate"],"picked":"Biased Cognition","floor":7},{"not_picked":["Consume","White Noise"],"picked":"Rip and Tear","floor":10},{"not_picked":["Hologram","Gash"],"picked":"Ball Lightning","floor":11},{"not_picked":["Capacitor","Sweeping Beam"],"picked":"Glacier","floor":13},{"not_picked":["Chill","Doom and Gloom","Streamline"],"picked":"SKIP","floor":14},{"not_picked":["Reboot","Hyperbeam"],"picked":"Echo Form","floor":16},{"not_picked":["Coolheaded","Streamline","Force Field"],"picked":"SKIP","floor":18},{"not_picked":["Consume","Heatsinks","Stack"],"picked":"SKIP","floor":21}],"player_experience":867690,"relics_obtained":[{"floor":7,"key":"Matryoshka"},{"floor":9,"key":"Bag of Preparation"},{"floor":9,"key":"War Paint"},{"floor":14,"key":"Orichalcum"}],"event_choices":[{"event_name":"The Cleric","player_choice":"Card Removal","floor":3,"damage_taken":0},{"event_name":"Shining Light","player_choice":"Entered Light","floor":8,"damage_taken":0},{"event_name":"Forgotten Altar","player_choice":"Shed Blood","floor":19,"damage_taken":0},{"event_name":"The Mausoleum","player_choice":"Yes","floor":20,"damage_taken":0}],"is_beta":false,"boss_relics":[{"not_picked":["Runic Pyramid","Eternal Feather"],"picked":"Nuclear Battery"}],"items_purged_floors":[],"is_endless":false,"potions_floor_spawned":[1,5,7,18],"killed_by":"Centurion and Healer","ascension_level":20}