{"gold_per_floor":[116,129,129,153,174,217,297,312,312,312,312],"floor_reached":11,"playtime":458,"items_purged":[],"score":86,"play_id":"a15fb087-c388-42cc-ac0b-7a961676d4d7","local_time":"20190111034218","is_ascension_mode":true,"campfire_choices":[],"neow_cost":"TEN_PERCENT_HP_LOSS","seed_source_timestamp":87294366012008,"circlet_count":0,"master_deck":["Strike_B","Strike_B","Strike_B","Strike_B","Defend_B","Defend_B","Defend_B","Defend_B","Zap","Dualcast","Rainbow","Gash","Glacier","Conserve Battery","Beam Cell","FTL","Fusion"],"relics":["Cracked Core","Golden Idol","Kunai","Tiny Chest","Shuriken","FaceOfCleric"],"potions_floor_usage":[6,11,11],"damage_taken":[{"damage":0,"enemies":"Cultist","floor":1,"turns":3},{"damage":9,"enemies":"2 Louse","floor":2,"turns":3},{"damage":7,"enemies":"Jaw Worm","floor":4,"turns":2},{"damage":1,"enemies":"Exordium Wildlife","floor":5,"turns":4},{"damage":25,"enemies":"Gremlin Nob","floor":6,"turns":5},{"damage":5,"enemies":"2 Fungi Beasts","floor":8,"turns":4},{"damage":28,"enemies":"Gremlin Gang","floor":11,"turns":3}],"seed_played":"2109382022037749470","potions_obtained":[{"floor":2,"key":"Weak Potion"},{"floor":5,"key":"Strength Potion"},{"floor":6,"key":"Regen Potion"},{"floor":8,"key":"FearPotion"}],"is_trial":false,"path_per_floor":["M","M","?","M","M","E","T","M","T","?","M"],"character_chosen":"DEFECT","items_purchased":[],"campfire_rested":0,"item_purchase_floors":[],"current_hp_per_floor":[68,59,42,35,34,9,9,4,4,4,0],"gold":312,"neow_bonus":"THREE_RARE_CARDS","is_prod":false,"is_daily":false,"chose_seed":false,"campfire_upgraded":0,"win_rate":0,"timestamp":1547196138,"path_taken":["M","?","?","M","M","E","?","?","T","?","?"],"build_version":"2019-01-10","purchased_purges":0,"victory":false,"max_hp_per_floor":[68,68,68,68,68,68,68,68,68,68,68],"card_choices":[{"not_picked":["Meteor Strike","Creative AI"],"picked":"Rainbow","floor":0},{"not_picked":["Rebound","Streamline"],"picked":"Gash","floor":1},{"not_picked":["Coolheaded","Stack"],"picked":"Glacier","floor":2},{"not_picked":["Skim","Storm"],"picked":"Conserve Battery","floor":4},{"not_picked":["Redo","BootSequence"],"picked":"Beam Cell","floor":5},{"not_picked":["Cold Snap","Streamline"],"picked":"FTL","floor":6},{"not_picked":["Loop","Rebound"],"picked":"Fusion","floor":8}],"player_experience":180561,"relics_obtained":[{"floor":6,"key":"Kunai"},{"floor":7,"key":"Tiny Chest"},{"floor":9,"key":"Shuriken"}],"event_choices":[{"damage_healed":0,"gold_gain":0,"player_choice":"Take Damage","damage_taken":17,"relics_obtained":["Golden Idol"],"max_hp_gain":0,"max_hp_loss":0,"event_name":"Golden Idol","floor":3,"gold_loss":0},{"damage_healed":0,"gold_gain":0,"player_choice":"Trade","damage_taken":0,"relics_obtained":["FaceOfCleric"],"max_hp_gain":0,"max_hp_loss":0,"event_name":"FaceTrader","floor":10,"gold_loss":0}],"is_beta":true,"boss_relics":[],"items_purged_floors":[],"is_endless":false,"potions_floor_spawned":[2,5,6,8],"killed_by":"Gremlin Gang","ascension_level":3}