{"gold_per_floor":[113,132,3,21,39,39,67,95,95,112,112,130,162,177,177,280,280,295,295,25,25,25],"floor_reached":22,"playtime":1367,"items_purged":["Defend_B"],"score":284,"play_id":"8ac77ffc-9a63-4800-b2ee-794110427684","local_time":"20181223054252","is_ascension_mode":true,"campfire_choices":[{"data":"Zap","floor":6.0,"key":"SMITH"},{"floor":11.0,"key":"REST"},{"floor":15.0,"key":"REST"}],"neow_cost":"NONE","seed_source_timestamp":0,"circlet_count":0,"master_deck":["Defend_B","Defend_B","Zap+1","Dualcast","White Noise+1","White Noise+1","Compile Driver+1","Genetic Algorithm","Hologram","Melter","Cold Snap","Genetic Algorithm","Conserve Battery","Ball Lightning","Creative AI","Cold Snap","Machine Learning","Hologram+1","Storm","Glacier","Creative AI"],"special_seed":0,"relics":["Astrolabe","Peace Pipe","Odd Mushroom","Incense Burner","Unceasing Top","Inserter","Molten Egg 2","PrismaticShard"],"potions_floor_usage":[22],"damage_taken":[{"damage":2.0,"enemies":"Small Slimes","floor":1.0,"turns":4.0},{"damage":3.0,"enemies":"Jaw Worm","floor":2.0,"turns":4.0},{"damage":3.0,"enemies":"2 Louse","floor":4.0,"turns":3.0},{"damage":1.0,"enemies":"Looter","floor":5.0,"turns":3.0},{"damage":45.0,"enemies":"Gremlin Nob","floor":7.0,"turns":4.0},{"damage":1.0,"enemies":"The Mushroom Lair","floor":8.0,"turns":4.0},{"damage":5.0,"enemies":"Exordium Wildlife","floor":10.0,"turns":4.0},{"damage":10.0,"enemies":"3 Louse","floor":12.0,"turns":4.0},{"damage":16.0,"enemies":"Lagavulin","floor":13.0,"turns":7.0},{"damage":3.0,"enemies":"Lots of Slimes","floor":14.0,"turns":4.0},{"damage":20.0,"enemies":"Hexaghost","floor":16.0,"turns":10.0},{"damage":2.0,"enemies":"2 Thieves","floor":18.0,"turns":5.0},{"damage":17,"enemies":"Colosseum Slavers","floor":22,"turns":5},{"damage":39,"enemies":"Colosseum Nobs","floor":22,"turns":5}],"seed_played":"-3757789861399218741","potions_obtained":[{"floor":1.0,"key":"SkillPotion"},{"floor":2.0,"key":"EssenceOfSteel"},{"floor":7.0,"key":"Ancient Potion"},{"floor":10.0,"key":"PowerPotion"},{"floor":14.0,"key":"FocusPotion"},{"floor":18.0,"key":"SpeedPotion"}],"is_trial":false,"path_per_floor":["M","M","$","M","M","R","E","?","T","M","R","M","E","M","R","B",null,"M","?","$","?","?"],"character_chosen":"DEFECT","items_purchased":["Hologram","Storm","PrismaticShard"],"campfire_rested":2,"item_purchase_floors":[3,20,20],"current_hp_per_floor":[66,63,63,60,59,59,14,13,13,8,30,20,4,1,23,3,57,55,55,55,55,0],"gold":25,"neow_bonus":"BOSS_RELIC","is_prod":false,"is_daily":false,"chose_seed":false,"campfire_upgraded":1,"win_rate":0,"timestamp":1545561772,"path_taken":["M","M","$","M","M","R","E","?","T","M","R","M","E","M","R","BOSS","M","?","$","?","?"],"build_version":"2018-12-20","purchased_purges":1,"victory":false,"max_hp_per_floor":[75,75,75,75,75,75,75,75,75,75,75,75,75,75,75,75,75,75,75,75,75,75],"card_choices":[{"not_picked":["Hologram","Doom and Gloom"],"picked":"Genetic Algorithm","floor":1.0},{"not_picked":["Stack","Consume","Reinforced Body"],"picked":"SKIP","floor":2.0},{"not_picked":["Barrage","Steam Power"],"picked":"Melter","floor":4.0},{"not_picked":["Blizzard","Compile Driver"],"picked":"Cold Snap","floor":5.0},{"not_picked":["Conserve Battery","Tempest"],"picked":"Genetic Algorithm","floor":7.0},{"not_picked":["Gash","Cold Snap"],"picked":"Conserve Battery","floor":10.0},{"not_picked":["Steam","Consume"],"picked":"Ball Lightning","floor":12.0},{"not_picked":["Go for the Eyes","Cold Snap"],"picked":"Creative AI","floor":13.0},{"not_picked":["Steam","Beam Cell"],"picked":"Cold Snap","floor":14.0},{"not_picked":["Biased Cognition","Meteor Strike"],"picked":"Machine Learning","floor":16.0},{"not_picked":["BootSequence+1","Beam Cell"],"picked":"Hologram+1","floor":18.0}],"player_experience":324818,"relics_obtained":[{"floor":7.0,"key":"Peace Pipe"},{"floor":8.0,"key":"Odd Mushroom"},{"floor":9.0,"key":"Incense Burner"},{"floor":13.0,"key":"Unceasing Top"}],"event_choices":[{"damage_healed":0.0,"max_hp_gain":0.0,"max_hp_loss":0.0,"gold_gain":0.0,"event_name":"Mushrooms","player_choice":"Fought Mushrooms","floor":8.0,"gold_loss":0.0,"damage_taken":0.0},{"damage_healed":0.0,"max_hp_gain":0.0,"max_hp_loss":0.0,"gold_gain":0.0,"event_name":"The Mausoleum","player_choice":"Opened","floor":19.0,"gold_loss":0.0,"damage_taken":0.0,"relics_obtained":["Molten Egg 2"]},{"damage_healed":0.0,"max_hp_gain":0.0,"max_hp_loss":0.0,"gold_gain":0.0,"cards_transformed":["Strike_B","Defend_B"],"event_name":"Drug Dealer","player_choice":"Became Test Subject","floor":21.0,"gold_loss":0.0,"damage_taken":0.0,"cards_obtained":["Glacier","Creative AI"]},{"damage_healed":0,"gold_gain":0,"player_choice":"Fight","damage_taken":0,"max_hp_gain":0,"max_hp_loss":0,"event_name":"Colosseum","floor":22,"gold_loss":0},{"damage_healed":0,"gold_gain":0,"player_choice":"Fought Nobs","damage_taken":0,"max_hp_gain":0,"max_hp_loss":0,"event_name":"Colosseum","floor":22,"gold_loss":0}],"is_beta":false,"boss_relics":[{"not_picked":["Tiny House","Empty Cage"],"picked":"Inserter"}],"items_purged_floors":[3],"is_endless":false,"potions_floor_spawned":[1,2,7,10,14,18],"killed_by":"Colosseum Nobs","ascension_level":9}