{"gold_per_floor":[118,293,293,293,8,8,42,55,80,80,97,97,130,142,154,166],"floor_reached":16,"playtime":499,"items_purged":["Strike_R"],"score":190,"play_id":"1ce4e9bb-a1d9-48f2-965b-ca0c7ffee10e","local_time":"20190125153530","is_ascension_mode":true,"campfire_choices":[{"data":"Armaments","floor":6,"key":"SMITH"},{"data":"Searing Blow","floor":10,"key":"SMITH"},{"data":"Searing Blow+1","floor":15,"key":"SMITH"}],"neow_cost":"NONE","seed_source_timestamp":52246069730789,"circlet_count":0,"master_deck":["Strike_R","Strike_R","Strike_R","Strike_R","Defend_R","Defend_R","Defend_R","Defend_R","Bash","Searing Blow+2","Armaments+1","Burning Pact","Pommel Strike","Shockwave","Seeing Red"],"relics":["Burning Blood","NeowsBlessing","Vajra","Happy Flower","Dream Catcher","Du-Vu Doll","MawBank"],"potions_floor_usage":[16],"damage_taken":[{"damage":0,"enemies":"2 Louse","floor":1,"turns":1},{"damage":0,"enemies":"Gremlin Nob","floor":7,"turns":1},{"damage":0,"enemies":"Small Slimes","floor":8,"turns":1},{"damage":0,"enemies":"Jaw Worm","floor":11,"turns":3},{"damage":25,"enemies":"3 Sentries","floor":13,"turns":9},{"damage":69,"enemies":"Slime Boss","floor":16,"turns":11}],"seed_played":"6130340234399616019","potions_obtained":[{"floor":7,"key":"SteroidPotion"}],"is_trial":false,"path_per_floor":["M","?","?","?","$","R","E","M","T","R","M","?","E","$","R","B"],"character_chosen":"IRONCLAD","items_purchased":["Vajra","Armaments"],"campfire_rested":0,"item_purchase_floors":[5,5],"current_hp_per_floor":[78,78,83,76,76,76,82,85,85,85,85,82,63,63,63,0],"gold":166,"neow_bonus":"THREE_ENEMY_KILL","is_prod":false,"is_daily":false,"chose_seed":false,"campfire_upgraded":3,"win_rate":0,"timestamp":1548448530,"path_taken":["M","?","?","?","$","R","E","M","T","R","M","?","E","$","R","BOSS"],"build_version":"2019-01-23","purchased_purges":1,"victory":false,"max_hp_per_floor":[80,80,85,85,85,85,85,85,85,85,85,85,85,85,85,85],"card_choices":[{"not_picked":["Clash","Iron Wave"],"picked":"Searing Blow","floor":1},{"not_picked":["Reckless Charge","Iron Wave"],"picked":"Burning Pact","floor":7},{"not_picked":["Pummel","Rage"],"picked":"Pommel Strike","floor":8},{"not_picked":["Anger","Evolve"],"picked":"Shockwave","floor":11},{"not_picked":["Brutality","Corruption"],"picked":"Seeing Red","floor":13}],"player_experience":255922,"relics_obtained":[{"floor":7,"key":"Happy Flower"},{"floor":9,"key":"Dream Catcher"},{"floor":13,"key":"MawBank"}],"event_choices":[{"damage_healed":0,"gold_gain":175,"player_choice":"AGREE","damage_taken":0,"max_hp_gain":0,"max_hp_loss":0,"event_name":"Liars Game","floor":2,"gold_loss":0,"cards_obtained":["Doubt"]},{"damage_healed":0,"gold_gain":0,"player_choice":"Donut","damage_taken":0,"max_hp_gain":5,"max_hp_loss":0,"event_name":"Big Fish","floor":3,"gold_loss":0},{"cards_removed":["Doubt"],"damage_healed":0,"gold_gain":0,"player_choice":"Card Removal","damage_taken":7,"max_hp_gain":0,"max_hp_loss":0,"event_name":"Golden Wing","floor":4,"gold_loss":0},{"damage_healed":0,"gold_gain":0,"player_choice":"Success","damage_taken":3,"relics_obtained":["Du-Vu Doll"],"max_hp_gain":0,"max_hp_loss":0,"event_name":"Scrap Ooze","floor":12,"gold_loss":0}],"is_beta":true,"boss_relics":[],"items_purged_floors":[5],"is_endless":false,"potions_floor_spawned":[7],"killed_by":"Slime Boss","ascension_level":9}