{"path_per_floor":["M","$","?","M","M","R","?","R","T","R","E","?","M","?","R","B",null,"M","M","?","?","M","E","R","M","T","M","M","$","R","T","R","B",null,"M","$","?","?","?","M","R","E","T","M","?","R","T","M","R","B"],"character_chosen":"THE_SILENT","items_purchased":["Acrobatics","Centennial Puzzle","Kunai"],"gold_per_floor":[117,19,19,32,48,48,48,48,72,72,107,107,118,118,118,213,213,228,245,160,160,171,201,201,221,221,234,251,3,3,26,26,124,424,435,78,0,0,0,17,17,45,68,83,83,83,83,100,100,100],"floor_reached":51,"campfire_rested":2,"playtime":4482,"current_hp_per_floor":[70,70,70,70,70,70,70,70,70,70,58,63,54,21,43,33,75,59,58,58,58,64,69,69,59,59,42,56,56,56,56,82,80,89,89,89,89,79,79,56,56,52,52,57,57,57,57,72,72,47],"items_purged":["Defend_G","Pain"],"gold":100,"play_id":"b1ac9c15-4151-4f3a-bfae-583965faa53d","is_prod":false,"is_daily":false,"is_ascension_mode":false,"campfire_upgraded":7,"path_taken":["M","$","?","?","M","R","?","R","T","R","E","?","?","?","R","BOSS","M","M","?","?","M","E","R","?","T","M","M","$","R","?","R","BOSS","M","$","?","?","?","?","R","E","T","M","?","R","?","M","R","BOSS"],"build_version":"2018-01-25-PROD3","purchased_purges":2,"victory":true,"master_deck":["Defend_G","Defend_G","Defend_G","Survivor+1","Neutralize+1","Well Laid Plans","Acrobatics+1","Poisoned Stab","Flying Knee+1","Outmaneuver+1","Phantasmal Killer+1","Backflip","Venomology","Dagger Spray+1","Dash+1","Bite_G","Bite_G","Bite_G","Bite_G","Bite_G","Noxious Fumes+1","Predator","Sucker Punch+1","PiercingWail+1","Envenom","Decay","Madness+1","Madness","Acrobatics+1","Terror+1"],"max_hp_per_floor":[70,70,70,70,70,70,70,70,70,70,70,75,75,75,75,75,75,75,75,75,75,75,89,89,89,89,89,89,89,89,89,89,89,89,91,91,91,91,91,91,91,93,93,95,95,95,95,95,95,95],"relics":["Ring of the Snake","Toxic Egg","Bag of Marbles","Philosopher\u0027s Stone","Lantern","Mango","Calipers","Centennial Puzzle","Ancient Tea Set","Calling Bell","Singing Bowl","Meat on the Bone","Old Coin","Kunai","Red Mask","Anchor","Art of War","Girya"],"card_choices":[{"not_picked":["Eviscerate","Endless Agony"],"picked":"Well Laid Plans"},{"not_picked":["Finisher","Dagger Throw"],"picked":"Poisoned Stab"},{"not_picked":["Acrobatics","Choke"],"picked":"Flying Knee"},{"not_picked":["Infinite Blades","Prepared"],"picked":"Phantasmal Killer"},{"not_picked":["Slice","Underhanded Strike"],"picked":"Backflip"},{"not_picked":["Tactician","Wraith Form"],"picked":"Venomology"},{"not_picked":["Underhanded Strike","Terror"],"picked":"Dagger Spray"},{"not_picked":["Deflect","Bane"],"picked":"Dash"},{"not_picked":["Catalyst","Backflip"],"picked":"Noxious Fumes"},{"not_picked":["Masterful Stab","Unload"],"picked":"Predator"},{"not_picked":["Prepared","Dodge and Roll"],"picked":"Sucker Punch"},{"not_picked":["Slice","Accuracy"],"picked":"PiercingWail"},{"not_picked":["Bullet Time","Corpse Explosion"],"picked":"Envenom"},{"not_picked":["Outmaneuver","Predator"],"picked":"Acrobatics"},{"not_picked":["Crippling Poison","Riddle With Holes"],"picked":"Terror"}],"player_experience":135495,"potions_floor_usage":[11,13,16,19,22,22,23,23,23,25,27,28,40,42,42,42,42,44,50,50,50],"damage_taken":[{"damage":0,"enemies":"2 Louse","floor":1,"turns":4},{"damage":0,"enemies":"Blue Slaver","floor":4,"turns":6},{"damage":0,"enemies":"Jaw Worm","floor":5,"turns":4},{"damage":27,"enemies":"3 Sentries","floor":11,"turns":8},{"damage":11,"enemies":"Lots of Slimes","floor":13,"turns":4},{"damage":21,"enemies":"Slime Boss","floor":16,"turns":6},{"damage":16,"enemies":"Spheric Guardian","floor":18,"turns":4},{"damage":3,"enemies":"Shell Parasite","floor":19,"turns":4},{"damage":2,"enemies":"3 Cultists","floor":22,"turns":5},{"damage":19,"enemies":"Gremlin Leader","floor":23,"turns":4},{"damage":16,"enemies":"Snake Plant","floor":25,"turns":3},{"damage":25,"enemies":"Sentry and Sphere","floor":27,"turns":4},{"damage":0,"enemies":"Centurion and Healer","floor":28,"turns":4},{"damage":25,"enemies":"Champ","floor":33,"turns":11},{"damage":5,"enemies":"3 Shapes","floor":35,"turns":5},{"damage":31,"enemies":"3 Darklings","floor":40,"turns":4},{"damage":31,"enemies":"2 Orb Walkers","floor":42,"turns":5},{"damage":13,"enemies":"4 Shapes","floor":44,"turns":6},{"damage":1,"enemies":"Maw","floor":48,"turns":8},{"damage":59,"enemies":"Donu and Deca","floor":50,"turns":9}],"event_choices":[{"event_name":"Accursed Blacksmith","player_choice":"Forge","floor":3,"damage_taken":0},{"event_name":"Living Wall","player_choice":"Change","floor":7,"damage_taken":0},{"event_name":"Big Fish","player_choice":"Donut","floor":12,"damage_taken":0},{"event_name":"Scrap Ooze","player_choice":"success","floor":14,"damage_taken":33},{"event_name":"Addict","player_choice":"Obtained Relic","floor":20,"damage_taken":0},{"event_name":"Vampires","player_choice":"Became a vampire (Vial)","floor":21,"damage_taken":0},{"event_name":"Tomb of Lord Red Mask","player_choice":"Paid","floor":37,"damage_taken":0},{"event_name":"Winding Halls","player_choice":"Embrace Madness","floor":38,"damage_taken":0},{"event_name":"Purifier","player_choice":"One Purge","floor":45,"damage_taken":0}],"boss_relics":[{"not_picked":["The Specimen","Runic Pyramid"],"picked":"Philosopher\u0027s Stone"},{"not_picked":["Black Star","Velvet Choker"],"picked":"Calling Bell"}],"potions_floor_spawned":[1,4,5,18,19,22,28,35,40,42],"seed_played":"-3615850855981000357","ascension_level":0,"is_trial":false}