{"gold_per_floor":[118,134,134,134,161,173,220,232,267,279,318,330,119,269,269,269],"floor_reached":16,"playtime":411,"items_purged":[],"score":212,"play_id":"af8b4e8c-b79a-46ee-9c2f-91e2c272d41c","local_time":"20190316195210","is_ascension_mode":true,"campfire_choices":[{"data":"Sweeping Beam","floor":6,"key":"SMITH"},{"data":"Zap","floor":8,"key":"SMITH"},{"floor":10,"key":"REST"},{"data":"Coolheaded","floor":15,"key":"SMITH"}],"neow_cost":"NONE","seed_source_timestamp":314973293119084,"circlet_count":0,"master_deck":["AscendersBane","Strike_B","Strike_B","Strike_B+1","Strike_B","Defend_B+1","Defend_B","Defend_B+1","Defend_B","Zap+1","Dualcast","Cold Snap","Sweeping Beam+1","Sweeping Beam+1","Undo","Coolheaded+1"],"relics":["Cracked Core","Omamori","MawBank","Bronze Scales","War Paint","Prayer Wheel","Shuriken","Runic Capacitor"],"potions_floor_usage":[7,16],"damage_taken":[{"damage":2,"enemies":"Jaw Worm","floor":1,"turns":3},{"damage":4,"enemies":"2 Louse","floor":2,"turns":4},{"damage":0,"enemies":"Cultist","floor":5,"turns":3},{"damage":6,"enemies":"Gremlin Nob","floor":7,"turns":3},{"damage":20,"enemies":"3 Sentries","floor":11,"turns":5},{"damage":14,"enemies":"Hexaghost","floor":16,"turns":9}],"seed_played":"-7614187316163700734","potions_obtained":[{"floor":2,"key":"SpeedPotion"},{"floor":5,"key":"SteroidPotion"},{"floor":7,"key":"Swift Potion"}],"is_trial":false,"path_per_floor":["M","M","?","?","M","R","E","R","T","R","E","?","$","?","R","B"],"character_chosen":"DEFECT","items_purchased":["Runic Capacitor"],"campfire_rested":1,"item_purchase_floors":[13],"current_hp_per_floor":[62,58,37,37,37,37,31,31,31,52,32,14,14,14,14,0],"gold":269,"neow_bonus":"RANDOM_COMMON_RELIC","is_prod":false,"is_daily":false,"chose_seed":false,"campfire_upgraded":3,"win_rate":0,"timestamp":1552780330,"path_taken":["M","M","?","?","M","R","E","R","T","R","E","?","$","?","R","BOSS"],"build_version":"2019-03-15","purchased_purges":0,"victory":false,"max_hp_per_floor":[71,71,71,71,71,71,71,71,71,71,71,71,71,71,71,71],"card_choices":[{"not_picked":["Ball Lightning","Scrape"],"picked":"Cold Snap","floor":1},{"not_picked":["Fusion","Leap"],"picked":"Sweeping Beam","floor":2},{"not_picked":["Tempest","Stack"],"picked":"Sweeping Beam","floor":5},{"not_picked":["Beam Cell","Reboot"],"picked":"Undo","floor":7},{"not_picked":["Conserve Battery","Lockon"],"picked":"Coolheaded","floor":11}],"player_experience":1118525,"relics_obtained":[{"floor":7,"key":"Bronze Scales"},{"floor":9,"key":"War Paint"},{"floor":11,"key":"Prayer Wheel"}],"event_choices":[{"damage_healed":0,"gold_gain":0,"player_choice":"Entered Light","damage_taken":21,"max_hp_gain":0,"max_hp_loss":0,"event_name":"Shining Light","floor":3,"gold_loss":0,"cards_upgraded":["Strike_B","Sweeping Beam"]},{"damage_healed":0,"gold_gain":0,"player_choice":"Box","damage_taken":0,"relics_obtained":["MawBank"],"max_hp_gain":0,"max_hp_loss":0,"event_name":"Big Fish","floor":4,"gold_loss":0,"cards_obtained":["Regret"]},{"damage_healed":0,"gold_gain":0,"player_choice":"Success","damage_taken":18,"relics_obtained":["Shuriken"],"max_hp_gain":0,"max_hp_loss":0,"event_name":"Scrap Ooze","floor":12,"gold_loss":0},{"damage_healed":0,"gold_gain":150,"player_choice":"AGREE","damage_taken":0,"max_hp_gain":0,"max_hp_loss":0,"event_name":"Liars Game","floor":14,"gold_loss":0,"cards_obtained":["Doubt"]}],"is_beta":true,"boss_relics":[],"items_purged_floors":[],"is_endless":false,"potions_floor_spawned":[2,5,7],"killed_by":"Hexaghost","ascension_level":20}