{"gold_per_floor":[114,130,31,47,47,47,82,82,82,117,136,147,147,164,164,262,262,187,187,39,39,39,39,39,39,39,39,39,39,39,39,39,39,39,39,39,39,39,39,39,0,0,0,0,0,0,0,0,0,0],"floor_reached":51,"playtime":2457,"items_purged":["Defend_R"],"score":1283,"play_id":"f3d53afb-4eaa-4a34-97a7-dd2663475a2e","local_time":"20190201200628","is_ascension_mode":true,"campfire_choices":[{"data":"Bash","floor":6,"key":"SMITH"},{"data":"Disarm","floor":8,"key":"SMITH"},{"data":"Iron Wave","floor":15,"key":"SMITH"},{"data":"Headbutt","floor":24,"key":"SMITH"},{"data":"Body Slam","floor":27,"key":"SMITH"},{"data":"Feed","floor":32,"key":"SMITH"},{"floor":45,"key":"RECALL"},{"data":"Defend_R","floor":49,"key":"SMITH"}],"neow_cost":"TEN_PERCENT_HP_LOSS","seed_source_timestamp":92943683089586,"circlet_count":0,"master_deck":["AscendersBane","Strike_R","Strike_R","Defend_R+1","Defend_R","Defend_R+1","Bash+1","Thunderclap","Shrug It Off+1","Disarm+1","Iron Wave+1","Spot Weakness+1","Impervious+1","Shockwave+1","Pommel Strike+1","True Grit+1","Body Slam+1","Flame Barrier+1","Feed+1","Feel No Pain+1","Limit Break+1","Bandage Up+1","Warcry+1","Sentinel+1","Madness+1","Madness+1","Pommel Strike+1"],"relics":["Burning Blood","Frozen Egg 2","Toxic Egg 2","Pear","Bag of Marbles","Ectoplasm","Enchiridion","Blood Vial","Juzu Bracelet","Omamori","Dead Branch","Sozu","WarpedTongs","Boot","Red Mask","Vajra","Sundial"],"potions_floor_usage":[7,10,16,23,28,29],"damage_taken":[{"damage":1,"enemies":"Cultist","floor":1,"turns":4},{"damage":2,"enemies":"2 Louse","floor":2,"turns":3},{"damage":7,"enemies":"Jaw Worm","floor":4,"turns":3},{"damage":32,"enemies":"Gremlin Nob","floor":7,"turns":4},{"damage":34,"enemies":"Lagavulin","floor":10,"turns":7},{"damage":6,"enemies":"Red Slaver","floor":11,"turns":4},{"damage":4,"enemies":"Looter","floor":12,"turns":3},{"damage":19,"enemies":"3 Louse","floor":14,"turns":4},{"damage":6,"enemies":"Hexaghost","floor":16,"turns":8},{"damage":9,"enemies":"2 Thieves","floor":18,"turns":4},{"damage":2,"enemies":"Chosen","floor":21,"turns":5},{"damage":5,"enemies":"Slavers","floor":23,"turns":5},{"damage":4,"enemies":"Snake Plant","floor":25,"turns":4},{"damage":0,"enemies":"Chosen and Byrds","floor":28,"turns":4},{"damage":5,"enemies":"Gremlin Leader","floor":29,"turns":4},{"damage":13,"enemies":"Shelled Parasite and Fungi","floor":30,"turns":4},{"damage":3,"enemies":"Centurion and Healer","floor":31,"turns":5},{"damage":4,"enemies":"Automaton","floor":33,"turns":12},{"damage":0,"enemies":"Orb Walker","floor":35,"turns":3},{"damage":6,"enemies":"Reptomancer","floor":40,"turns":5},{"damage":8,"enemies":"Nemesis","floor":42,"turns":5},{"damage":0,"enemies":"3 Shapes","floor":44,"turns":2},{"damage":0,"enemies":"Jaw Worm Horde","floor":47,"turns":2},{"damage":34,"enemies":"Donu and Deca","floor":50,"turns":9}],"seed_played":"6245489389723738838","potions_obtained":[{"floor":1,"key":"Explosive Potion"},{"floor":7,"key":"Poison Potion"},{"floor":11,"key":"SteroidPotion"},{"floor":16,"key":"Fire Potion"},{"floor":21,"key":"PowerPotion"},{"floor":28,"key":"SkillPotion"},{"floor":31,"key":"SpeedPotion"}],"is_trial":false,"path_per_floor":["M","M","$","M","?","R","E","R","T","E","M","M","?","M","R","B",null,"M","?","$","M","?","E","R","M","T","R","M","E","M","M","R","B",null,"M","?","?","?","?","E","?","E","T","M","R","?","M","?","R","B",null],"character_chosen":"IRONCLAD","items_purchased":["Shrug It Off","Blood Vial"],"campfire_rested":0,"item_purchase_floors":[3,20],"current_hp_per_floor":[72,72,72,71,71,71,45,45,55,27,27,29,29,16,16,16,66,63,47,47,53,53,56,56,60,60,60,68,71,66,74,74,78,83,85,85,85,85,85,85,85,87,87,89,89,78,93,93,93,69],"gold":0,"neow_bonus":"REMOVE_TWO","is_prod":false,"is_daily":false,"chose_seed":false,"campfire_upgraded":7,"win_rate":0,"timestamp":1549069588,"path_taken":["M","?","$","M","?","R","E","R","T","E","?","M","?","?","R","BOSS","M","?","$","M","?","E","R","M","T","R","M","E","M","M","R","BOSS","M","?","?","?","?","E","?","E","T","M","R","?","M","?","R","BOSS"],"build_version":"2019-01-23","purchased_purges":1,"victory":true,"max_hp_per_floor":[72,72,72,72,72,72,72,72,82,82,82,82,82,82,82,82,82,82,82,82,82,82,82,82,82,82,82,82,82,82,85,85,85,85,85,85,85,85,85,85,85,89,89,89,89,89,93,93,93,97],"card_choices":[{"not_picked":["Clash","Havoc"],"picked":"Flex","floor":1},{"not_picked":["Rampage","Sword Boomerang"],"picked":"Thunderclap","floor":2},{"not_picked":["Havoc","Pommel Strike"],"picked":"Disarm","floor":4},{"not_picked":["Carnage","Sever Soul"],"picked":"Headbutt","floor":7},{"not_picked":["Anger","Berserk+1"],"picked":"Iron Wave","floor":10},{"not_picked":["Rupture+1","Heavy Blade","Clash"],"picked":"SKIP","floor":11},{"not_picked":["Flex+1","Wild Strike","Perfected Strike"],"picked":"SKIP","floor":12},{"not_picked":["Body Slam","Heavy Blade"],"picked":"Spot Weakness+1","floor":14},{"not_picked":["Brutality+1","Juggernaut+1"],"picked":"Impervious+1","floor":16},{"not_picked":["Havoc+1","Armaments+1"],"picked":"Shockwave+1","floor":18},{"not_picked":["Whirlwind","Iron Wave"],"picked":"Pommel Strike+1","floor":21},{"not_picked":["Heavy Blade","Anger"],"picked":"True Grit+1","floor":23},{"not_picked":["Searing Blow","Battle Trance+1"],"picked":"Body Slam","floor":25},{"not_picked":["Clothesline+1","Wild Strike"],"picked":"Flame Barrier+1","floor":28},{"not_picked":["Reckless Charge","Sentinel+1"],"picked":"Feed","floor":29},{"not_picked":["Heavy Blade","Iron Wave","Thunderclap"],"picked":"SKIP","floor":30},{"not_picked":["Sword Boomerang","Sever Soul+1"],"picked":"Feel No Pain+1","floor":31},{"not_picked":["Offering+1","Double Tap+1"],"picked":"Limit Break+1","floor":33},{"not_picked":["Thunderclap","Heavy Blade+1","Perfected Strike"],"picked":"SKIP","floor":35},{"not_picked":["HandOfGreed","Flash of Steel"],"picked":"Bandage Up+1","floor":38},{"not_picked":["Entrench+1","Thunderclap+1","Cleave"],"picked":"SKIP","floor":40},{"not_picked":["Headbutt","Wild Strike"],"picked":"Warcry+1","floor":42},{"not_picked":["Twin Strike","Clothesline"],"picked":"Sentinel+1","floor":44},{"not_picked":["Power Through+1","Headbutt+1"],"picked":"Pommel Strike+1","floor":47}],"player_experience":318331,"relics_obtained":[{"floor":7,"key":"Toxic Egg 2"},{"floor":9,"key":"Pear"},{"floor":10,"key":"Bag of Marbles"},{"floor":19,"key":"Enchiridion"},{"floor":23,"key":"Juzu Bracelet"},{"floor":26,"key":"Omamori"},{"floor":29,"key":"Dead Branch"},{"floor":40,"key":"Boot"},{"floor":42,"key":"Vajra"},{"floor":43,"key":"Sundial"}],"event_choices":[{"cards_removed":["Flex"],"damage_healed":0,"gold_gain":0,"player_choice":"Gave Card","damage_taken":0,"relics_obtained":["Frozen Egg 2"],"max_hp_gain":0,"max_hp_loss":0,"event_name":"WeMeetAgain","floor":5,"gold_loss":0},{"damage_healed":0,"gold_gain":0,"player_choice":"Upgraded","damage_taken":0,"max_hp_gain":0,"max_hp_loss":0,"event_name":"Upgrade Shrine","floor":13,"gold_loss":0,"cards_upgraded":["Shrug It Off"]},{"damage_healed":0,"gold_gain":0,"player_choice":"Obtained Book","damage_taken":16,"max_hp_gain":0,"max_hp_loss":0,"event_name":"Cursed Tome","floor":19,"gold_loss":0},{"damage_healed":0,"gold_gain":0,"player_choice":"Upgraded","damage_taken":0,"max_hp_gain":0,"max_hp_loss":0,"event_name":"Upgrade Shrine","floor":22,"gold_loss":0,"cards_upgraded":["Defend_R"]},{"cards_removed":["Strike_R"],"damage_healed":0,"gold_gain":0,"player_choice":"Offered Basic","damage_taken":0,"max_hp_gain":0,"max_hp_loss":0,"event_name":"Bonfire Elementals","floor":36,"gold_loss":0},{"damage_healed":0,"gold_gain":0,"player_choice":"Rummage","damage_taken":0,"relics_obtained":["WarpedTongs"],"max_hp_gain":0,"max_hp_loss":0,"event_name":"Accursed Blacksmith","floor":37,"gold_loss":0,"cards_obtained":["Pain"]},{"damage_healed":0,"gold_gain":0,"player_choice":"Memory 1","damage_taken":0,"max_hp_gain":0,"max_hp_loss":0,"event_name":"SensoryStone","floor":38,"gold_loss":0},{"damage_healed":0,"gold_gain":100,"player_choice":"Pray","damage_taken":0,"max_hp_gain":0,"max_hp_loss":0,"event_name":"Golden Shrine","floor":39,"gold_loss":0},{"damage_healed":0,"gold_gain":0,"player_choice":"Paid","damage_taken":0,"relics_obtained":["Red Mask"],"max_hp_gain":0,"max_hp_loss":0,"event_name":"Tomb of Lord Red Mask","floor":41,"gold_loss":39},{"damage_healed":0,"gold_gain":0,"player_choice":"Embrace Madness","damage_taken":11,"max_hp_gain":0,"max_hp_loss":0,"event_name":"Winding Halls","floor":46,"gold_loss":0,"cards_obtained":["Madness","Madness"]},{"cards_removed":["Headbutt"],"damage_healed":0,"gold_gain":0,"player_choice":"Removed Attack","damage_taken":0,"max_hp_gain":0,"max_hp_loss":0,"event_name":"Falling","floor":48,"gold_loss":0}],"is_beta":true,"boss_relics":[{"not_picked":["Coffee Dripper","White Beast Statue"],"picked":"Ectoplasm"},{"not_picked":["Snecko Eye","Busted Crown"],"picked":"Sozu"}],"items_purged_floors":[3],"is_endless":false,"potions_floor_spawned":[1,7,11,16,21,28,31,40,42],"ascension_level":10}