{"gold_per_floor":[109,128,203,203,219,219,235,235,280,314,326,326,326,344,344,344],"floor_reached":16,"playtime":302,"items_purged":[],"score":204,"play_id":"2e73b072-70c8-4a00-bddd-d69864de69cd","local_time":"20180921220032","is_ascension_mode":true,"campfire_choices":[{"data":"Sunder","floor":6.0,"key":"SMITH"},{"data":"Dualcast","floor":8,"key":"SMITH"},{"data":"Zap","floor":12,"key":"SMITH"},{"data":"Darkness","floor":15,"key":"SMITH"}],"neow_cost":"NONE","seed_source_timestamp":738723555454360,"circlet_count":0,"master_deck":["Strike_B","Strike_B","Defend_B","Defend_B","Defend_B","Defend_B","Zap+1","Dualcast+1","AscendersBane","Leap","Sunder+1","Redo","Conserve Battery","Ball Lightning","Leap","Darkness+1"],"special_seed":0,"relics":["Cracked Core","Potion Belt","Art of War"],"potions_floor_usage":[16],"damage_taken":[{"damage":5.0,"enemies":"Small Slimes","floor":1.0,"turns":3.0},{"damage":3.0,"enemies":"2 Louse","floor":2.0,"turns":2.0},{"damage":0.0,"enemies":"Cultist","floor":5.0,"turns":3.0},{"damage":1,"enemies":"3 Louse","floor":7,"turns":4},{"damage":8,"enemies":"Gremlin Nob","floor":10,"turns":3},{"damage":0,"enemies":"Looter","floor":11,"turns":2},{"damage":0,"enemies":"2 Fungi Beasts","floor":14,"turns":2},{"damage":43,"enemies":"Hexaghost","floor":16,"turns":7}],"seed_played":"2081235599219256976","potions_obtained":[{"floor":1.0,"key":"Ancient Potion"},{"floor":5.0,"key":"LiquidBronze"},{"floor":7,"key":"LiquidBronze"},{"floor":11,"key":"Ancient Potion"}],"is_trial":false,"path_per_floor":["M","M","?","?","M","R","M","R","T","E","M","R","?","M","R"],"character_chosen":"DEFECT","items_purchased":[],"campfire_rested":0,"item_purchase_floors":[],"current_hp_per_floor":[66,63,52,52,52,52,51,51,51,43,43,43,43,43,43,0],"gold":344,"neow_bonus":"TEN_PERCENT_HP_BONUS","is_prod":false,"is_daily":false,"chose_seed":false,"campfire_upgraded":4,"win_rate":0,"timestamp":1537581632,"path_taken":["M","M","?","?","?","R","M","R","T","E","?","R","?","?","R","BOSS"],"build_version":"2018-09-20","purchased_purges":0,"victory":false,"max_hp_per_floor":[78,78,78,78,78,78,78,78,78,78,78,78,78,78,78,78],"card_choices":[{"not_picked":["Aggregate","Hologram"],"picked":"Leap","floor":1.0},{"not_picked":["Coolheaded","Ball Lightning"],"picked":"Sunder","floor":2.0},{"not_picked":["Tempest","Heatsinks","Steam Power"],"picked":"SKIP","floor":5.0},{"not_picked":["Barrage","Leap"],"picked":"Conserve Battery","floor":7},{"not_picked":["Go for the Eyes","Chill"],"picked":"Ball Lightning","floor":10},{"not_picked":["Streamline","Tempest"],"picked":"Leap","floor":11},{"not_picked":["Turbo","White Noise"],"picked":"Darkness","floor":14}],"player_experience":877261,"relics_obtained":[{"floor":9,"key":"Potion Belt"},{"floor":10,"key":"Art of War"}],"event_choices":[{"event_name":"World of Goop","player_choice":"Gather Gold","floor":3.0,"damage_taken":0.0},{"event_name":"Living Wall","player_choice":"Change","floor":4.0,"damage_taken":0.0},{"event_name":"Purifier","player_choice":"One Purge","floor":13,"damage_taken":0}],"is_beta":false,"boss_relics":[],"items_purged_floors":[],"is_endless":false,"potions_floor_spawned":[1,5,7,11],"killed_by":"Hexaghost","ascension_level":20}