{"gold_per_floor":[116,291,311,311,311,311,351,23,101,121,171,195,5,30,30,149,149,133,153,153,78,91,91,91],"floor_reached":24,"playtime":1128,"items_purged":["Doubt","Regret"],"score":329,"play_id":"c84c7c08-2d2d-42fd-86fb-76b0c6fe6b4d","local_time":"20190205014639","is_ascension_mode":true,"campfire_choices":[{"data":"Zap","floor":6,"key":"SMITH"},{"data":"Impatience","floor":15,"key":"SMITH"},{"floor":23,"key":"REST"}],"neow_cost":"PERCENT_DAMAGE","seed_source_timestamp":72830619474508,"circlet_count":0,"master_deck":["AscendersBane","Strike_B","Strike_B+1","Strike_B+1","Strike_B","Defend_B","Defend_B","Defend_B","Defend_B","Zap+1","Dualcast","Thinking Ahead","Impatience+1","Gash","Go for the Eyes","Doom and Gloom","Panache","Cold Snap","Cold Snap","Steam","Conserve Battery","All For One","Parasite","Clumsy","Loop","Consume","Conserve Battery"],"relics":["Cracked Core","Golden Idol","Mango","Membership Card","Pantograph","Lee\u0027s Waffle","Vajra","Calling Bell","Singing Bowl","Art of War","Unceasing Top"],"potions_floor_usage":[7,19,24],"damage_taken":[{"damage":1,"enemies":"Cultist","floor":1,"turns":3},{"damage":5,"enemies":"Small Slimes","floor":3,"turns":4},{"damage":23,"enemies":"Gremlin Nob","floor":7,"turns":4},{"damage":9,"enemies":"Jaw Worm","floor":10,"turns":2},{"damage":16,"enemies":"3 Louse","floor":12,"turns":2},{"damage":21,"enemies":"Large Slime","floor":14,"turns":4},{"damage":28,"enemies":"The Guardian","floor":16,"turns":12},{"damage":21,"enemies":"2 Thieves","floor":18,"turns":4},{"damage":27,"enemies":"Chosen","floor":19,"turns":6},{"damage":18,"enemies":"Snake Plant","floor":22,"turns":6},{"damage":48,"enemies":"Book of Stabbing","floor":24,"turns":5}],"seed_played":"800501301818191280","potions_obtained":[{"floor":1,"key":"Regen Potion"},{"floor":3,"key":"Dexterity Potion"},{"floor":12,"key":"Energy Potion"},{"floor":19,"key":"Block Potion"}],"is_trial":false,"path_per_floor":["M","?","M","?","?","R","E","$","T","M","?","M","$","M","R","B",null,"M","M","?","$","M","R","E"],"character_chosen":"DEFECT","items_purchased":["Membership Card","Panache","Lee\u0027s Waffle","Vajra","Steam","Conserve Battery"],"campfire_rested":1,"item_purchase_floors":[8,8,13,13,13,21],"current_hp_per_floor":[49,49,44,29,29,29,32,32,32,23,23,7,90,69,69,62,83,62,35,35,35,19,46,0],"gold":91,"neow_bonus":"RANDOM_COLORLESS_2","is_prod":false,"is_daily":false,"chose_seed":false,"campfire_upgraded":2,"win_rate":0,"timestamp":1549349199,"path_taken":["M","?","M","?","?","R","E","?","T","M","?","M","$","M","R","BOSS","M","M","?","$","M","R","E"],"build_version":"2019-01-23","purchased_purges":2,"victory":false,"max_hp_per_floor":[75,75,75,75,69,69,83,83,83,83,83,83,90,90,90,90,90,90,90,90,90,92,92,92],"card_choices":[{"not_picked":["Rip and Tear","Cold Snap"],"picked":"Gash","floor":1},{"not_picked":["Beam Cell","Double Energy"],"picked":"Go for the Eyes","floor":3},{"not_picked":["Melter","Turbo"],"picked":"Doom and Gloom","floor":7},{"not_picked":["Skim","Leap"],"picked":"Cold Snap","floor":10},{"not_picked":["Steam","Darkness"],"picked":"Cold Snap","floor":12},{"not_picked":["Rebound","Streamline"],"picked":"Conserve Battery","floor":14},{"not_picked":["Multi-Cast","Rainbow"],"picked":"All For One","floor":16},{"not_picked":["Stack","Tempest"],"picked":"Loop","floor":18},{"not_picked":["Steam Power","Scrape"],"picked":"Consume","floor":19},{"not_picked":["Darkness","Coolheaded","Scrape"],"picked":"Singing Bowl","floor":22}],"player_experience":353872,"relics_obtained":[{"floor":7,"key":"Mango"},{"floor":9,"key":"Pantograph"},{"floor":17,"key":"Singing Bowl"},{"floor":17,"key":"Art of War"},{"floor":17,"key":"Unceasing Top"}],"event_choices":[{"damage_healed":0,"gold_gain":175,"player_choice":"AGREE","damage_taken":0,"max_hp_gain":0,"max_hp_loss":0,"event_name":"Liars Game","floor":2,"gold_loss":0,"cards_obtained":["Doubt"]},{"damage_healed":0,"gold_gain":0,"player_choice":"Entered Light","damage_taken":15,"max_hp_gain":0,"max_hp_loss":0,"event_name":"Shining Light","floor":4,"gold_loss":0,"cards_upgraded":["Strike_B","Strike_B"]},{"damage_healed":0,"gold_gain":0,"player_choice":"Lose Max HP","damage_taken":0,"relics_obtained":["Golden Idol"],"max_hp_gain":0,"max_hp_loss":6,"event_name":"Golden Idol","floor":5,"gold_loss":0},{"damage_healed":0,"gold_gain":50,"player_choice":"Gained Gold","damage_taken":0,"max_hp_gain":0,"max_hp_loss":0,"event_name":"Golden Wing","floor":11,"gold_loss":0},{"damage_healed":0,"gold_gain":0,"player_choice":"Bought 0 Potions","damage_taken":0,"max_hp_gain":0,"max_hp_loss":0,"event_name":"The Woman in Blue","floor":20,"gold_loss":0}],"is_beta":true,"boss_relics":[{"not_picked":["Eternal Feather","Ectoplasm"],"picked":"Calling Bell"}],"items_purged_floors":[8,21],"is_endless":false,"potions_floor_spawned":[1,3,12,18,19],"killed_by":"Book of Stabbing","ascension_level":11}