{"path_per_floor":["M","$","M","M","?","R","E","?","T","$","R","?","M","M","R","B",null,"M","M","M"],"character_chosen":"DEFECT","items_purchased":["Defragment","Hyperbeam"],"gold_per_floor":[119,44,59,79,29,29,64,139,139,66,66,66,86,101,101,197,197,210,220,239,239],"floor_reached":21,"campfire_rested":0,"playtime":809,"item_purchase_floors":[2,10],"current_hp_per_floor":[73,73,73,73,73,73,62,51,58,58,58,78,62,52,52,66,82,59,40,30,0],"items_purged":[],"gold":239,"score":231,"play_id":"bd3004ff-c5ba-4f14-8a1d-c006b15d859c","local_time":"20180608085119","is_prod":false,"is_daily":false,"chose_seed":false,"is_ascension_mode":false,"campfire_upgraded":3,"win_rate":0.0,"timestamp":1528473079,"campfire_choices":[{"data":"Zap","floor":6,"key":"SMITH"},{"data":"Hyperbeam","floor":11,"key":"SMITH"},{"data":"Storm","floor":15,"key":"SMITH"}],"path_taken":["M","$","M","M","?","R","E","?","T","$","R","?","M","M","R","BOSS","M","M","M","M"],"build_version":"2018-06-07","seed_source_timestamp":1413387593507365,"purchased_purges":0,"victory":false,"master_deck":["Strike_B","Strike_B","Defend_B","Defend_B","Zap+1","Dualcast","Defragment","Defragment","Redo","Heatsinks","Storm+1","Hyperbeam+1","Parasite","Redo","Reboot","Rip and Tear+1","Steam Power+1","Multi-Cast+1","Sunder","Beam Cell","Doom and Gloom+1"],"max_hp_per_floor":[75,75,75,75,75,75,75,75,82,82,82,82,82,82,82,82,82,82,82,82,82],"relics":["Cracked Core","Art of War","Shuriken","Strawberry","Astrolabe"],"card_choices":[{"not_picked":["Streamline","Blizzard"],"picked":"Defragment","floor":1},{"not_picked":["Rebound","Barrage"],"picked":"Redo","floor":3},{"not_picked":["Hologram","Scrape"],"picked":"Heatsinks","floor":4},{"not_picked":["Stack","Melter"],"picked":"Storm","floor":7},{"not_picked":["Steam","Glacier"],"picked":"Redo","floor":13},{"not_picked":["Compile Driver","Double Energy","Hello World"],"picked":"SKIP","floor":14},{"not_picked":["Thunder Strike","Fission"],"picked":"Reboot","floor":16},{"not_picked":["Stack","Rip and Tear+1"],"picked":"Sunder","floor":18},{"not_picked":["Force Field","Rip and Tear"],"picked":"Beam Cell","floor":19},{"not_picked":["Streamline","Gash+1"],"picked":"Doom and Gloom+1","floor":20}],"player_experience":159313,"potions_floor_usage":[7,16,19,21],"damage_taken":[{"damage":2,"enemies":"Jaw Worm","floor":1,"turns":4},{"damage":0,"enemies":"Small Slimes","floor":3,"turns":4},{"damage":0,"enemies":"Cultist","floor":4,"turns":4},{"damage":11,"enemies":"Lagavulin","floor":7,"turns":6},{"damage":16,"enemies":"Large Slime","floor":13,"turns":4},{"damage":10,"enemies":"Looter","floor":14,"turns":2},{"damage":0,"enemies":"Slime Boss","floor":16,"turns":6},{"damage":23,"enemies":"3 Byrds","floor":18,"turns":3},{"damage":19,"enemies":"Shell Parasite","floor":19,"turns":3},{"damage":10,"enemies":"Snecko","floor":20,"turns":3},{"damage":43,"enemies":"Slaver and Parasite","floor":21,"turns":2}],"relics_obtained":[{"floor":7,"key":"Shuriken"},{"floor":9,"key":"Strawberry"}],"event_choices":[{"event_name":"The Cleric","player_choice":"Card Removal","floor":5,"damage_taken":0},{"event_name":"World of Goop","player_choice":"Gather Gold","floor":8,"damage_taken":0},{"event_name":"Mushrooms","player_choice":"Healed and dodged fight","floor":12,"damage_taken":0}],"boss_relics":[{"not_picked":["Velvet Choker","Busted Crown"],"picked":"Astrolabe"}],"items_purged_floors":[],"potions_floor_spawned":[3,13,14,18,20],"seed_played":"3267031291240279638","killed_by":"Slaver and Parasite","ascension_level":0,"potions_obtained":[{"floor":3,"key":"Swift Potion"},{"floor":13,"key":"Regen Potion"},{"floor":14,"key":"FearPotion"},{"floor":18,"key":"Energy Potion"},{"floor":20,"key":"Energy Potion"}],"is_trial":false}