{"gold_per_floor":[113,63,63,238,238,272,17,17,17,17,27,27,27,37,37,133,133,151,167,167],"floor_reached":20,"playtime":507,"items_purged":[],"score":195,"play_id":"04228ec6-fd76-4dac-b0e9-881ec0d1ac63","local_time":"20190129050536","is_ascension_mode":false,"campfire_choices":[{"data":"Bash","floor":8,"key":"SMITH"},{"data":"Flex","floor":10,"key":"SMITH"},{"data":"Feed","floor":15,"key":"SMITH"}],"neow_cost":"NONE","seed_source_timestamp":166102814741773,"circlet_count":0,"master_deck":["Strike_R+1","Strike_R","Strike_R","Strike_R","Strike_R","Defend_R","Defend_R","Defend_R+1","Bash+1","Doubt","Flex+1","Inflame+1","Feed+1","Heavy Blade","Flex","Corruption+1","Heavy Blade+1"],"relics":["Burning Blood","NeowsBlessing","Happy Flower","Paper Frog","Frozen Egg 2","Potion Belt","Orrery"],"potions_floor_usage":[20],"damage_taken":[{"damage":0,"enemies":"Jaw Worm","floor":1,"turns":1},{"damage":0,"enemies":"Lagavulin","floor":6,"turns":1},{"damage":0,"enemies":"Small Slimes","floor":11,"turns":1},{"damage":0,"enemies":"2 Louse","floor":14,"turns":2},{"damage":70,"enemies":"Hexaghost","floor":16,"turns":9},{"damage":46,"enemies":"3 Byrds","floor":18,"turns":7},{"damage":41,"enemies":"Shell Parasite","floor":19,"turns":7},{"damage":19,"enemies":"Snecko","floor":20,"turns":3}],"seed_played":"-7415650999171664369","potions_obtained":[{"floor":1,"key":"Strength Potion"},{"floor":18,"key":"Weak Potion"}],"is_trial":false,"path_per_floor":["M","?","$","?","?","E","$","R","T","R","M","$","?","M","R","B",null,"M","M","M"],"character_chosen":"IRONCLAD","items_purchased":["Paper Frog"],"campfire_rested":0,"item_purchase_floors":[7],"current_hp_per_floor":[80,80,80,80,64,70,70,70,70,70,76,76,76,80,80,16,80,44,9,0],"gold":167,"neow_bonus":"THREE_ENEMY_KILL","is_prod":false,"is_daily":false,"chose_seed":false,"campfire_upgraded":3,"win_rate":0,"timestamp":1548767136,"path_taken":["M","?","?","?","?","E","$","R","T","R","?","$","?","M","R","BOSS","M","M","M"],"build_version":"2019-01-23","purchased_purges":0,"victory":false,"max_hp_per_floor":[80,80,80,80,80,80,80,80,80,80,80,80,80,80,80,80,80,84,84,84],"card_choices":[{"not_picked":["Perfected Strike","Sentinel","Wild Strike"],"picked":"SKIP","floor":1},{"not_picked":["Warcry","Blood for Blood"],"picked":"Flex","floor":6},{"not_picked":["Havoc","Flame Barrier"],"picked":"Inflame+1","floor":11},{"not_picked":["Shrug It Off","Rupture+1"],"picked":"Feed","floor":14},{"not_picked":["Blood for Blood","Armaments"],"picked":"Heavy Blade","floor":17},{"not_picked":["Rupture+1","Clash"],"picked":"Flex","floor":17},{"not_picked":["Feel No Pain+1","Evolve+1"],"picked":"Corruption+1","floor":17},{"not_picked":["Anger","Cleave","Warcry"],"picked":"SKIP","floor":18},{"not_picked":["Body Slam","Thunderclap"],"picked":"Heavy Blade+1","floor":19}],"player_experience":218894,"relics_obtained":[{"floor":6,"key":"Happy Flower"},{"floor":9,"key":"Frozen Egg 2"}],"event_choices":[{"cards_removed":["Defend_R"],"damage_healed":0,"gold_gain":0,"player_choice":"Card Removal","damage_taken":0,"max_hp_gain":0,"max_hp_loss":0,"event_name":"The Cleric","floor":2,"gold_loss":50},{"damage_healed":0,"gold_gain":175,"player_choice":"AGREE","damage_taken":0,"max_hp_gain":0,"max_hp_loss":0,"event_name":"Liars Game","floor":4,"gold_loss":0,"cards_obtained":["Doubt"]},{"damage_healed":0,"gold_gain":0,"player_choice":"Entered Light","damage_taken":16,"max_hp_gain":0,"max_hp_loss":0,"event_name":"Shining Light","floor":5,"gold_loss":0,"cards_upgraded":["Strike_R","Defend_R"]},{"damage_healed":0,"gold_gain":0,"player_choice":"Gave Potion","damage_taken":0,"relics_obtained":["Potion Belt"],"max_hp_gain":0,"max_hp_loss":0,"event_name":"WeMeetAgain","floor":13,"gold_loss":0}],"is_beta":false,"boss_relics":[{"not_picked":["Pandora\u0027s Box","Coffee Dripper"],"picked":"Orrery"}],"items_purged_floors":[],"is_endless":false,"potions_floor_spawned":[1,18],"killed_by":"Snecko","ascension_level":0}