{"gold_per_floor":[115,58,69,84,102,135,189,189,213,213,241,255,280,260,260,335,335,347,347,347,366,381,381,393,421,421,421,31,31],"floor_reached":29,"playtime":920,"items_purged":[],"score":526,"play_id":"65d0b153-4f50-4c38-887e-901aadd471f0","local_time":"20190322141726","is_ascension_mode":true,"campfire_choices":[{"floor":8.0,"key":"REST"},{"floor":10.0,"key":"REST"},{"data":"Static Discharge","floor":15.0,"key":"SMITH"},{"floor":23.0,"key":"REST"}],"neow_cost":"NONE","seed_source_timestamp":812666663587394,"circlet_count":0,"master_deck":["AscendersBane","Strike_B","Strike_B","Strike_B","Defend_B","Defend_B","Defend_B+1","Defend_B","Zap","Dualcast+1","Rebound","Static Discharge+1","Doom and Gloom","BootSequence","Creative AI","Chill","Defragment","Loop","Electrodynamics","Conserve Battery","Writhe","Ball Lightning","Ball Lightning+1","Coolheaded","Cold Snap","Ghostly","Ghostly","Ghostly"],"special_seed":0,"relics":["Cracked Core","Bottled Flame","Juzu Bracelet","Oddly Smooth Stone","Bronze Scales","Mercury Hourglass","Eternal Feather","War Paint","Anchor","Matryoshka","Runic Capacitor","Centennial Puzzle"],"potions_floor_usage":[29],"damage_taken":[{"damage":6.0,"enemies":"Cultist","floor":1.0,"turns":3.0},{"damage":12.0,"enemies":"Jaw Worm","floor":3.0,"turns":2.0},{"damage":9.0,"enemies":"Small Slimes","floor":4.0,"turns":3.0},{"damage":2.0,"enemies":"Exordium Thugs","floor":5.0,"turns":3.0},{"damage":25.0,"enemies":"3 Sentries","floor":6.0,"turns":5.0},{"damage":11.0,"enemies":"Lagavulin","floor":11.0,"turns":6.0},{"damage":16.0,"enemies":"Gremlin Gang","floor":12.0,"turns":2.0},{"damage":8.0,"enemies":"Gremlin Nob","floor":13.0,"turns":3.0},{"damage":28.0,"enemies":"Hexaghost","floor":16.0,"turns":6.0},{"damage":20.0,"enemies":"Spheric Guardian","floor":18.0,"turns":3.0},{"damage":8.0,"enemies":"2 Thieves","floor":21.0,"turns":3.0},{"damage":17.0,"enemies":"Sentry and Sphere","floor":22.0,"turns":5.0},{"damage":10.0,"enemies":"Chosen and Byrds","floor":24.0,"turns":3.0},{"damage":29.0,"enemies":"Slavers","floor":25.0,"turns":4.0},{"damage":7,"enemies":"Colosseum Slavers","floor":29,"turns":4},{"damage":33,"enemies":"Colosseum Nobs","floor":29,"turns":3}],"seed_played":"906392852323560372","potions_obtained":[{"floor":3.0,"key":"Poison Potion"},{"floor":13.0,"key":"FearPotion"},{"floor":14.0,"key":"Fruit Juice"},{"floor":18.0,"key":"Strength Potion"},{"floor":22.0,"key":"Poison Potion"},{"floor":24.0,"key":"SpeedPotion"}],"is_trial":false,"path_per_floor":["M","$","M","M","M","E","T","R","T","R","E","M","E","?","R","B",null,"M","?","?","M","M","R","M","E","T","?","$","?"],"character_chosen":"DEFECT","items_purchased":["FearPotion","Runic Capacitor","Centennial Puzzle"],"campfire_rested":3,"item_purchase_floors":[2,28,28],"current_hp_per_floor":[65,65,53,44,42,17,17,40,40,63,52,36,28,33,33,5,64,44,44,44,36,19,55,45,16,16,16,16,0],"gold":31,"neow_bonus":"TEN_PERCENT_HP_BONUS","is_prod":false,"is_daily":false,"chose_seed":false,"campfire_upgraded":1,"win_rate":0,"timestamp":1553278646,"path_taken":["M","?","?","?","M","E","?","R","T","R","E","M","E","?","R","BOSS","M","?","?","M","M","R","M","E","T","?","?","?"],"build_version":"2019-03-15","purchased_purges":0,"victory":false,"max_hp_per_floor":[78,78,78,78,78,78,78,78,78,78,78,78,78,83,83,83,83,83,83,83,83,83,83,83,83,83,41,41,41],"card_choices":[{"not_picked":["Go for the Eyes","Beam Cell"],"picked":"Rebound","floor":1.0},{"not_picked":["Turbo","Auto Shields"],"picked":"Static Discharge","floor":3.0},{"not_picked":["Stack","Scrape"],"picked":"Doom and Gloom","floor":4.0},{"not_picked":["Rebound","Leap"],"picked":"BootSequence","floor":5.0},{"not_picked":["Stack","Heatsinks"],"picked":"Creative AI","floor":6.0},{"not_picked":["Sweeping Beam","Rebound"],"picked":"Chill","floor":11.0},{"not_picked":["Ball Lightning","Leap"],"picked":"Defragment","floor":12.0},{"not_picked":["Melter","Stack"],"picked":"Loop","floor":13.0},{"not_picked":["Amplify","Multi-Cast"],"picked":"Electrodynamics","floor":16.0},{"not_picked":["Lockon","Stack"],"picked":"Conserve Battery","floor":18.0},{"not_picked":["Darkness","Chaos"],"picked":"Ball Lightning","floor":21.0},{"not_picked":["Redo","Scrape"],"picked":"Ball Lightning+1","floor":22.0},{"not_picked":["Rebound","Hologram"],"picked":"Coolheaded","floor":24.0},{"not_picked":["Hologram","Sweeping Beam"],"picked":"Cold Snap","floor":25.0}],"player_experience":1180027,"relics_obtained":[{"floor":6.0,"key":"Bottled Flame"},{"floor":7.0,"key":"Juzu Bracelet"},{"floor":9.0,"key":"Oddly Smooth Stone"},{"floor":11.0,"key":"Bronze Scales"},{"floor":13.0,"key":"Mercury Hourglass"},{"floor":25.0,"key":"Anchor"},{"floor":26.0,"key":"Matryoshka"}],"event_choices":[{"damage_healed":0.0,"max_hp_gain":0.0,"max_hp_loss":0.0,"gold_gain":0.0,"event_name":"The Woman in Blue","player_choice":"Bought 1 Potion","floor":14.0,"gold_loss":0.0,"damage_taken":0.0},{"cards_removed":["Strike_B"],"damage_healed":0.0,"max_hp_gain":0.0,"max_hp_loss":0.0,"gold_gain":0.0,"event_name":"Wheel of Change","player_choice":"Card Removal","floor":19.0,"gold_loss":0.0,"damage_taken":0.0},{"damage_healed":0.0,"max_hp_gain":0.0,"max_hp_loss":0.0,"gold_gain":0.0,"event_name":"The Mausoleum","player_choice":"Opened","floor":20.0,"gold_loss":0.0,"damage_taken":0.0,"relics_obtained":["War Paint"],"cards_obtained":["Writhe"]},{"damage_healed":0.0,"max_hp_gain":0.0,"max_hp_loss":42.0,"gold_gain":0.0,"event_name":"Ghosts","player_choice":"Became a Ghost","floor":27.0,"gold_loss":0.0,"damage_taken":0.0,"cards_obtained":["Ghostly","Ghostly","Ghostly"]},{"damage_healed":0,"gold_gain":0,"player_choice":"Fight","damage_taken":0,"max_hp_gain":0,"max_hp_loss":0,"event_name":"Colosseum","floor":29,"gold_loss":0},{"damage_healed":0,"gold_gain":0,"player_choice":"Fought Nobs","damage_taken":0,"max_hp_gain":0,"max_hp_loss":0,"event_name":"Colosseum","floor":29,"gold_loss":0}],"is_beta":true,"boss_relics":[{"not_picked":["Tiny House","Lizard Tail"],"picked":"Eternal Feather"}],"items_purged_floors":[],"is_endless":false,"potions_floor_spawned":[3,13,18,22,24,29],"killed_by":"Colosseum Nobs","ascension_level":20}