{"gold_per_floor":[112,125,1,15,26,60,129,129,156,189,202,202,219,234,234,338,338,349,1,19,19,37,37,50,50,101,111,111,122,122,136,136,241,241,258,258,258,277,277,277,290,306,360,360,373,373,30,30],"floor_reached":48,"playtime":2665,"items_purged":["Strike_B"],"score":497,"play_id":"235b6186-b293-432c-b9e7-a3c4cfd12a21","local_time":"20181104171925","is_ascension_mode":false,"campfire_choices":[{"data":"Discovery","floor":8,"key":"SMITH"},{"data":"Zap","floor":15,"key":"SMITH"},{"data":"Electrodynamics","floor":23,"key":"SMITH"},{"floor":28,"key":"REST"},{"data":"Redo","floor":30,"key":"SMITH"},{"data":"Consume","floor":32,"key":"SMITH"},{"data":"Iron Wave","floor":40,"key":"SMITH"},{"floor":44,"key":"REST"},{"floor":46,"key":"REST"}],"neow_cost":"PERCENT_DAMAGE","seed_source_timestamp":12202078759809,"circlet_count":0,"master_deck":["Strike_B","Strike_B","Defend_B","Defend_B","Defend_B","Defend_B","Zap+1","Dualcast","Discovery+1","Master of Strategy","BootSequence","Auto Shields","Compile Driver+1","Consume+1","Ball Lightning+1","Fusion","Self Repair","Self Repair","Redo+1","Hologram","Electrodynamics+1","Compile Driver","Recycle+1","Beam Cell","Streamline","Glacier","FTL","Cold Snap","Redo","Electrodynamics","Ball Lightning","Madness","Madness","Electrodynamics","Iron Wave+1","Consume","Ball Lightning","Rebound+1","Sunder","Rainbow"],"relics":["FrozenCore","Whetstone","Vajra","Lantern","WarpedTongs","Inserter","PreservedInsect","OrangePellets","Spirit Poop","Dream Catcher","Tiny Chest","ClockworkSouvenir"],"potions_floor_usage":[6,10,16,16,27,29,33,38,38],"damage_taken":[{"damage":6,"enemies":"Jaw Worm","floor":1,"turns":3},{"damage":0,"enemies":"Cultist","floor":2,"turns":4},{"damage":0,"enemies":"2 Louse","floor":4,"turns":2},{"damage":3,"enemies":"Red Slaver","floor":5,"turns":4},{"damage":18,"enemies":"3 Sentries","floor":6,"turns":4},{"damage":0,"enemies":"Gremlin Nob","floor":10,"turns":3},{"damage":5,"enemies":"Gremlin Gang","floor":11,"turns":4},{"damage":11,"enemies":"Exordium Thugs","floor":13,"turns":3},{"damage":0,"enemies":"2 Fungi Beasts","floor":14,"turns":2},{"damage":24,"enemies":"Slime Boss","floor":16,"turns":8},{"damage":4,"enemies":"Chosen","floor":18,"turns":3},{"damage":33,"enemies":"2 Thieves","floor":20,"turns":3},{"damage":39,"enemies":"3 Cultists","floor":22,"turns":5},{"damage":16,"enemies":"Sentry and Sphere","floor":24,"turns":5},{"damage":20,"enemies":"Shelled Parasite and Fungi","floor":27,"turns":4},{"damage":9,"enemies":"3 Cultists","floor":29,"turns":3},{"damage":7,"enemies":"Centurion and Healer","floor":31,"turns":6},{"damage":34,"enemies":"Collector","floor":33,"turns":9},{"damage":11,"enemies":"3 Shapes","floor":35,"turns":5},{"damage":26,"enemies":"3 Darklings","floor":38,"turns":6},{"damage":31,"enemies":"Transient","floor":41,"turns":5},{"damage":38,"enemies":"Sphere and 2 Shapes","floor":42,"turns":6},{"damage":40,"enemies":"Maw","floor":45,"turns":8},{"damage":37,"enemies":"3 Darklings","floor":48,"turns":3}],"seed_played":"978393680953309110","potions_obtained":[{"floor":1,"key":"Weak Potion"},{"floor":5,"key":"AttackPotion"},{"floor":6,"key":"Poison Potion"},{"floor":13,"key":"FairyPotion"},{"floor":14,"key":"Explosive Potion"},{"floor":18,"key":"Swift Potion"},{"floor":24,"key":"Explosive Potion"},{"floor":27,"key":"Dexterity Potion"},{"floor":33,"key":"Weak Potion"},{"floor":35,"key":"AttackPotion"},{"floor":38,"key":"Strength Potion"}],"is_trial":false,"path_per_floor":["M","M","$","M","M","E","?","R","T","E","M","?","M","M","R","B",null,"M","$","M","?","M","R","M","$","T","M","R","M","R","M","R","B",null,"M","?","?","M","?","R","M","M","T","R","M","R","$","M"],"character_chosen":"DEFECT","items_purchased":["Compile Driver","PreservedInsect","OrangePellets","ClockworkSouvenir","Rainbow"],"campfire_rested":3,"item_purchase_floors":[3,19,19,47,47],"current_hp_per_floor":[48,48,48,48,45,27,27,27,27,27,29,29,25,32,32,25,75,75,75,49,49,24,24,28,28,28,22,44,35,35,42,42,15,75,75,75,66,57,57,57,43,22,22,44,14,36,36,0],"gold":30,"neow_bonus":"RANDOM_COLORLESS_2","is_prod":false,"is_daily":false,"chose_seed":false,"campfire_upgraded":6,"win_rate":0.0,"timestamp":1541369965,"path_taken":["M","M","$","M","M","E","?","R","T","E","M","?","?","M","R","BOSS","M","$","M","?","M","R","M","$","T","M","R","?","R","?","R","BOSS","M","?","?","M","?","R","M","?","T","R","M","R","$","M"],"build_version":"2018-11-02","purchased_purges":1,"victory":false,"max_hp_per_floor":[75,75,75,75,75,75,75,75,75,75,75,75,75,75,75,75,75,75,75,75,75,75,75,75,75,75,75,75,75,75,75,75,75,75,75,75,75,75,75,75,75,75,75,75,75,75,75,75],"card_choices":[{"not_picked":["Skim","Beam Cell"],"picked":"BootSequence","floor":1},{"not_picked":["Hello World","Self Repair"],"picked":"Auto Shields","floor":2},{"not_picked":["BootSequence","Compile Driver"],"picked":"Consume","floor":4},{"not_picked":["Reinforced Body","Go for the Eyes"],"picked":"Ball Lightning","floor":5},{"not_picked":["Cold Snap","Ball Lightning"],"picked":"Fusion","floor":6},{"not_picked":["Rebound","White Noise"],"picked":"Self Repair","floor":10},{"not_picked":["Reboot","Stack"],"picked":"Self Repair","floor":11},{"not_picked":["Undo","Sweeping Beam"],"picked":"Redo","floor":13},{"not_picked":["Rebound","Beam Cell"],"picked":"Hologram","floor":14},{"not_picked":["Creative AI","Rainbow"],"picked":"Electrodynamics","floor":16},{"not_picked":["Hello World","Hologram"],"picked":"Compile Driver","floor":18},{"not_picked":["BootSequence+1","Hologram"],"picked":"Recycle+1","floor":20},{"not_picked":["Turbo","White Noise+1"],"picked":"Beam Cell","floor":22},{"not_picked":["Conserve Battery","Cold Snap"],"picked":"Streamline","floor":24},{"not_picked":["Auto Shields","Compile Driver"],"picked":"Glacier","floor":27},{"not_picked":["Leap","Seek"],"picked":"FTL","floor":28},{"not_picked":["Leap","Compile Driver"],"picked":"Cold Snap","floor":29},{"not_picked":["FTL+1","Stack"],"picked":"Redo","floor":31},{"not_picked":["Fission","Buffer"],"picked":"Electrodynamics","floor":33},{"not_picked":["Leap+1","Steam+1"],"picked":"Ball Lightning","floor":35},{"not_picked":["Rebound+1","Stack"],"picked":"Electrodynamics","floor":38},{"not_picked":["Gash+1","Barrage+1"],"picked":"Consume","floor":41},{"not_picked":["Leap","Stack"],"picked":"Ball Lightning","floor":42},{"not_picked":["Leap+1","Barrage"],"picked":"Rebound+1","floor":45},{"not_picked":["Ball Lightning+1","Steam+1"],"picked":"Sunder","floor":46}],"player_experience":97945,"relics_obtained":[{"floor":6,"key":"Whetstone"},{"floor":9,"key":"Vajra"},{"floor":10,"key":"Lantern"},{"floor":26,"key":"Dream Catcher"},{"floor":43,"key":"Tiny Chest"}],"event_choices":[{"damage_healed":0,"gold_gain":69,"player_choice":"Gained Gold","damage_taken":0,"max_hp_gain":0,"max_hp_loss":0,"event_name":"Golden Wing","floor":7,"gold_loss":0},{"damage_healed":0,"gold_gain":0,"player_choice":"Rummage","damage_taken":0,"relics_obtained":["WarpedTongs"],"max_hp_gain":0,"max_hp_loss":0,"event_name":"Accursed Blacksmith","floor":12,"gold_loss":0,"cards_obtained":["Pain"]},{"cards_removed":["Pain"],"damage_healed":0,"gold_gain":0,"player_choice":"Offered Curse","damage_taken":0,"relics_obtained":["Spirit Poop"],"max_hp_gain":0,"max_hp_loss":0,"event_name":"Bonfire Elementals","floor":21,"gold_loss":0},{"damage_healed":0,"gold_gain":0,"player_choice":"Ignored","damage_taken":0,"max_hp_gain":0,"max_hp_loss":0,"event_name":"Tomb of Lord Red Mask","floor":36,"gold_loss":0},{"damage_healed":0,"gold_gain":0,"player_choice":"Embrace Madness","damage_taken":9,"max_hp_gain":0,"max_hp_loss":0,"event_name":"Winding Halls","floor":37,"gold_loss":0,"cards_obtained":["Madness","Madness"]},{"cards_removed":["Strike_B"],"damage_healed":0,"gold_gain":0,"player_choice":"Took Card","damage_taken":0,"max_hp_gain":0,"max_hp_loss":0,"event_name":"NoteForYourself","floor":39,"gold_loss":0,"cards_obtained":["Iron Wave"]}],"is_beta":true,"boss_relics":[{"not_picked":["Busted Crown","Philosopher\u0027s Stone"],"picked":"Inserter"},{"not_picked":["Black Star","Eternal Feather"],"picked":"FrozenCore"}],"items_purged_floors":[3],"is_endless":false,"potions_floor_spawned":[1,5,6,13,14,18,24,27,33,35,38],"killed_by":"3 Darklings","ascension_level":0}