{"path_per_floor":["M","$","M","?","?","R","E","R","T","M","?","?","E","M","R","B",null,"M","$","M","M","M","E","R"],"character_chosen":"IRONCLAD","items_purchased":["Burning Pact","Shrug It Off"],"gold_per_floor":[114,35,46,46,11,11,36,36,36,46,72,147,182,196,196,296,296,311,185,196,210,228,260,260],"floor_reached":25,"campfire_rested":1,"playtime":2436,"current_hp_per_floor":[72,72,72,58,72,72,56,56,56,62,53,42,35,40,40,11,82,82,82,82,70,45,8,32],"items_purged":["Strike_R"],"gold":260,"score":243,"play_id":"d8dff50a-ad89-49db-87d3-869a2a94eb4d","is_prod":false,"is_daily":false,"is_ascension_mode":true,"campfire_upgraded":3,"path_taken":["M","$","M","?","?","R","E","R","T","M","?","?","E","M","R","BOSS","M","$","M","M","M","E","R","?"],"build_version":"2018-02-16-BETA2","purchased_purges":1,"victory":false,"master_deck":["Strike_R","Strike_R+1","Defend_R","Defend_R+1","Defend_R","Defend_R","Bash","Clothesline+1","Burning Pact","Pommel Strike+1","Shrug It Off","Battle Trance","Flex+1","Barricade","Shrug It Off","Spot Weakness","Shrug It Off","Reaper","Iron Wave+1"],"max_hp_per_floor":[72,72,72,72,72,72,72,72,72,72,72,72,82,82,82,82,82,82,82,82,82,82,82,82],"relics":["Burning Blood","Juzu Bracelet","Anchor","Odd Mushroom","Pear","Mark of Pain","Orichalcum"],"card_choices":[{"not_picked":["Disarm","Intimidate"],"picked":"Clothesline"},{"not_picked":["Twin Strike","Cleave"],"picked":"Pommel Strike"},{"not_picked":["Twin Strike","Thunderclap"],"picked":"Shrug It Off"},{"not_picked":["Anger","Feel No Pain"],"picked":"Battle Trance"},{"not_picked":["Impervious","Blood for Blood"],"picked":"Flex"},{"not_picked":["Fiend Fire","Brutality"],"picked":"Barricade"},{"not_picked":["Shrug It Off","Flame Barrier"],"picked":"Spot Weakness"},{"not_picked":["Cleave","Warcry"],"picked":"Shrug It Off"},{"not_picked":["Thunderclap","Flex"],"picked":"Reaper"},{"not_picked":["Pommel Strike","Rupture"],"picked":"Iron Wave"}],"player_experience":33830,"potions_floor_usage":[7,7,23],"damage_taken":[{"damage":3,"enemies":"Small Slimes","floor":1,"turns":4},{"damage":4,"enemies":"2 Louse","floor":3,"turns":4},{"damage":31,"enemies":"Lagavulin","floor":7,"turns":6},{"damage":0,"enemies":"Jaw Worm","floor":10,"turns":3},{"damage":15,"enemies":"The Mushroom Lair","floor":11,"turns":5},{"damage":23,"enemies":"Gremlin Nob","floor":13,"turns":4},{"damage":1,"enemies":"Blue Slaver","floor":14,"turns":4},{"damage":35,"enemies":"The Guardian","floor":16,"turns":15},{"damage":2,"enemies":"Shell Parasite","floor":18,"turns":6},{"damage":3,"enemies":"Chosen","floor":20,"turns":9},{"damage":18,"enemies":"Snecko","floor":21,"turns":10},{"damage":31,"enemies":"Sentry and Sphere","floor":22,"turns":7},{"damage":53,"enemies":"Book of Stabbing","floor":23,"turns":10},{"damage":44,"enemies":"Masked Bandits","floor":25,"turns":5}],"event_choices":[{"event_name":"Shining Light","player_choice":"Entered Light","floor":4,"damage_taken":0},{"event_name":"The Cleric","player_choice":"Healed","floor":5,"damage_taken":0},{"event_name":"Mushrooms","player_choice":"Fought Mushrooms","floor":11,"damage_taken":0},{"event_name":"World of Goop","player_choice":"Gather Gold","floor":12,"damage_taken":0},{"event_name":"Masked Bandits","player_choice":"Fought over 260 gold","floor":25,"damage_taken":0}],"boss_relics":[{"not_picked":["Philosopher\u0027s Stone","Calling Bell"],"picked":"Mark of Pain"}],"potions_floor_spawned":[1,3,14,16,21,23],"seed_played":"-6776818410654083609","killed_by":"Masked Bandits","ascension_level":1,"is_trial":false}