{"gold_per_floor":[117,192,192,208,223,223,256,275,275,275,290,301,319,337,337,440,440,455,455,455,466,482,507,258,258],"floor_reached":25,"playtime":765,"items_purged":[],"score":275,"play_id":"31db20b9-b612-4c9b-a2e3-d820a18d30a7","local_time":"20190312072315","is_ascension_mode":true,"campfire_choices":[{"data":"Infernal Blade","floor":6,"key":"SMITH"},{"data":"Anger","floor":10,"key":"SMITH"},{"floor":15,"key":"REST"}],"neow_cost":"NONE","seed_source_timestamp":347904625019002,"circlet_count":0,"master_deck":["Strike_R","Strike_R","Strike_R","Strike_R","Strike_R","Defend_R","Defend_R","Defend_R","Defend_R","Bash","Infernal Blade+1","Anger+1","Iron Wave","Combust","Rupture","Thunderclap","Corruption","Seeing Red","Feed","Spot Weakness+1"],"relics":["Burning Blood","Art of War","Thread and Needle","Torii","Mango","Lizard Tail","Question Card","Bottled Tornado"],"potions_floor_usage":[4,7,11,16,21],"damage_taken":[{"damage":18,"enemies":"Jaw Worm","floor":1,"turns":5},{"damage":8,"enemies":"Small Slimes","floor":4,"turns":3},{"damage":0,"enemies":"2 Louse","floor":5,"turns":2},{"damage":5,"enemies":"Gremlin Nob","floor":7,"turns":3},{"damage":17,"enemies":"Large Slime","floor":8,"turns":6},{"damage":11,"enemies":"Exordium Thugs","floor":11,"turns":3},{"damage":2,"enemies":"3 Louse","floor":12,"turns":3},{"damage":8,"enemies":"Red Slaver","floor":13,"turns":3},{"damage":12,"enemies":"Blue Slaver","floor":14,"turns":4},{"damage":34,"enemies":"Slime Boss","floor":16,"turns":6},{"damage":42,"enemies":"Spheric Guardian","floor":18,"turns":6},{"damage":40,"enemies":"2 Thieves","floor":21,"turns":5},{"damage":29,"enemies":"Snecko","floor":22,"turns":6},{"damage":86,"enemies":"Gremlin Leader","floor":23,"turns":7},{"damage":14,"enemies":"3 Cultists","floor":25,"turns":2}],"seed_played":"-5184983021623723004","potions_obtained":[{"floor":1,"key":"AttackPotion"},{"floor":4,"key":"LiquidBronze"},{"floor":7,"key":"Block Potion"},{"floor":12,"key":"LiquidBronze"},{"floor":18,"key":"SkillPotion"},{"floor":21,"key":"Ancient Potion"}],"is_trial":false,"path_per_floor":["M","?","?","M","M","R","E","M","T","R","M","M","M","M","R","B",null,"M","?","?","M","M","E","$","M"],"character_chosen":"IRONCLAD","items_purchased":["Bottled Tornado"],"campfire_rested":1,"item_purchase_floors":[24],"current_hp_per_floor":[68,57,32,30,36,36,37,26,40,40,35,39,37,31,59,31,94,58,89,89,58,35,12,12,0],"gold":258,"neow_bonus":"RANDOM_COMMON_RELIC","is_prod":false,"is_daily":false,"chose_seed":false,"campfire_upgraded":2,"win_rate":0,"timestamp":1552400595,"path_taken":["M","?","?","M","M","R","E","M","T","R","M","M","M","M","R","BOSS","M","?","?","M","?","E","$","M"],"build_version":"2019-01-23","purchased_purges":0,"victory":false,"max_hp_per_floor":[80,80,80,80,80,80,80,80,94,94,94,94,94,94,94,94,94,94,94,94,97,97,97,97,97],"card_choices":[{"not_picked":["Havoc","Dropkick"],"picked":"Infernal Blade","floor":1},{"not_picked":["Body Slam","Warcry"],"picked":"Anger","floor":4},{"not_picked":["Intimidate","Flex"],"picked":"Iron Wave","floor":5},{"not_picked":["Fiend Fire","Headbutt"],"picked":"Combust","floor":7},{"not_picked":["True Grit","Wild Strike","Headbutt"],"picked":"SKIP","floor":8},{"not_picked":["Battle Trance","Heavy Blade"],"picked":"Rupture","floor":11},{"not_picked":["Flex","Warcry"],"picked":"Thunderclap","floor":12},{"not_picked":["Sentinel","Bloodletting"],"picked":"Corruption","floor":13},{"not_picked":["Iron Wave","Bloodletting"],"picked":"Seeing Red","floor":14},{"not_picked":["Limit Break","Fiend Fire"],"picked":"Feed","floor":16},{"not_picked":["Whirlwind","Anger","Body Slam+1"],"picked":"SKIP","floor":18},{"not_picked":["Warcry","Clothesline","Pommel Strike"],"picked":"SKIP","floor":21},{"not_picked":["Pommel Strike","Wild Strike"],"picked":"Spot Weakness+1","floor":22},{"not_picked":["Corruption","Battle Trance+1","Perfected Strike"],"picked":"SKIP","floor":23}],"player_experience":338778,"relics_obtained":[{"floor":7,"key":"Torii"},{"floor":9,"key":"Mango"},{"floor":23,"key":"Question Card"}],"event_choices":[{"damage_healed":0,"gold_gain":75,"player_choice":"Gather Gold","damage_taken":11,"max_hp_gain":0,"max_hp_loss":0,"event_name":"World of Goop","floor":2,"gold_loss":0},{"damage_healed":0,"gold_gain":0,"player_choice":"Success","damage_taken":25,"relics_obtained":["Thread and Needle"],"max_hp_gain":0,"max_hp_loss":0,"event_name":"Scrap Ooze","floor":3,"gold_loss":0},{"damage_healed":31,"gold_gain":0,"player_choice":"Heal","damage_taken":0,"max_hp_gain":0,"max_hp_loss":0,"event_name":"The Library","floor":19,"gold_loss":0},{"damage_healed":0,"gold_gain":0,"player_choice":"Ignored","damage_taken":0,"max_hp_gain":0,"max_hp_loss":0,"event_name":"Ghosts","floor":20,"gold_loss":0}],"is_beta":false,"boss_relics":[{"not_picked":["Mark of Pain","Ectoplasm"],"picked":"Lizard Tail"}],"items_purged_floors":[],"is_endless":false,"potions_floor_spawned":[1,4,7,12,18,21],"killed_by":"3 Cultists","ascension_level":2}