{"gold_per_floor":[115,115,115,17,29,62,62,97,97,97,107,107,117,392,392,471,471,491,507,507,275,275],"floor_reached":22,"playtime":898,"items_purged":["Regret"],"score":384,"play_id":"637ccf2b-3d38-462d-a01b-1b10fde4b90a","local_time":"20190325000501","is_ascension_mode":true,"campfire_choices":[{"floor":7,"key":"REST"},{"data":"True Grit","floor":10,"key":"SMITH"},{"data":"Disarm","floor":12,"key":"SMITH"},{"data":"Bash","floor":15,"key":"SMITH"}],"neow_cost":"PERCENT_DAMAGE","seed_source_timestamp":1020848872054195,"circlet_count":0,"master_deck":["AscendersBane","Strike_R","Strike_R","Strike_R","Defend_R","Defend_R+1","Defend_R","Defend_R","Bash+1","Second Wind","Metallicize","Rampage","True Grit+1","Anger","Disarm+1","Battle Trance+1","Pommel Strike","Offering","Corruption","Shrug It Off"],"relics":["Burning Blood","Sundial","Juzu Bracelet","Pen Nib","The Courier","Runic Pyramid","War Paint"],"potions_floor_usage":[6,6,16],"damage_taken":[{"damage":4,"enemies":"Jaw Worm","floor":1,"turns":5},{"damage":0,"enemies":"Cultist","floor":5,"turns":4},{"damage":15,"enemies":"Gremlin Nob","floor":6,"turns":5},{"damage":19,"enemies":"Lagavulin","floor":8,"turns":7},{"damage":0,"enemies":"Small Slimes","floor":11,"turns":4},{"damage":0,"enemies":"Blue Slaver","floor":13,"turns":6},{"damage":21,"enemies":"Hexaghost","floor":16,"turns":9},{"damage":20,"enemies":"2 Thieves","floor":18,"turns":4},{"damage":23,"enemies":"Shell Parasite","floor":19,"turns":4},{"damage":27,"enemies":"Cultist and Chosen","floor":22,"turns":5}],"seed_played":"1717957379030454021","potions_obtained":[{"floor":1,"key":"Ancient Potion"},{"floor":8,"key":"Dexterity Potion"},{"floor":11,"key":"LiquidBronze"},{"floor":19,"key":"SpeedPotion"}],"is_trial":false,"path_per_floor":["M","?","?","$","M","E","R","E","T","R","M","R","M","?","R","B",null,"M","M","?","$","M"],"character_chosen":"IRONCLAD","items_purchased":["Block Potion","Rampage","War Paint","Shrug It Off"],"campfire_rested":1,"item_purchase_floors":[4,4,21,21],"current_hp_per_floor":[52,34,34,34,40,31,53,40,40,40,46,46,52,52,52,37,66,52,35,14,14,0],"gold":275,"neow_bonus":"TRANSFORM_TWO_CARDS","is_prod":false,"is_daily":false,"chose_seed":false,"campfire_upgraded":3,"win_rate":0,"timestamp":1553486701,"path_taken":["M","?","?","$","?","E","R","E","T","R","M","R","M","?","R","BOSS","M","M","?","$","M"],"build_version":"2019-03-15","purchased_purges":1,"victory":false,"max_hp_per_floor":[75,75,75,75,75,75,75,75,75,75,75,75,75,75,75,75,75,75,75,80,80,80],"card_choices":[{"not_picked":["Headbutt","Anger"],"picked":"Metallicize","floor":1},{"not_picked":["Dual Wield","Flex"],"picked":"True Grit","floor":5},{"not_picked":["Corruption","Wild Strike"],"picked":"Anger","floor":6},{"not_picked":["Warcry","Sword Boomerang"],"picked":"Disarm","floor":8},{"not_picked":["Sentinel","True Grit"],"picked":"Battle Trance","floor":11},{"not_picked":["Headbutt","Battle Trance"],"picked":"Pommel Strike","floor":13},{"not_picked":["Impervious","Limit Break"],"picked":"Offering","floor":16},{"not_picked":["Headbutt","Havoc"],"picked":"Corruption","floor":18},{"not_picked":["True Grit","Blood for Blood","Flex"],"picked":"SKIP","floor":19}],"player_experience":1251229,"relics_obtained":[{"floor":6,"key":"Juzu Bracelet"},{"floor":8,"key":"Pen Nib"},{"floor":9,"key":"The Courier"}],"event_choices":[{"damage_healed":0,"gold_gain":0,"player_choice":"Success","damage_taken":18,"relics_obtained":["Sundial"],"max_hp_gain":0,"max_hp_loss":0,"event_name":"Scrap Ooze","floor":2,"gold_loss":0},{"cards_removed":["Rage"],"damage_healed":0,"gold_gain":0,"player_choice":"Purged","damage_taken":0,"max_hp_gain":0,"max_hp_loss":0,"event_name":"Purifier","floor":3,"gold_loss":0},{"damage_healed":0,"gold_gain":275,"player_choice":"Desecrate","damage_taken":0,"max_hp_gain":0,"max_hp_loss":0,"event_name":"Golden Shrine","floor":14,"gold_loss":0,"cards_obtained":["Regret"]},{"damage_healed":0,"gold_gain":0,"player_choice":"Shed Blood","damage_taken":26,"max_hp_gain":5,"max_hp_loss":0,"event_name":"Forgotten Altar","floor":20,"gold_loss":0}],"is_beta":true,"boss_relics":[{"not_picked":["Tiny House","Velvet Choker"],"picked":"Runic Pyramid"}],"items_purged_floors":[21],"is_endless":false,"potions_floor_spawned":[1,8,11,19],"killed_by":"Cultist and Chosen","ascension_level":20}