{"gold_per_floor":[113,113,113,127,302,302,321,376,424,435,460,472,472,503,503,598,598,608,624,54,70,1,1],"floor_reached":23,"playtime":936,"items_purged":["Doubt"],"score":261,"play_id":"03d730ff-2a36-4e22-aaae-e18520154261","local_time":"20190127180700","is_ascension_mode":true,"campfire_choices":[{"data":"Chaos","floor":6,"key":"SMITH"},{"data":"Hologram","floor":13,"key":"SMITH"},{"data":"Loop","floor":15,"key":"SMITH"}],"neow_cost":"NONE","seed_source_timestamp":27152387143678,"circlet_count":0,"master_deck":["Strike_B","Strike_B","Strike_B","Strike_B","Defend_B","Defend_B","Defend_B","Defend_B","Zap+1","Dualcast","Chaos+1","Hologram","Loop+1","Steam","Hologram+1","Reinforced Body","Glacier","BootSequence","Fission","Tempest","Conserve Battery+1","Creative AI","Panacea","White Noise","Finesse+1","Defragment"],"relics":["Cracked Core","Smiling Mask","PreservedInsect","Dream Catcher","Orichalcum","Nuclear Battery","PrismaticShard"],"potions_floor_usage":[8,12,16,19,21,23,23],"damage_taken":[{"damage":0,"enemies":"2 Louse","floor":1,"turns":2},{"damage":0,"enemies":"Jaw Worm","floor":4,"turns":4},{"damage":0,"enemies":"Cultist","floor":7,"turns":3},{"damage":36,"enemies":"Gremlin Nob","floor":8,"turns":4},{"damage":7,"enemies":"Exordium Wildlife","floor":10,"turns":4},{"damage":21,"enemies":"Lagavulin","floor":11,"turns":4},{"damage":6,"enemies":"3 Louse","floor":12,"turns":3},{"damage":5,"enemies":"3 Sentries","floor":14,"turns":8},{"damage":2,"enemies":"Slime Boss","floor":16,"turns":5},{"damage":17,"enemies":"Spheric Guardian","floor":18,"turns":7},{"damage":0,"enemies":"3 Byrds","floor":19,"turns":1},{"damage":17,"enemies":"Cultist and Chosen","floor":21,"turns":6},{"damage":31,"enemies":"Slavers","floor":23,"turns":2}],"seed_played":"3685171878883915624","potions_obtained":[{"floor":4,"key":"EssenceOfSteel"},{"floor":8,"key":"SpeedPotion"},{"floor":11,"key":"EssenceOfSteel"},{"floor":14,"key":"Strength Potion"},{"floor":18,"key":"SkillPotion"},{"floor":19,"key":"Dexterity Potion"},{"floor":21,"key":"FearPotion"}],"is_trial":false,"path_per_floor":["M","?","?","M","?","R","M","?","T","M","E","M","R","E","R","B",null,"M","M","$","M","$","E"],"character_chosen":"DEFECT","items_purchased":["PrismaticShard","Creative AI","Panacea","White Noise","Defragment"],"campfire_rested":0,"item_purchase_floors":[20,20,20,20,22],"current_hp_per_floor":[68,73,80,80,80,80,80,44,44,37,16,10,10,5,5,3,61,44,44,44,27,27,0],"gold":1,"neow_bonus":"UPGRADE_CARD","is_prod":false,"is_daily":false,"chose_seed":false,"campfire_upgraded":3,"win_rate":0,"timestamp":1548630420,"path_taken":["M","?","?","?","?","R","M","?","T","M","E","?","R","E","R","BOSS","M","M","$","M","$","E"],"build_version":"2019-01-23","purchased_purges":1,"victory":false,"max_hp_per_floor":[75,80,80,80,80,80,80,80,80,80,80,80,80,80,80,80,80,80,80,80,80,80,80],"card_choices":[{"not_picked":["Barrage","Redo"],"picked":"Chaos","floor":1},{"not_picked":["Go for the Eyes","Streamline"],"picked":"Hologram","floor":4},{"not_picked":["Defragment","Go for the Eyes"],"picked":"Loop","floor":7},{"not_picked":["Leap","Gash"],"picked":"Steam","floor":8},{"not_picked":["Sweeping Beam","Redo"],"picked":"Hologram","floor":10},{"not_picked":["Stack","Force Field"],"picked":"Reinforced Body","floor":11},{"not_picked":["Go for the Eyes","Leap"],"picked":"Glacier","floor":12},{"not_picked":["Ball Lightning","Rainbow"],"picked":"BootSequence","floor":14},{"not_picked":["Meteor Strike","Rainbow"],"picked":"Fission","floor":16},{"not_picked":["Barrage","Skim"],"picked":"Tempest","floor":18},{"not_picked":["Ball Lightning","Reinforced Body"],"picked":"Conserve Battery+1","floor":19},{"not_picked":["Havoc","Discovery"],"picked":"Finesse+1","floor":21}],"player_experience":275802,"relics_obtained":[{"floor":8,"key":"Smiling Mask"},{"floor":9,"key":"PreservedInsect"},{"floor":11,"key":"Dream Catcher"},{"floor":14,"key":"Orichalcum"}],"event_choices":[{"damage_healed":0,"gold_gain":0,"player_choice":"Donut","damage_taken":0,"max_hp_gain":5,"max_hp_loss":0,"event_name":"Big Fish","floor":2,"gold_loss":0},{"damage_healed":7,"gold_gain":0,"player_choice":"Full Heal","damage_taken":0,"max_hp_gain":0,"max_hp_loss":0,"event_name":"Wheel of Change","floor":3,"gold_loss":0},{"damage_healed":0,"gold_gain":175,"player_choice":"AGREE","damage_taken":0,"max_hp_gain":0,"max_hp_loss":0,"event_name":"Liars Game","floor":5,"gold_loss":0,"cards_obtained":["Doubt"]},{"damage_healed":0,"gold_gain":30,"player_choice":"Searched \u00272\u0027 times","damage_taken":0,"max_hp_gain":0,"max_hp_loss":0,"event_name":"Dead Adventurer","floor":8,"gold_loss":0}],"is_beta":true,"boss_relics":[{"not_picked":["Philosopher\u0027s Stone","Calling Bell"],"picked":"Nuclear Battery"}],"items_purged_floors":[20],"is_endless":false,"potions_floor_spawned":[4,8,11,14,18,19,21],"killed_by":"Slavers","ascension_level":6}