{"gold_per_floor":[110,110,69,69,69,94,94,121,121,155,155,183,183,194,194,267,267,285,235,9,22,72,404,404,429,429,459,459,459,459,494,494,570,570,586,586,605,531,549,549,444,444,444,469,469,485,513,613,613,613,613,613,45,80,80],"floor_reached":55,"playtime":2788,"items_purged":["Defend_B","Writhe","Zap"],"score":1812,"play_id":"8cf111e0-d90c-4a2d-af3b-ca81cd030131","local_time":"20181031220028","is_ascension_mode":true,"campfire_choices":[{"floor":7.0,"key":"DIG"},{"floor":15.0,"key":"DIG"},{"floor":28.0,"key":"DIG"},{"floor":30.0,"key":"DIG"},{"floor":32.0,"key":"DIG"},{"floor":40.0,"key":"DIG"},{"floor":42.0,"key":"DIG"},{"floor":49.0,"key":"RECALL"},{"floor":52.0,"key":"DIG"}],"neow_cost":"NONE","seed_source_timestamp":0,"circlet_count":0,"master_deck":["Defend_B+1","Dualcast","AscendersBane","BootSequence+1","FTL+1","Streamline+1","Multi-Cast","Hologram+1","Darkness+1","Turbo+1","All For One+1","Steam+1","Scrape+1","Glacier+1","Hologram+1","Conserve Battery+1","Melter+1","Chill+1","Capacitor","Hologram+1","Multi-Cast+1","Self Repair","Compile Driver+1","Cold Snap+1","BootSequence+1","Barrage+1","Go for the Eyes+1","Reboot+1","Undo+1","Beam Cell+1","All For One+1","Swift Strike+1","Gash+1"],"special_seed":0,"relics":["Cracked Core","NeowsBlessing","Shovel","Lantern","Cables","Meat on the Bone","Toxic Egg 2","Orichalcum","Matryoshka","Gremlin Horn","Astrolabe","Bag of Preparation","Old Coin","Boot","Letter Opener","Regal Pillow","Art of War","Molten Egg 2","Strawberry","Pantograph","Smiling Mask","Centennial Puzzle","Eternal Feather","Bottled Flame","DataDisk","Dodecahedron","Omamori","Whetstone","WingedGreaves","Darkstone Periapt","PreservedInsect","DollysMirror","Juzu Bracelet"],"potions_floor_usage":[55],"damage_taken":[{"damage":0.0,"enemies":"2 Louse","floor":1.0,"turns":1.0},{"damage":0.0,"enemies":"3 Sentries","floor":6.0,"turns":1.0},{"damage":0.0,"enemies":"Gremlin Nob","floor":8.0,"turns":1.0},{"damage":22.0,"enemies":"Lagavulin","floor":10.0,"turns":6.0},{"damage":29.0,"enemies":"3 Sentries","floor":12.0,"turns":8.0},{"damage":0.0,"enemies":"Small Slimes","floor":14.0,"turns":2.0},{"damage":28.0,"enemies":"Slime Boss","floor":16.0,"turns":4.0},{"damage":3.0,"enemies":"3 Byrds","floor":18.0,"turns":4.0},{"damage":2.0,"enemies":"Shell Parasite","floor":21.0,"turns":4.0},{"damage":3.0,"enemies":"Slavers","floor":23.0,"turns":3.0},{"damage":14.0,"enemies":"Book of Stabbing","floor":25.0,"turns":5.0},{"damage":0.0,"enemies":"Slavers","floor":27.0,"turns":3.0},{"damage":27.0,"enemies":"Gremlin Leader","floor":31.0,"turns":7.0},{"damage":37.0,"enemies":"Collector","floor":33.0,"turns":13.0},{"damage":0.0,"enemies":"3 Shapes","floor":35.0,"turns":7.0},{"damage":37.0,"enemies":"3 Darklings","floor":37.0,"turns":6.0},{"damage":20.0,"enemies":"Maw","floor":39.0,"turns":8.0},{"damage":60.0,"enemies":"Giant Head","floor":44.0,"turns":8.0},{"damage":0.0,"enemies":"Jaw Worm Horde","floor":46.0,"turns":3.0},{"damage":10.0,"enemies":"Reptomancer","floor":47.0,"turns":5.0},{"damage":16.0,"enemies":"Mind Bloom Boss Battle","floor":48.0,"turns":6.0},{"damage":15.0,"enemies":"Donu and Deca","floor":50.0,"turns":8.0},{"damage":24,"enemies":"Shield and Spear","floor":54,"turns":7},{"damage":79,"enemies":"The Heart","floor":55,"turns":5}],"seed_played":"5045916706089452130","potions_obtained":[{"floor":6.0,"key":"EntropicBrew"},{"floor":12.0,"key":"FocusPotion"},{"floor":47.0,"key":"FocusPotion"}],"is_trial":false,"path_per_floor":["M","?","$","?","$","E","E","R","E","T","E","?","E","T","M","R","B",null,"M","?","$","M","?","E","$","E","T","E","R","?","R","E","R","B",null,"M","?","M","$","M","R","$","R","T","E","?","M","E","?","R","B",null,"R","$","E","B"],"character_chosen":"DEFECT","items_purchased":["FTL","Bag of Preparation","Conserve Battery+1","Cold Snap+1","PowerPotion","PreservedInsect","Beam Cell+1","DollysMirror","Swift Strike+1"],"campfire_rested":0,"item_purchase_floors":[3,20,20,38,41,53,53,53,53],"current_hp_per_floor":[64,57,57,36,36,36,36,36,36,26,26,24,24,36,36,20,58,55,55,55,53,53,50,50,36,36,36,36,43,43,28,28,28,66,66,66,48,48,40,55,55,70,70,29,29,41,50,66,78,70,76,78,78,61,0],"gold":80,"neow_bonus":"THREE_ENEMY_KILL","is_prod":false,"is_daily":false,"chose_seed":false,"campfire_upgraded":0,"win_rate":0,"timestamp":1541037628,"path_taken":["M","?","$","?","$","E","R","E","T","E","?","E","?","?","R","BOSS","M","?","$","?","?","E","?","E","T","E","R","?","R","E","R","BOSS","M","?","M","$","?","R","?","R","T","E","?","M","E","?","R","BOSS","R","$","E","BOSS"],"build_version":"2018-10-30","purchased_purges":3,"victory":false,"max_hp_per_floor":[71,71,71,71,71,71,71,71,71,71,71,71,71,71,71,71,71,71,71,71,71,71,71,71,71,71,71,71,78,78,78,78,78,78,78,78,78,78,78,78,78,78,78,78,78,78,78,78,78,78,78,78,78,78,78],"card_choices":[{"not_picked":["Ball Lightning","Stack"],"picked":"BootSequence","floor":1.0},{"not_picked":["Reprogram","Compile Driver"],"picked":"Streamline","floor":6.0},{"not_picked":["Leap","Stack"],"picked":"Multi-Cast","floor":8.0},{"not_picked":["Ball Lightning","Storm"],"picked":"Hologram","floor":10.0},{"not_picked":["Reprogram+1","Streamline"],"picked":"Darkness+1","floor":12.0},{"not_picked":["Consume+1","Barrage"],"picked":"Turbo+1","floor":14.0},{"not_picked":["Machine Learning","Meteor Strike"],"picked":"All For One","floor":16.0},{"not_picked":["Aggregate+1","Lockon"],"picked":"Hologram+1","floor":18.0},{"not_picked":["Redo+1","Leap+1"],"picked":"Melter+1","floor":21.0},{"not_picked":["Compile Driver","Consume+1","Hyperbeam"],"picked":"SKIP","floor":23.0},{"not_picked":["Go for the Eyes","Doom and Gloom"],"picked":"Chill+1","floor":25.0},{"not_picked":["Blizzard","Rebound"],"picked":"Capacitor","floor":27.0},{"not_picked":["Aggregate+1","Skim+1"],"picked":"Hologram+1","floor":31.0},{"not_picked":["Machine Learning","Creative AI"],"picked":"Multi-Cast+1","floor":33.0},{"not_picked":["Scrape+1","Hologram+1","Skim+1"],"picked":"SKIP","floor":35.0},{"not_picked":["Static Discharge","Leap+1"],"picked":"Compile Driver+1","floor":37.0},{"not_picked":["Turbo+1","Leap+1"],"picked":"BootSequence+1","floor":39.0},{"not_picked":["Redo+1","Rebound+1"],"picked":"Barrage+1","floor":44.0},{"not_picked":["Rebound+1","Darkness+1"],"picked":"Go for the Eyes+1","floor":46.0},{"not_picked":["Barrage+1","Go for the Eyes+1"],"picked":"Reboot+1","floor":47.0},{"not_picked":["Static Discharge","Hello World"],"picked":"Undo+1","floor":48.0},{"not_picked":["Cold Snap+1","Go for the Eyes+1"],"picked":"Gash+1","floor":54}],"player_experience":800530,"relics_obtained":[{"floor":6.0,"key":"Shovel"},{"floor":7.0,"key":"Lantern"},{"floor":8.0,"key":"Cables"},{"floor":9.0,"key":"Meat on the Bone"},{"floor":10.0,"key":"Toxic Egg 2"},{"floor":12.0,"key":"Orichalcum"},{"floor":13.0,"key":"Matryoshka"},{"floor":15.0,"key":"Gremlin Horn"},{"floor":23.0,"key":"Old Coin"},{"floor":25.0,"key":"Boot"},{"floor":26.0,"key":"Letter Opener"},{"floor":26.0,"key":"Regal Pillow"},{"floor":27.0,"key":"Art of War"},{"floor":28.0,"key":"Molten Egg 2"},{"floor":30.0,"key":"Pantograph"},{"floor":31.0,"key":"Smiling Mask"},{"floor":32.0,"key":"Centennial Puzzle"},{"floor":40.0,"key":"Bottled Flame"},{"floor":42.0,"key":"DataDisk"},{"floor":43.0,"key":"Dodecahedron"},{"floor":44.0,"key":"Omamori"},{"floor":47.0,"key":"Whetstone"},{"floor":48.0,"key":"WingedGreaves"},{"floor":52.0,"key":"Darkstone Periapt"},{"floor":54,"key":"Juzu Bracelet"}],"event_choices":[{"cards_removed":["Strike_B"],"damage_healed":0.0,"max_hp_gain":0.0,"max_hp_loss":0.0,"gold_gain":0.0,"event_name":"Golden Wing","player_choice":"Card Removal","floor":2.0,"gold_loss":0.0,"damage_taken":7.0},{"damage_healed":0.0,"max_hp_gain":0.0,"max_hp_loss":0.0,"gold_gain":0.0,"event_name":"Shining Light","player_choice":"Entered Light","floor":4.0,"gold_loss":0.0,"damage_taken":21.0,"cards_upgraded":["Defend_B","Strike_B"]},{"damage_healed":0.0,"max_hp_gain":0.0,"max_hp_loss":0.0,"gold_gain":0.0,"event_name":"Liars Game","player_choice":"Ignored","floor":11.0,"gold_loss":0.0,"damage_taken":0.0},{"damage_healed":0.0,"max_hp_gain":0.0,"max_hp_loss":0.0,"gold_gain":0.0,"event_name":"Designer","player_choice":"Upgraded Two","floor":19.0,"gold_loss":50.0,"damage_taken":0.0,"cards_upgraded":["BootSequence","Streamline"]},{"damage_healed":0.0,"max_hp_gain":0.0,"max_hp_loss":0.0,"gold_gain":50.0,"event_name":"Nest","player_choice":"Stole From Cult","floor":22.0,"gold_loss":0.0,"damage_taken":0.0},{"damage_healed":0.0,"max_hp_gain":0.0,"max_hp_loss":0.0,"gold_gain":0.0,"event_name":"The Mausoleum","player_choice":"Opened","floor":29.0,"gold_loss":0.0,"damage_taken":0.0,"relics_obtained":["Strawberry"],"cards_obtained":["Writhe"]},{"damage_healed":0.0,"max_hp_gain":0.0,"max_hp_loss":0.0,"gold_gain":0.0,"cards_transformed":["Defend_B"],"event_name":"Transmorgrifier","player_choice":"Transformed","floor":36.0,"gold_loss":0.0,"damage_taken":0.0,"cards_obtained":["Self Repair"]},{"cards_removed":["Strike_B"],"damage_healed":0.0,"max_hp_gain":0.0,"max_hp_loss":0.0,"gold_gain":0.0,"event_name":"Falling","player_choice":"Removed Attack","floor":45.0,"gold_loss":0.0,"damage_taken":0.0},{"damage_healed":0.0,"max_hp_gain":0.0,"max_hp_loss":0.0,"gold_gain":0.0,"event_name":"MindBloom","player_choice":"Fight","floor":48.0,"gold_loss":0.0,"damage_taken":0.0}],"is_beta":true,"boss_relics":[{"not_picked":["Black Star","Pandora\u0027s Box"],"picked":"Astrolabe"},{"not_picked":["Sozu","Lizard Tail"],"picked":"Eternal Feather"}],"items_purged_floors":[38,41,53],"is_endless":false,"potions_floor_spawned":[6,12,14,21,23,47,48,54],"killed_by":"The Heart","ascension_level":18}