{"gold_per_floor":[368,387,387,143,143,143,43,43,43,43,67,98,98,112,112,208,208,232,232,271,285,160,160,200,200,223,243,267,305,305,323,323,413,413,433,456,456,481,371,371,386,42,69,69,82,125,150,150,150,150,150],"floor_reached":51,"playtime":3997,"items_purged":["Strike_B","Injury","Writhe"],"score":1326,"play_id":"87beb398-55fd-474a-a3fd-1535c6bf315a","local_time":"20181007010742","is_ascension_mode":true,"campfire_choices":[{"floor":6.0,"key":"REST"},{"data":"Dualcast","floor":8.0,"key":"SMITH"},{"floor":10.0,"key":"REST"},{"data":"Leap","floor":13.0,"key":"SMITH"},{"data":"Beam Cell","floor":15.0,"key":"SMITH"},{"floor":23.0,"key":"REST"},{"data":"Stack","floor":30.0,"key":"SMITH"},{"data":"Echo Form","floor":32.0,"key":"SMITH"},{"floor":40.0,"key":"REST"},{"data":"Defragment","floor":44.0,"key":"SMITH"},{"data":"Glacier","floor":49.0,"key":"SMITH"}],"neow_cost":"PERCENT_DAMAGE","seed_source_timestamp":287583519794905,"circlet_count":0,"master_deck":["Strike_B+1","Strike_B+1","Defend_B","Defend_B","Defend_B+1","Defend_B","Zap","Dualcast+1","AscendersBane","Gash","Gash","Genetic Algorithm","Leap+1","Beam Cell+1","Echo Form+1","Glacier+1","Self Repair","Compile Driver+1","Stack+1","Leap","All For One","Go for the Eyes+1","Madness","Madness","Defragment+1","Cold Snap","Turbo","Stack+1","Fusion+1","Tempest"],"special_seed":0,"relics":["Cracked Core","PreservedInsect","Golden Idol","Mercury Hourglass","DataDisk","Runic Pyramid","Bronze Scales","Red Mask","Dream Catcher","MutagenicStrength","Ancient Tea Set","Regal Pillow","Matryoshka","Inserter","Ice Cream","Molten Egg 2","Omamori","Pen Nib"],"potions_floor_usage":[50],"damage_taken":[{"damage":3.0,"enemies":"2 Louse","floor":1.0,"turns":2.0},{"damage":4.0,"enemies":"Small Slimes","floor":2.0,"turns":4.0},{"damage":7.0,"enemies":"Jaw Worm","floor":11.0,"turns":2.0},{"damage":10.0,"enemies":"Lagavulin","floor":12.0,"turns":3.0},{"damage":0.0,"enemies":"3 Louse","floor":14.0,"turns":2.0},{"damage":37.0,"enemies":"Slime Boss","floor":16.0,"turns":11.0},{"damage":8.0,"enemies":"3 Byrds","floor":18.0,"turns":4.0},{"damage":12.0,"enemies":"Masked Bandits","floor":20.0,"turns":4.0},{"damage":0.0,"enemies":"Spheric Guardian","floor":21.0,"turns":5.0},{"damage":6.0,"enemies":"Book of Stabbing","floor":24.0,"turns":4.0},{"damage":0.0,"enemies":"Cultist and Chosen","floor":27.0,"turns":7.0},{"damage":10.0,"enemies":"Slavers","floor":29.0,"turns":5.0},{"damage":0.0,"enemies":"Centurion and Healer","floor":31.0,"turns":5.0},{"damage":13.0,"enemies":"Champ","floor":33.0,"turns":13.0},{"damage":0.0,"enemies":"Orb Walker","floor":35.0,"turns":4.0},{"damage":0.0,"enemies":"3 Shapes","floor":36.0,"turns":5.0},{"damage":24.0,"enemies":"Spire Growth","floor":38.0,"turns":8.0},{"damage":0.0,"enemies":"4 Shapes","floor":41.0,"turns":6.0},{"damage":8.0,"enemies":"Transient","floor":45.0,"turns":6.0},{"damage":7.0,"enemies":"2 Orb Walkers","floor":46.0,"turns":5.0},{"damage":0.0,"enemies":"Maw","floor":47.0,"turns":9.0},{"damage":44,"enemies":"Awakened One","floor":50,"turns":35},{"damage":65,"enemies":"Time Eater","floor":51,"turns":8}],"seed_played":"6727667501331619432","potions_obtained":[{"floor":2.0,"key":"Swift Potion"},{"floor":12.0,"key":"SpeedPotion"},{"floor":16.0,"key":"Explosive Potion"},{"floor":20.0,"key":"GamblersBrew"},{"floor":21.0,"key":"Block Potion"},{"floor":27.0,"key":"Strength Potion"},{"floor":29.0,"key":"Fire Potion"},{"floor":33.0,"key":"SpeedPotion"},{"floor":36.0,"key":"Swift Potion"}],"is_trial":false,"path_per_floor":["M","M","?","$","?","R","$","R","T","R","M","E","R","M","R","B",null,"M","?","?","M","$","R","E","?","T","M","T","E","R","M","R","B",null,"M","M","?","M","?","R","M","$","T","R","M","E","M","?","R","B"],"character_chosen":"DEFECT","items_purchased":["PreservedInsect","Ice Cream"],"campfire_rested":4,"item_purchase_floors":[4,42],"current_hp_per_floor":[43,39,18,18,18,39,39,39,39,60,53,43,43,43,43,6,55,47,47,35,42,42,63,64,64,64,71,71,68,68,71,71,65,70,71,71,58,41,41,71,71,71,71,71,70,71,71,71,71,41,0],"gold":150,"neow_bonus":"TWO_FIFTY_GOLD","is_prod":false,"is_daily":false,"chose_seed":false,"campfire_upgraded":7,"win_rate":0,"timestamp":1538888862,"path_taken":["M","M","?","$","?","R","$","R","T","R","M","E","R","M","R","BOSS","M","?","?","?","$","R","E","?","T","M","?","E","R","M","R","BOSS","M","M","?","M","?","R","M","$","T","R","M","E","M","?","R","BOSS","BOSS"],"build_version":"2018-10-04v2","purchased_purges":3,"victory":false,"max_hp_per_floor":[71,71,71,71,71,71,71,71,71,71,71,71,71,71,71,71,71,71,71,71,71,71,71,71,71,71,71,71,71,71,71,71,71,71,71,71,71,71,71,71,71,71,71,71,71,71,71,71,71,71,71],"card_choices":[{"not_picked":["Redo","Recycle"],"picked":"Gash","floor":1.0},{"not_picked":["FTL","Reprogram"],"picked":"Gash","floor":2.0},{"not_picked":["Chaos","Barrage"],"picked":"Genetic Algorithm","floor":11.0},{"not_picked":["Barrage","Ball Lightning"],"picked":"Leap","floor":12.0},{"not_picked":["Reboot","Redo"],"picked":"Beam Cell","floor":14.0},{"not_picked":["Multi-Cast","Seek"],"picked":"Echo Form","floor":16.0},{"not_picked":["Steam Power","Cold Snap"],"picked":"Glacier","floor":18.0},{"not_picked":["Steam","Beam Cell+1"],"picked":"Self Repair","floor":20.0},{"not_picked":["Turbo","Genetic Algorithm"],"picked":"Compile Driver+1","floor":21.0},{"not_picked":["Turbo","Stack","Compile Driver"],"picked":"SKIP","floor":24.0},{"not_picked":["Turbo","Compile Driver"],"picked":"Stack","floor":24.0},{"not_picked":["Lockon","Aggregate","Beam Cell"],"picked":"SKIP","floor":27.0},{"not_picked":["Hyperbeam","Turbo"],"picked":"Leap","floor":29.0},{"not_picked":["Compile Driver","Rebound","Barrage"],"picked":"SKIP","floor":31.0},{"not_picked":["Fission","Amplify"],"picked":"All For One","floor":33.0},{"not_picked":["Auto Shields","Steam Power+1"],"picked":"Go for the Eyes+1","floor":35.0},{"not_picked":["Compile Driver+1","Scrape+1","Capacitor"],"picked":"SKIP","floor":36.0},{"not_picked":["Coolheaded","Chill"],"picked":"Defragment","floor":38.0},{"not_picked":["Self Repair","Reinforced Body+1"],"picked":"Cold Snap","floor":40.0},{"not_picked":["Defragment","Turbo","Lockon"],"picked":"SKIP","floor":41.0},{"not_picked":["Defragment","Turbo","Lockon"],"picked":"SKIP","floor":41.0},{"not_picked":["Defragment","Lockon"],"picked":"Turbo","floor":41.0},{"not_picked":["Rainbow","Scrape+1"],"picked":"Stack+1","floor":45.0},{"not_picked":["Biased Cognition","Redo"],"picked":"Fusion+1","floor":46.0},{"not_picked":["Stack","Cold Snap+1"],"picked":"Tempest","floor":47.0}],"player_experience":938404,"relics_obtained":[{"floor":9.0,"key":"Mercury Hourglass"},{"floor":12.0,"key":"DataDisk"},{"floor":20.0,"key":"Red Mask"},{"floor":24.0,"key":"Dream Catcher"},{"floor":26.0,"key":"Ancient Tea Set"},{"floor":28.0,"key":"Regal Pillow"},{"floor":29.0,"key":"Matryoshka"},{"floor":43.0,"key":"Molten Egg 2"},{"floor":43.0,"key":"Omamori"},{"floor":46.0,"key":"Pen Nib"}],"event_choices":[{"event_name":"Shining Light","player_choice":"Entered Light","floor":3.0,"damage_taken":0.0},{"event_name":"Golden Idol","player_choice":"Take Wound","floor":5.0,"damage_taken":0.0},{"event_name":"The Mausoleum","player_choice":"Yes","floor":19.0,"damage_taken":0.0},{"event_name":"Masked Bandits","player_choice":"Fought Bandits","floor":20.0,"damage_taken":0.0},{"event_name":"Drug Dealer","player_choice":"Inject Mutagens","floor":25.0,"damage_taken":0.0},{"event_name":"Winding Halls","player_choice":"Embrace Madness","floor":37.0,"damage_taken":0.0},{"event_name":"Designer","player_choice":"Full Service","floor":39.0,"damage_taken":0.0},{"event_name":"SensoryStone","player_choice":"Memory 1","floor":48.0,"damage_taken":0.0}],"is_beta":false,"boss_relics":[{"not_picked":["Tiny House","Ectoplasm"],"picked":"Runic Pyramid"},{"not_picked":["Snecko Eye","Coffee Dripper"],"picked":"Inserter"}],"items_purged_floors":[4,7,22],"is_endless":false,"potions_floor_spawned":[2,12,16,20,21,27,29,33,36,41],"killed_by":"Time Eater","ascension_level":20}