{"gold_per_floor":[110,122,98,98,98,98,128,128,128,128,146,146,120,135,135,239,239,257,269,269],"floor_reached":20,"playtime":1667,"items_purged":[],"score":266,"play_id":"72897a96-d568-460c-a2d1-741a6aa5ab8d","local_time":"20190324202552","is_ascension_mode":true,"campfire_choices":[{"data":"Conserve Battery","floor":6,"key":"SMITH"},{"data":"Leap","floor":10,"key":"SMITH"},{"data":"Undo","floor":12,"key":"SMITH"},{"data":"Hologram","floor":15,"key":"SMITH"}],"neow_cost":"NONE","seed_source_timestamp":785074834199200,"circlet_count":0,"master_deck":["Zap","Dualcast","Conserve Battery+1","Leap+1","Stack+1","Undo+1","Core Surge","Hologram+1","Streamline","Echo Form","Storm","Auto Shields","Defragment","Redo","Aggregate","Force Field","Cold Snap","Reinforced Body","Redo+1","Glacier+1"],"relics":["Cracked Core","NeowsBlessing","Strawberry","Meat on the Bone","Pandora\u0027s Box"],"potions_floor_usage":[18,19],"damage_taken":[{"damage":0,"enemies":"Jaw Worm","floor":1,"turns":1},{"damage":0,"enemies":"2 Louse","floor":2,"turns":1},{"damage":0,"enemies":"Lagavulin","floor":7,"turns":1},{"damage":0,"enemies":"Cultist","floor":11,"turns":3},{"damage":0,"enemies":"Large Slime","floor":14,"turns":5},{"damage":43,"enemies":"Hexaghost","floor":16,"turns":15},{"damage":6,"enemies":"Spheric Guardian","floor":18,"turns":7},{"damage":0,"enemies":"3 Byrds","floor":19,"turns":2},{"damage":78,"enemies":"Centurion and Healer","floor":20,"turns":30}],"seed_played":"-5530922920639220678","potions_obtained":[{"floor":7,"key":"PowerPotion"},{"floor":16,"key":"SpeedPotion"},{"floor":19,"key":"Explosive Potion"}],"is_trial":false,"path_per_floor":["M","M","$","?","?","R","E","$","T","R","M","R","$","M","R","B",null,"M","M","M"],"character_chosen":"DEFECT","items_purchased":["Stack","Hologram"],"campfire_rested":0,"item_purchase_floors":[3,13],"current_hp_per_floor":[68,68,68,53,53,53,60,60,60,60,60,60,60,60,60,29,69,63,63,0],"gold":269,"neow_bonus":"THREE_ENEMY_KILL","is_prod":false,"is_daily":false,"chose_seed":false,"campfire_upgraded":4,"win_rate":0,"timestamp":1553455552,"path_taken":["M","M","$","?","?","R","E","?","T","R","M","R","$","?","R","BOSS","M","M","M"],"build_version":"2019-01-23","purchased_purges":0,"victory":false,"max_hp_per_floor":[75,75,75,75,75,75,82,82,82,82,82,82,82,82,82,82,82,82,82,82],"card_choices":[{"not_picked":["Hologram","Streamline"],"picked":"Conserve Battery","floor":1},{"not_picked":["Barrage","Sweeping Beam"],"picked":"Leap","floor":2},{"not_picked":["Beam Cell","Compile Driver"],"picked":"Undo","floor":7},{"not_picked":["Skim","Barrage"],"picked":"Core Surge","floor":11},{"not_picked":["Coolheaded","Defragment"],"picked":"Streamline","floor":14},{"not_picked":["Fission","Biased Cognition"],"picked":"Echo Form","floor":16},{"not_picked":["Rip and Tear","Turbo"],"picked":"Redo+1","floor":18},{"not_picked":["Chaos","Stack"],"picked":"Glacier+1","floor":19}],"player_experience":594228,"relics_obtained":[{"floor":7,"key":"Strawberry"},{"floor":9,"key":"Meat on the Bone"}],"event_choices":[{"damage_healed":0,"gold_gain":0,"player_choice":"Entered Light","damage_taken":15,"max_hp_gain":0,"max_hp_loss":0,"event_name":"Shining Light","floor":4,"gold_loss":0,"cards_upgraded":["Strike_B","Strike_B"]},{"damage_healed":0,"gold_gain":0,"player_choice":"Grow","damage_taken":0,"max_hp_gain":0,"max_hp_loss":0,"event_name":"Living Wall","floor":5,"gold_loss":0,"cards_upgraded":["Stack"]}],"is_beta":false,"boss_relics":[{"not_picked":["Coffee Dripper","Cursed Key"],"picked":"Pandora\u0027s Box"}],"items_purged_floors":[],"is_endless":false,"potions_floor_spawned":[7,16,19],"killed_by":"Centurion and Healer","ascension_level":7}