{"gold_per_floor":[99,99,19,19,19,19,19,19,19,19,19,19,19,19,19,19,19,19,19,19,19,19,19,19,19,19,19,19,19,19],"floor_reached":30,"playtime":1250,"items_purged":[],"score":642,"play_id":"0bbdb34c-90d3-4fc3-8298-aadb800cfa2a","local_time":"20190310174004","is_ascension_mode":true,"campfire_choices":[{"data":"Neutralize","floor":6.0,"key":"SMITH"},{"floor":8.0,"key":"REST"},{"data":"Noxious Fumes","floor":12.0,"key":"SMITH"},{"data":"Noxious Fumes","floor":15.0,"key":"SMITH"},{"floor":24.0,"key":"REST"},{"data":"Well Laid Plans","floor":28.0,"key":"SMITH"}],"neow_cost":"NONE","seed_source_timestamp":309213475399791,"circlet_count":0,"master_deck":["AscendersBane","Defend_G","Defend_G","Defend_G","Defend_G","Defend_G","Strike_G","Strike_G","Strike_G","Survivor","Neutralize+1","Backflip","Noxious Fumes+1","Poisoned Stab","Noxious Fumes+1","Crippling Poison","Dagger Spray+1","Skewer+1","Corpse Explosion","Deadly Poison","Backflip","Caltrops","Bane+1","Blur","Dodge and Roll+1","Well Laid Plans+1","Escape Plan","Envenom","Backflip","Wraith Form v2","Burst"],"special_seed":0,"relics":["Ectoplasm","Regal Pillow","StoneCalendar","Molten Egg 2","Dead Branch","Strawberry","Nloth\u0027s Gift","Oddly Smooth Stone","Incense Burner"],"potions_floor_usage":[30],"damage_taken":[{"damage":4.0,"enemies":"2 Louse","floor":1.0,"turns":2.0},{"damage":9.0,"enemies":"Jaw Worm","floor":5.0,"turns":5.0},{"damage":34.0,"enemies":"3 Sentries","floor":7.0,"turns":10.0},{"damage":6.0,"enemies":"Gremlin Nob","floor":10.0,"turns":4.0},{"damage":0.0,"enemies":"Cultist","floor":13.0,"turns":4.0},{"damage":0.0,"enemies":"Exordium Thugs","floor":14.0,"turns":4.0},{"damage":13.0,"enemies":"Hexaghost","floor":16.0,"turns":7.0},{"damage":12.0,"enemies":"Spheric Guardian","floor":18.0,"turns":5.0},{"damage":0.0,"enemies":"3 Byrds","floor":19.0,"turns":2.0},{"damage":15.0,"enemies":"Snecko","floor":20.0,"turns":7.0},{"damage":2.0,"enemies":"Snake Plant","floor":22.0,"turns":4.0},{"damage":19.0,"enemies":"Gremlin Leader","floor":23.0,"turns":6.0},{"damage":31.0,"enemies":"Slavers","floor":27.0,"turns":5.0},{"damage":26.0,"enemies":"Book of Stabbing","floor":29.0,"turns":6.0},{"damage":15,"enemies":"Shelled Parasite and Fungi","floor":30,"turns":5}],"seed_played":"-1221608159493672817","potions_obtained":[{"floor":1.0,"key":"GhostInAJar"},{"floor":7.0,"key":"Swift Potion"},{"floor":16.0,"key":"Explosive Potion"},{"floor":19.0,"key":"SpeedPotion"},{"floor":20.0,"key":"Regen Potion"},{"floor":27.0,"key":"GamblersBrew"}],"is_trial":false,"path_per_floor":["M","?","$","?","M","R","E","R","T","E","?","R","M","M","R","B",null,"M","M","M","?","M","E","R","?","T","E","R","E","M"],"character_chosen":"THE_SILENT","items_purchased":["Noxious Fumes"],"campfire_rested":2,"item_purchase_floors":[3],"current_hp_per_floor":[55,50,50,50,41,41,7,41,41,35,35,35,35,35,35,22,55,43,43,28,28,26,29,65,65,65,34,34,8,0],"gold":19,"neow_bonus":"BOSS_RELIC","is_prod":false,"is_daily":false,"chose_seed":false,"campfire_upgraded":4,"win_rate":0,"timestamp":1552254004,"path_taken":["M","?","$","?","M","R","E","R","T","E","?","R","?","M","R","BOSS","M","M","M","?","M","E","R","?","T","E","R","E","?"],"build_version":"2019-02-06","purchased_purges":0,"victory":false,"max_hp_per_floor":[66,66,66,66,66,66,66,66,66,66,66,66,66,66,66,66,66,66,66,66,66,66,73,73,73,73,73,73,73,73],"card_choices":[{"not_picked":["Expertise","Bane"],"picked":"Backflip","floor":1.0},{"not_picked":["Outmaneuver","Slice"],"picked":"Poisoned Stab","floor":5.0},{"not_picked":["Tactician","Flying Knee"],"picked":"Noxious Fumes","floor":7.0},{"not_picked":["Deflect","Flying Knee+1"],"picked":"Crippling Poison","floor":10.0},{"not_picked":["Dagger Throw+1","Slice+1"],"picked":"Dagger Spray+1","floor":13.0},{"not_picked":["Cloak And Dagger","Underhanded Strike+1"],"picked":"Skewer+1","floor":14.0},{"not_picked":["Grand Finale+1","Night Terror"],"picked":"Corpse Explosion","floor":16.0},{"not_picked":["Blade Dance","Expertise"],"picked":"Deadly Poison","floor":17.0},{"not_picked":["Flying Knee+1","Concentrate"],"picked":"Backflip","floor":17.0},{"not_picked":["Endless Agony+1","Acrobatics"],"picked":"Caltrops","floor":17.0},{"not_picked":["Prepared","Deflect"],"picked":"Bane+1","floor":17.0},{"not_picked":["Finisher+1","Accuracy"],"picked":"Blur","floor":18.0},{"not_picked":["Deflect","Endless Agony+1"],"picked":"Dodge and Roll+1","floor":19.0},{"not_picked":["Accuracy","Expertise"],"picked":"Well Laid Plans","floor":20.0},{"not_picked":["Flying Knee+1","Tactician"],"picked":"Backflip","floor":22.0},{"not_picked":["Poisoned Stab+1","PiercingWail"],"picked":"Wraith Form v2","floor":23.0},{"not_picked":["Doppelganger","Outmaneuver","Storm of Steel"],"picked":"SKIP","floor":27.0},{"not_picked":["Quick Slash+1","Accuracy"],"picked":"Burst","floor":29.0}],"player_experience":1081468,"relics_obtained":[{"floor":7.0,"key":"StoneCalendar"},{"floor":9.0,"key":"Molten Egg 2"},{"floor":10.0,"key":"Dead Branch"},{"floor":23.0,"key":"Strawberry"},{"floor":27.0,"key":"Oddly Smooth Stone"},{"floor":29.0,"key":"Incense Burner"}],"event_choices":[{"damage_healed":0.0,"max_hp_gain":0.0,"max_hp_loss":0.0,"gold_gain":0.0,"event_name":"Scrap Ooze","player_choice":"Success","floor":2.0,"gold_loss":0.0,"damage_taken":5.0,"relics_obtained":["Regal Pillow"]},{"damage_healed":0.0,"max_hp_gain":0.0,"max_hp_loss":0.0,"gold_gain":0.0,"event_name":"The Cleric","player_choice":"Leave","floor":4.0,"gold_loss":0.0,"damage_taken":0.0},{"damage_healed":0.0,"max_hp_gain":0.0,"max_hp_loss":0.0,"gold_gain":0.0,"event_name":"Liars Game","player_choice":"Ignored","floor":11.0,"gold_loss":0.0,"damage_taken":0.0},{"damage_healed":0.0,"max_hp_gain":0.0,"max_hp_loss":0.0,"gold_gain":0.0,"cards_transformed":["Strike_G","Strike_G"],"event_name":"Drug Dealer","player_choice":"Became Test Subject","floor":21.0,"gold_loss":0.0,"damage_taken":0.0,"cards_obtained":["Escape Plan","Envenom"]},{"damage_healed":0.0,"max_hp_gain":0.0,"max_hp_loss":0.0,"gold_gain":0.0,"event_name":"N\u0027loth","player_choice":"Traded Relic","floor":25.0,"relics_lost":["Orrery"],"gold_loss":0.0,"damage_taken":0.0,"relics_obtained":["Nloth\u0027s Gift"]}],"is_beta":true,"boss_relics":[{"not_picked":["Pandora\u0027s Box","Runic Pyramid"],"picked":"Orrery"}],"items_purged_floors":[],"is_endless":false,"potions_floor_spawned":[1,7,16,19,20,27],"killed_by":"Shelled Parasite and Fungi","ascension_level":20}