{"gold_per_floor":[362,362,375,390,401,401,436,436,436,436,470,480,437,457,457,457],"floor_reached":16,"playtime":543,"items_purged":[],"score":224,"play_id":"229f0f7a-ad14-4aa8-be7f-5b6588f6ffe4","local_time":"20181105090512","is_ascension_mode":true,"campfire_choices":[{"data":"Cold Snap","floor":6.0,"key":"SMITH"},{"data":"Streamline","floor":8.0,"key":"SMITH"},{"floor":10.0,"key":"REST"},{"floor":15,"key":"REST"}],"neow_cost":"TEN_PERCENT_HP_LOSS","seed_source_timestamp":173477683494242,"circlet_count":0,"master_deck":["AscendersBane","Strike_B","Strike_B","Strike_B","Strike_B","Defend_B","Defend_B","Defend_B","Defend_B","Zap+1","Dualcast","Barrage","Steam","Cold Snap+1","Capacitor","Streamline+1","Electrodynamics","Go for the Eyes","Barrage"],"special_seed":0,"relics":["Cracked Core","Vajra","Boot","The Courier"],"potions_floor_usage":[11,16],"damage_taken":[{"damage":7.0,"enemies":"Jaw Worm","floor":1.0,"turns":4.0},{"damage":0.0,"enemies":"Cultist","floor":3.0,"turns":3.0},{"damage":14.0,"enemies":"Small Slimes","floor":4.0,"turns":3.0},{"damage":1.0,"enemies":"Looter","floor":5.0,"turns":3.0},{"damage":28.0,"enemies":"Lagavulin","floor":7.0,"turns":8.0},{"damage":26,"enemies":"3 Sentries","floor":11,"turns":8},{"damage":0,"enemies":"Large Slime","floor":12,"turns":3},{"damage":0,"enemies":"2 Fungi Beasts","floor":14,"turns":3},{"damage":25,"enemies":"The Guardian","floor":16,"turns":7}],"seed_played":"-5101263409113678037","potions_obtained":[{"floor":3.0,"key":"Weak Potion"},{"floor":5.0,"key":"SpeedPotion"}],"is_trial":false,"path_per_floor":["M","?","M","M","M","M","R","E","R","T","R","E","M","$","M","R","B"],"character_chosen":"DEFECT","items_purchased":["Energy Potion"],"campfire_rested":2,"item_purchase_floors":[13],"current_hp_per_floor":[57,57,57,43,42,42,14,14,14,33,7,7,7,7,26,1],"gold":457,"neow_bonus":"TWO_FIFTY_GOLD","is_prod":false,"is_daily":false,"chose_seed":false,"campfire_upgraded":2,"win_rate":0,"timestamp":1541426712,"path_taken":["M","?","?","?","?","R","E","R","T","R","E","M","$","M","R","BOSS"],"build_version":"2018-11-02","purchased_purges":0,"victory":false,"max_hp_per_floor":[64,64,64,64,64,64,64,64,64,64,64,64,64,64,64,64],"card_choices":[{"not_picked":["Turbo","Rip and Tear"],"picked":"Barrage","floor":1.0},{"not_picked":["Rebound","Recycle"],"picked":"Steam","floor":3.0},{"not_picked":["Compile Driver","Turbo"],"picked":"Cold Snap","floor":4.0},{"not_picked":["Consume","Redo"],"picked":"Capacitor","floor":5.0},{"not_picked":["Steam Power","Fusion"],"picked":"Streamline","floor":7.0},{"not_picked":["Force Field","All For One"],"picked":"Electrodynamics","floor":11},{"not_picked":["Storm","Compile Driver"],"picked":"Go for the Eyes","floor":12},{"not_picked":["Lockon","Rebound"],"picked":"Barrage","floor":14}],"player_experience":850839,"relics_obtained":[{"floor":7.0,"key":"Vajra"},{"floor":9.0,"key":"Boot"},{"floor":11,"key":"The Courier"}],"event_choices":[{"damage_healed":0.0,"max_hp_gain":0.0,"max_hp_loss":0.0,"gold_gain":0.0,"event_name":"Upgrade Shrine","player_choice":"Upgraded","floor":2.0,"gold_loss":0.0,"damage_taken":0.0,"cards_upgraded":["Zap"]}],"is_beta":true,"boss_relics":[],"items_purged_floors":[],"is_endless":false,"potions_floor_spawned":[3,5],"killed_by":"The Guardian","ascension_level":20}