{"gold_per_floor":[118,144,158,82,7,40,40,70,152,165,115,115,135,152,152,227,227,242,277,325,380,380,406,406,315,315,342,342,359,379,395,395,395],"floor_reached":33,"playtime":1248,"items_purged":["Strike_B"],"score":586,"play_id":"7cfa082d-08fe-4e4d-a0e4-7ca31c04da23","local_time":"20181117203115","is_ascension_mode":true,"campfire_choices":[{"data":"Doom and Gloom","floor":7.0,"key":"SMITH"},{"data":"Loop","floor":12.0,"key":"SMITH"},{"data":"Go for the Eyes","floor":15.0,"key":"SMITH"},{"floor":28,"key":"REST"},{"floor":32,"key":"REST"}],"neow_cost":"NONE","seed_source_timestamp":260475669816408,"circlet_count":0,"master_deck":["AscendersBane","Strike_B+1","Strike_B+1","Defend_B","Defend_B","Defend_B","Defend_B","Zap","Dualcast","Forethought","FTL","Coolheaded+1","Doom and Gloom+1","Electrodynamics","Loop+1","Reinforced Body","Conserve Battery+1","Go for the Eyes+1","Core Surge","BootSequence","Chill","Capacitor","Genetic Algorithm","Hologram","Hologram","Static Discharge"],"special_seed":0,"relics":["Cracked Core","Whetstone","Smiling Mask","Art of War","Tiny Chest","Velvet Choker","Red Mask","War Paint","Strawberry","Centennial Puzzle","Mummified Hand","Sundial","Mercury Hourglass","Bag of Preparation"],"potions_floor_usage":[27,29,33,33],"damage_taken":[{"damage":2.0,"enemies":"Cultist","floor":1.0,"turns":4.0},{"damage":2.0,"enemies":"2 Louse","floor":3.0,"turns":2.0},{"damage":9.0,"enemies":"Gremlin Nob","floor":6.0,"turns":3.0},{"damage":15.0,"enemies":"3 Sentries","floor":8.0,"turns":3.0},{"damage":0.0,"enemies":"Small Slimes","floor":10.0,"turns":2.0},{"damage":0.0,"enemies":"Exordium Wildlife","floor":13.0,"turns":2.0},{"damage":9.0,"enemies":"Blue Slaver","floor":14.0,"turns":4.0},{"damage":2.0,"enemies":"The Guardian","floor":16.0,"turns":8.0},{"damage":9.0,"enemies":"3 Byrds","floor":18.0,"turns":2.0},{"damage":21.0,"enemies":"Masked Bandits","floor":19.0,"turns":3.0},{"damage":15.0,"enemies":"Book of Stabbing","floor":23.0,"turns":6.0},{"damage":12,"enemies":"Slavers","floor":27,"turns":4},{"damage":0,"enemies":"Spheric Guardian","floor":29,"turns":4},{"damage":3,"enemies":"Snecko","floor":30,"turns":4},{"damage":0,"enemies":"3 Cultists","floor":31,"turns":3},{"damage":69,"enemies":"Collector","floor":33,"turns":8}],"seed_played":"-235866770278209255","potions_obtained":[{"floor":3.0,"key":"Poison Potion"},{"floor":8.0,"key":"SpeedPotion"},{"floor":10.0,"key":"Energy Potion"},{"floor":13.0,"key":"PowerPotion"},{"floor":18.0,"key":"SteroidPotion"},{"floor":19.0,"key":"Fire Potion"},{"floor":29,"key":"EssenceOfSteel"},{"floor":30,"key":"SkillPotion"}],"is_trial":false,"path_per_floor":["M","T","M","$","?","E","R","E","T","M","$","R","M","M","R","B",null,"M","?","T","T","T","E","T","$","T","E","R","M","M","M","R","B"],"character_chosen":"DEFECT","items_purchased":["Doom and Gloom","Genetic Algorithm","Block Potion"],"campfire_rested":2,"item_purchase_floors":[4,25,25],"current_hp_per_floor":[62,62,60,60,60,51,51,36,36,36,36,36,36,27,27,25,60,51,30,30,37,37,22,22,22,22,10,33,33,30,30,53,0],"gold":395,"neow_bonus":"RANDOM_COLORLESS","is_prod":false,"is_daily":false,"chose_seed":false,"campfire_upgraded":3,"win_rate":0,"timestamp":1542504675,"path_taken":["M","?","?","?","?","E","R","E","T","M","$","R","M","M","R","BOSS","M","?","?","?","?","E","?","?","T","E","R","M","M","M","R","BOSS"],"build_version":"2018-11-15","purchased_purges":1,"victory":false,"max_hp_per_floor":[71,71,71,71,71,71,71,71,71,71,71,71,71,71,71,71,71,71,71,71,78,78,78,78,78,78,78,78,78,78,78,78,78],"card_choices":[{"not_picked":["Aggregate","Blizzard"],"picked":"FTL","floor":1.0},{"not_picked":["Turbo","Leap"],"picked":"Coolheaded","floor":3.0},{"not_picked":["Conserve Battery","Static Discharge"],"picked":"Electrodynamics","floor":6.0},{"not_picked":["Stack","Conserve Battery"],"picked":"Loop","floor":8.0},{"not_picked":["Heatsinks","Barrage"],"picked":"Reinforced Body","floor":10.0},{"not_picked":["Coolheaded","Leap"],"picked":"Conserve Battery","floor":13.0},{"not_picked":["Hologram","Aggregate"],"picked":"Go for the Eyes","floor":14.0},{"not_picked":["Rainbow","All For One"],"picked":"Core Surge","floor":16.0},{"not_picked":["Compile Driver","Conserve Battery"],"picked":"BootSequence","floor":18.0},{"not_picked":["Lockon","Redo"],"picked":"Chill","floor":19.0},{"not_picked":["Machine Learning","Thunder Strike"],"picked":"Capacitor","floor":23.0},{"not_picked":["Aggregate+1","Gash","Scrape"],"picked":"SKIP","floor":27},{"not_picked":["Beam Cell","Gash"],"picked":"Hologram","floor":29},{"not_picked":["Scrape","Compile Driver"],"picked":"Hologram","floor":30},{"not_picked":["Beam Cell","Steam"],"picked":"Static Discharge","floor":31}],"player_experience":880114,"relics_obtained":[{"floor":2.0,"key":"Whetstone"},{"floor":6.0,"key":"Smiling Mask"},{"floor":8.0,"key":"Art of War"},{"floor":9.0,"key":"Tiny Chest"},{"floor":19.0,"key":"Red Mask"},{"floor":20.0,"key":"War Paint"},{"floor":21.0,"key":"Strawberry"},{"floor":22.0,"key":"Centennial Puzzle"},{"floor":23.0,"key":"Mummified Hand"},{"floor":24.0,"key":"Sundial"},{"floor":26.0,"key":"Mercury Hourglass"},{"floor":27,"key":"Bag of Preparation"}],"event_choices":[{"cards_removed":["Strike_B"],"damage_healed":0.0,"max_hp_gain":0.0,"max_hp_loss":0.0,"gold_gain":0.0,"event_name":"The Cleric","player_choice":"Card Removal","floor":5.0,"gold_loss":75.0,"damage_taken":0.0},{"damage_healed":0.0,"max_hp_gain":0.0,"max_hp_loss":0.0,"gold_gain":0.0,"event_name":"Masked Bandits","player_choice":"Fought Bandits","floor":19.0,"gold_loss":0.0,"damage_taken":0.0}],"is_beta":true,"boss_relics":[{"not_picked":["Sozu","Eternal Feather"],"picked":"Velvet Choker"}],"items_purged_floors":[11],"is_endless":false,"potions_floor_spawned":[3,8,10,13,18,19,29,30],"killed_by":"Collector","ascension_level":20}