{"gold_per_floor":[118,118,138,151,165,165,165,152,202,202,231,26,55,55,55,154,154,168,168,168,168,185,185,185,15,40,51,51,68,68,95,95,95],"floor_reached":33,"playtime":1259,"items_purged":["Defend_G"],"score":273,"play_id":"d40fb178-b46c-4468-a4e4-def12a14793b","local_time":"20190127042248","is_ascension_mode":false,"campfire_choices":[{"data":"Cloak And Dagger","floor":6,"key":"SMITH"},{"floor":15,"key":"REST"},{"floor":23,"key":"REST"},{"floor":28,"key":"REST"},{"data":"A Thousand Cuts","floor":30,"key":"SMITH"},{"floor":32,"key":"REST"}],"neow_cost":"NONE","seed_source_timestamp":829053761653677,"circlet_count":0,"master_deck":["Defend_G","Defend_G","Defend_G","Defend_G","Strike_G","Strike_G","Strike_G","Strike_G","Strike_G","Survivor","Neutralize+1","Cloak And Dagger+1","Cloak And Dagger+1","A Thousand Cuts+1","Necronomicurse","Storm of Steel"],"relics":["Ring of the Snake","NeowsBlessing","Blood Vial","Kunai","Blue Candle","HandDrill","Lantern","WristBlade","Necronomicon","Matryoshka","Oddly Smooth Stone","Happy Flower","Singing Bowl"],"potions_floor_usage":[11,19,33,33],"damage_taken":[{"damage":0,"enemies":"Jaw Worm","floor":1,"turns":1},{"damage":0,"enemies":"Cultist","floor":3,"turns":1},{"damage":0,"enemies":"2 Louse","floor":4,"turns":1},{"damage":0,"enemies":"Looter","floor":5,"turns":4},{"damage":20,"enemies":"Exordium Thugs","floor":8,"turns":4},{"damage":24,"enemies":"Gremlin Nob","floor":11,"turns":5},{"damage":10,"enemies":"Lagavulin","floor":13,"turns":7},{"damage":17,"enemies":"The Guardian","floor":16,"turns":16},{"damage":11,"enemies":"Spheric Guardian","floor":18,"turns":4},{"damage":7,"enemies":"Colosseum Slavers","floor":19,"turns":4},{"damage":14,"enemies":"Shell Parasite","floor":22,"turns":4},{"damage":20,"enemies":"Sentry and Sphere","floor":27,"turns":6},{"damage":10,"enemies":"Centurion and Healer","floor":29,"turns":7},{"damage":53,"enemies":"Gremlin Leader","floor":31,"turns":6},{"damage":32,"enemies":"Champ","floor":33,"turns":7}],"seed_played":"-8658446515529670422","potions_obtained":[{"floor":8,"key":"Fire Potion"},{"floor":11,"key":"Strength Potion"},{"floor":18,"key":"AttackPotion"},{"floor":31,"key":"Block Potion"}],"is_trial":false,"path_per_floor":["M","?","M","M","M","R","?","M","T","T","E","$","E","?","R","B",null,"M","?","?","?","M","R","T","$","T","M","R","M","R","E","R","B"],"character_chosen":"THE_SILENT","items_purchased":["HandDrill","FairyPotion"],"campfire_rested":4,"item_purchase_floors":[12,25],"current_hp_per_floor":[70,70,70,70,70,70,70,50,50,50,28,28,20,20,41,26,70,59,54,54,38,26,47,47,47,47,29,50,42,42,7,28,0],"gold":95,"neow_bonus":"THREE_ENEMY_KILL","is_prod":false,"is_daily":false,"chose_seed":false,"campfire_upgraded":2,"win_rate":0,"timestamp":1548591768,"path_taken":["M","?","M","M","?","R","?","M","T","?","E","$","E","?","R","BOSS","M","?","?","?","M","R","?","$","T","M","R","?","R","E","R","BOSS"],"build_version":"2019-01-23","purchased_purges":1,"victory":false,"max_hp_per_floor":[70,70,70,70,70,70,70,70,70,70,70,70,70,70,70,70,70,70,70,70,70,70,70,70,70,70,70,70,70,70,70,70,70],"card_choices":[{"not_picked":["Outmaneuver","Deflect","Tactician"],"picked":"SKIP","floor":1},{"not_picked":["Prepared","Deflect"],"picked":"Cloak And Dagger","floor":3},{"not_picked":["Calculated Gamble","Prepared","Outmaneuver"],"picked":"SKIP","floor":4},{"not_picked":["Blade Dance","Prepared"],"picked":"Cloak And Dagger","floor":5},{"not_picked":["Concentrate","Deflect","Dagger Spray"],"picked":"SKIP","floor":8},{"not_picked":["Sucker Punch","Calculated Gamble","Poisoned Stab"],"picked":"SKIP","floor":11},{"not_picked":["Endless Agony","PiercingWail","Quick Slash"],"picked":"SKIP","floor":13},{"not_picked":["Die Die Die","Storm of Steel"],"picked":"A Thousand Cuts","floor":16},{"not_picked":["Prepared","Dash","Outmaneuver"],"picked":"SKIP","floor":18},{"not_picked":["Deadly Poison+1","Acrobatics","Quick Slash"],"picked":"SKIP","floor":22},{"not_picked":["Outmaneuver","Noxious Fumes","Slice+1"],"picked":"SKIP","floor":27},{"not_picked":["Setup","Outmaneuver","Leg Sweep+1"],"picked":"SKIP","floor":29},{"not_picked":["Masterful Stab","Slice"],"picked":"Storm of Steel","floor":31}],"player_experience":186717,"relics_obtained":[{"floor":9,"key":"Blood Vial"},{"floor":10,"key":"Kunai"},{"floor":11,"key":"Blue Candle"},{"floor":13,"key":"Lantern"},{"floor":21,"key":"Necronomicon"},{"floor":24,"key":"Matryoshka"},{"floor":26,"key":"Oddly Smooth Stone"},{"floor":26,"key":"Happy Flower"},{"floor":31,"key":"Singing Bowl"}],"event_choices":[{"damage_healed":0,"gold_gain":0,"player_choice":"Upgraded","damage_taken":0,"max_hp_gain":0,"max_hp_loss":0,"event_name":"Upgrade Shrine","floor":2,"gold_loss":0,"cards_upgraded":["Neutralize"]},{"damage_healed":0,"gold_gain":0,"player_choice":"Grow","damage_taken":0,"max_hp_gain":0,"max_hp_loss":0,"event_name":"Living Wall","floor":7,"gold_loss":0,"cards_upgraded":["Cloak And Dagger"]},{"damage_healed":0,"gold_gain":0,"player_choice":"Ignored","damage_taken":0,"max_hp_gain":0,"max_hp_loss":0,"event_name":"Golden Idol","floor":14,"gold_loss":0},{"damage_healed":0,"gold_gain":0,"player_choice":"Fight","damage_taken":0,"max_hp_gain":0,"max_hp_loss":0,"event_name":"Colosseum","floor":19,"gold_loss":0},{"damage_healed":0,"gold_gain":0,"player_choice":"Fled From Nobs","damage_taken":0,"max_hp_gain":0,"max_hp_loss":0,"event_name":"Colosseum","floor":19,"gold_loss":0},{"damage_healed":0,"gold_gain":0,"player_choice":"Ignored","damage_taken":0,"max_hp_gain":0,"max_hp_loss":0,"event_name":"Ghosts","floor":20,"gold_loss":0},{"damage_healed":0,"gold_gain":0,"player_choice":"Obtained Book","damage_taken":16,"max_hp_gain":0,"max_hp_loss":0,"event_name":"Cursed Tome","floor":21,"gold_loss":0}],"is_beta":false,"boss_relics":[{"not_picked":["Calling Bell","Pandora\u0027s Box"],"picked":"WristBlade"}],"items_purged_floors":[25],"is_endless":false,"potions_floor_spawned":[8,11,18,31],"killed_by":"Champ","ascension_level":0}