{"gold_per_floor":[116,132,148,158,308,308,336,336,336,365,365,207,207,242,242,331,331,346,346,346,381,395,395,420,420,420,436,471,471,506,506,506,584,584,596,596,185,201,221,254,286,313,394,53,81,81,110,127,127,127,127],"floor_reached":52,"playtime":3103,"items_purged":["Doubt"],"score":2257,"play_id":"a275c583-cdbe-4ed5-98e6-4d9bf1ec8833","local_time":"20181012225442","is_ascension_mode":true,"campfire_choices":[{"data":"Dualcast","floor":6,"key":"SMITH"},{"data":"Zap","floor":8,"key":"SMITH"},{"floor":13,"key":"REST"},{"data":"Capacitor","floor":15,"key":"SMITH"},{"floor":23,"key":"REST"},{"floor":25,"key":"REST"},{"floor":32,"key":"REST"},{"floor":49,"key":"REST"}],"neow_cost":"NONE","seed_source_timestamp":99038511957595,"circlet_count":0,"master_deck":["Strike_B","Strike_B","Strike_B","Strike_B","Defend_B","Defend_B","Defend_B","Defend_B","Zap+1","Dualcast+1","AscendersBane","Ball Lightning","Electrodynamics","Capacitor+1","Undo","Biased Cognition","Skim","Ghostly","Ghostly","Ghostly","Ghostly","Ghostly","Undo","Lockon","Tempest","Core Surge","Apotheosis","Melter+1"],"relics":["Cracked Core","Orichalcum","Omamori","Lantern","Mummified Hand","Bloody Idol","Dream Catcher","Fusion Hammer","Red Mask","Oddly Smooth Stone","Bottled Tornado","Question Card","Bottled Lightning","Singing Bowl","Busted Crown","Bag of Preparation","MawBank","Pear","Incense Burner","Boot","Dead Branch"],"potions_floor_usage":[7,7,16,33,50],"damage_taken":[{"damage":0,"enemies":"2 Louse","floor":1,"turns":3},{"damage":0,"enemies":"Cultist","floor":2,"turns":3},{"damage":6,"enemies":"Jaw Worm","floor":3,"turns":2},{"damage":2,"enemies":"Looter","floor":4,"turns":3},{"damage":20,"enemies":"Gremlin Nob","floor":7,"turns":4},{"damage":24,"enemies":"Lagavulin","floor":10,"turns":7},{"damage":14,"enemies":"3 Sentries","floor":14,"turns":4},{"damage":16,"enemies":"Hexaghost","floor":16,"turns":8},{"damage":4,"enemies":"2 Thieves","floor":18,"turns":2},{"damage":0,"enemies":"Masked Bandits","floor":21,"turns":3},{"damage":0,"enemies":"Shell Parasite","floor":22,"turns":7},{"damage":6,"enemies":"Gremlin Leader","floor":24,"turns":7},{"damage":0,"enemies":"Centurion and Healer","floor":27,"turns":5},{"damage":23,"enemies":"Book of Stabbing","floor":28,"turns":5},{"damage":0,"enemies":"Gremlin Leader","floor":30,"turns":5},{"damage":0,"enemies":"Collector","floor":33,"turns":7},{"damage":0,"enemies":"3 Shapes","floor":35,"turns":3},{"damage":0,"enemies":"Orb Walker","floor":38,"turns":4},{"damage":0,"enemies":"3 Darklings","floor":39,"turns":3},{"damage":0,"enemies":"2 Orb Walkers","floor":40,"turns":4},{"damage":0,"enemies":"Transient","floor":41,"turns":6},{"damage":0,"enemies":"4 Shapes","floor":42,"turns":2},{"damage":7,"enemies":"Giant Head","floor":45,"turns":9},{"damage":0,"enemies":"Nemesis","floor":47,"turns":5},{"damage":0,"enemies":"Spire Growth","floor":48,"turns":6},{"damage":21,"enemies":"Time Eater","floor":50,"turns":38},{"damage":37,"enemies":"Awakened One","floor":51,"turns":16}],"seed_played":"-8560092221291119103","potions_obtained":[{"floor":2,"key":"GamblersBrew"},{"floor":3,"key":"Strength Potion"},{"floor":7,"key":"SteroidPotion"},{"floor":22,"key":"Fire Potion"},{"floor":28,"key":"PowerPotion"},{"floor":33,"key":"Weak Potion"},{"floor":35,"key":"SkillPotion"},{"floor":38,"key":"Swift Potion"}],"is_trial":false,"path_per_floor":["M","M","M","M","?","R","E","R","T","E","?","$","R","E","R","B",null,"M","?","?","?","M","R","E","R","T","M","E","?","E","T","R","B",null,"M","?","$","M","M","E","M","M","T","$","E","?","E","M","R","B","B"],"character_chosen":"DEFECT","items_purchased":["FocusPotion","Bag of Preparation","Apotheosis","Incense Burner"],"campfire_rested":5,"item_purchase_floors":[12,37,37,44],"current_hp_per_floor":[64,64,58,56,56,56,36,36,36,12,12,12,33,19,19,3,54,50,50,35,35,35,35,34,35,35,35,17,17,22,22,34,37,37,39,35,35,42,47,49,51,53,63,63,63,65,67,69,71,50,13],"gold":127,"neow_bonus":"RANDOM_COMMON_RELIC","is_prod":false,"is_daily":false,"chose_seed":false,"campfire_upgraded":3,"win_rate":0,"timestamp":1539399282,"path_taken":["M","M","M","M","?","R","E","R","T","E","?","$","R","E","R","BOSS","M","?","?","?","?","R","E","R","T","M","E","?","E","?","R","BOSS","M","?","$","M","?","E","M","M","T","$","E","?","E","M","R","BOSS","BOSS"],"build_version":"2018-10-11","purchased_purges":1,"victory":true,"max_hp_per_floor":[71,71,71,71,71,71,71,71,71,71,71,71,71,71,71,71,71,71,71,35,35,35,35,35,35,35,35,35,35,35,35,37,37,37,39,45,45,47,47,49,51,53,63,63,65,65,67,69,71,71,71],"card_choices":[{"not_picked":["Beam Cell","Gash","Fusion"],"picked":"SKIP","floor":1},{"not_picked":["Go for the Eyes","Coolheaded"],"picked":"Ball Lightning","floor":2},{"not_picked":["Beam Cell","Compile Driver"],"picked":"Electrodynamics","floor":3},{"not_picked":["Rebound","Ball Lightning"],"picked":"Capacitor","floor":4},{"not_picked":["Steam","Rebound","Recycle"],"picked":"SKIP","floor":7},{"not_picked":["Coolheaded","Hello World","Fission"],"picked":"SKIP","floor":10},{"not_picked":["Conserve Battery","Buffer"],"picked":"Undo","floor":14},{"not_picked":["Echo Form","Meteor Strike"],"picked":"Biased Cognition","floor":16},{"not_picked":["Redo","Gash"],"picked":"Skim","floor":18},{"not_picked":["Steam","Blizzard"],"picked":"Undo","floor":21},{"not_picked":["Leap","Consume"],"picked":"Lockon","floor":22},{"not_picked":["Reprogram","Reboot","Barrage"],"picked":"SKIP","floor":24},{"not_picked":["Redo","Compile Driver"],"picked":"Tempest","floor":25},{"not_picked":["Stack","Leap","Beam Cell"],"picked":"SKIP","floor":27},{"not_picked":["Leap","Coolheaded","Compile Driver"],"picked":"SKIP","floor":28},{"not_picked":["Steam","Rip and Tear+1","Genetic Algorithm","Doom and Gloom"],"picked":"SKIP","floor":30},{"not_picked":["All For One","Reprogram","Compile Driver","Blizzard"],"picked":"Singing Bowl","floor":32},{"not_picked":["Seek","Amplify","Rainbow"],"picked":"Core Surge","floor":33},{"not_picked":["Storm","Coolheaded"],"picked":"Singing Bowl","floor":35},{"not_picked":["Dark Shackles","Jack Of All Trades"],"picked":"Singing Bowl","floor":36},{"not_picked":["The Bomb","Panacea"],"picked":"Singing Bowl","floor":36},{"not_picked":["Swift Strike","Finesse"],"picked":"Singing Bowl","floor":36},{"not_picked":["Barrage","Coolheaded"],"picked":"Singing Bowl","floor":38},{"not_picked":["Streamline"],"picked":"Melter+1","floor":39},{"not_picked":["Glacier+1","Cold Snap"],"picked":"Singing Bowl","floor":40},{"not_picked":["Steam","Rebound+1"],"picked":"Singing Bowl","floor":41},{"not_picked":["Ball Lightning","Compile Driver"],"picked":"Singing Bowl","floor":42},{"not_picked":["Meteor Strike","Rebound+1"],"picked":"Singing Bowl","floor":45},{"not_picked":["Cold Snap","Force Field+1"],"picked":"Singing Bowl","floor":47},{"not_picked":["White Noise","Cold Snap"],"picked":"Singing Bowl","floor":48},{"not_picked":["Stack","Reprogram"],"picked":"Singing Bowl","floor":49}],"player_experience":951643,"relics_obtained":[{"floor":7,"key":"Omamori"},{"floor":9,"key":"Lantern"},{"floor":10,"key":"Mummified Hand"},{"floor":14,"key":"Dream Catcher"},{"floor":21,"key":"Red Mask"},{"floor":24,"key":"Oddly Smooth Stone"},{"floor":26,"key":"Bottled Tornado"},{"floor":28,"key":"Question Card"},{"floor":30,"key":"Bottled Lightning"},{"floor":31,"key":"Singing Bowl"},{"floor":40,"key":"MawBank"},{"floor":43,"key":"Pear"},{"floor":45,"key":"Boot"},{"floor":47,"key":"Dead Branch"}],"event_choices":[{"event_name":"Liars Game","player_choice":"agreed","floor":5,"damage_taken":0},{"event_name":"Golden Idol","player_choice":"Take Wound","floor":11,"damage_taken":0},{"event_name":"Forgotten Altar","player_choice":"Gave Idol","floor":19,"damage_taken":0},{"event_name":"Ghosts","player_choice":"Became a Ghost","floor":20,"damage_taken":0},{"event_name":"Masked Bandits","player_choice":"Fought Bandits","floor":21,"damage_taken":0},{"event_name":"N\u0027loth","player_choice":"Ignored","floor":29,"damage_taken":0},{"event_name":"SensoryStone","player_choice":"Memory 3","floor":36,"damage_taken":0},{"event_name":"Winding Halls","player_choice":"Writhe","floor":46,"damage_taken":0}],"is_beta":false,"boss_relics":[{"not_picked":["Philosopher\u0027s Stone","Nuclear Battery"],"picked":"Fusion Hammer"},{"not_picked":["Runic Pyramid","Pandora\u0027s Box"],"picked":"Busted Crown"}],"items_purged_floors":[12],"is_endless":false,"potions_floor_spawned":[2,3,7,22,28,33,35,38,40,45,48],"ascension_level":20}