{"path_per_floor":["M","?","M","M","?","R","E","R","T","M","T","M","M","E","R","B",null,"M","?","?","?","M","R","M","R","T","?","T","$","?","?","R","B",null,"M","M","?","M","M"],"character_chosen":"IRONCLAD","items_purchased":["Red Skull","Strength Potion"],"gold_per_floor":[110,110,122,132,132,132,161,161,185,195,195,215,234,262,262,367,367,377,377,377,377,396,396,413,413,413,413,440,104,104,104,104,202,202,214,231,231,245,260,260],"floor_reached":40,"campfire_rested":2,"playtime":1795,"current_hp_per_floor":[72,72,66,72,77,77,48,73,73,63,63,65,66,58,58,60,85,72,72,95,76,80,80,60,60,60,60,60,60,60,60,90,31,100,94,98,98,100,36,0],"items_purged":[],"gold":260,"score":496,"play_id":"6eaa7661-dc54-4f9b-bf06-a5ddd8e6f561","local_time":"20180401085229","is_prod":false,"is_daily":false,"is_ascension_mode":false,"campfire_upgraded":4,"timestamp":1522597949,"path_taken":["M","?","?","M","?","R","E","R","T","M","?","M","?","E","R","BOSS","M","?","?","?","M","R","?","R","T","?","?","?","?","?","R","BOSS","M","?","?","M","M","E"],"build_version":"2018-03-29v2","purchased_purges":0,"victory":false,"master_deck":["Strike_R+1","Strike_R+1","Strike_R+1","Strike_R+1","Strike_R+1","Defend_R+1","Defend_R+1","Defend_R+1","Defend_R+1","Bash","Limit Break+1","Clothesline","Clothesline","Armaments","Flex+1","Infernal Blade+1","Heavy Blade","Armaments","Double Tap+1","Whirlwind+1","Whirlwind+1","Berserk","Heavy Blade+1","Panache","Uppercut+1"],"max_hp_per_floor":[80,80,80,80,85,85,85,85,85,85,85,85,85,85,85,85,85,85,85,95,100,100,100,100,100,100,100,100,100,100,100,100,100,100,100,100,100,100,100,100],"relics":["Black Blood","Meat on the Bone","Prayer Wheel","Thread and Needle","Lantern","Runic Cube","Pen Nib","Oddly Smooth Stone","Red Skull","Anchor"],"card_choices":[{"not_picked":["Wild Strike","True Grit"],"picked":"Limit Break","floor":1},{"not_picked":["Cleave","Shrug It Off"],"picked":"Clothesline","floor":3},{"not_picked":["Infernal Blade","Clash"],"picked":"Clothesline","floor":4},{"not_picked":["Immolate","Twin Strike"],"picked":"Armaments","floor":7},{"not_picked":["Reckless Charge","Shrug It Off"],"picked":"Flex","floor":10},{"not_picked":["Pommel Strike","Hemokinesis"],"picked":"Infernal Blade","floor":11},{"not_picked":["Twin Strike","Shockwave"],"picked":"Heavy Blade","floor":12},{"not_picked":["Berserk","Disarm"],"picked":"Armaments","floor":14},{"not_picked":["Exhume","Fiend Fire"],"picked":"Double Tap","floor":16},{"not_picked":["True Grit","Pummel"],"picked":"Whirlwind","floor":22},{"not_picked":["Warcry","Sever Soul"],"picked":"Whirlwind","floor":24},{"not_picked":["Offering","Exhume"],"picked":"Berserk","floor":33},{"not_picked":["Armaments","Disarm"],"picked":"Heavy Blade","floor":36},{"not_picked":["Bandage Up","Sadistic Nature"],"picked":"Panache","floor":37},{"not_picked":["Clash","Perfected Strike"],"picked":"Uppercut","floor":38}],"player_experience":96240,"potions_floor_usage":[13,16,18,22,33,35,39,39],"damage_taken":[{"damage":14,"enemies":"Small Slimes","floor":1,"turns":3},{"damage":12,"enemies":"Cultist","floor":3,"turns":5},{"damage":0,"enemies":"2 Louse","floor":4,"turns":4},{"damage":35,"enemies":"Lagavulin","floor":7,"turns":5},{"damage":16,"enemies":"Gremlin Gang","floor":10,"turns":6},{"damage":4,"enemies":"Blue Slaver","floor":12,"turns":4},{"damage":9,"enemies":"Large Slime","floor":13,"turns":8},{"damage":14,"enemies":"3 Sentries","floor":14,"turns":5},{"damage":4,"enemies":"Slime Boss","floor":16,"turns":4},{"damage":19,"enemies":"2 Thieves","floor":18,"turns":4},{"damage":2,"enemies":"Chosen","floor":22,"turns":4},{"damage":38,"enemies":"Slaver and Parasite","floor":24,"turns":10},{"damage":77,"enemies":"Collector","floor":33,"turns":6},{"damage":16,"enemies":"3 Darklings","floor":35,"turns":4},{"damage":6,"enemies":"Orb Walker","floor":36,"turns":5},{"damage":2,"enemies":"3 Darklings","floor":38,"turns":3},{"damage":86,"enemies":"Maw","floor":39,"turns":11},{"damage":43,"enemies":"Nemesis","floor":40,"turns":6}],"event_choices":[{"event_name":"Purifier","player_choice":"Skipped","floor":2,"damage_taken":0},{"event_name":"Big Fish","player_choice":"Donut","floor":5,"damage_taken":0},{"event_name":"Back to Basics","player_choice":"Simplicity","floor":19,"damage_taken":0},{"event_name":"Bonfire Elementals","player_choice":"RARE","floor":20,"damage_taken":0},{"event_name":"Forgotten Altar","player_choice":"Shed Blood","floor":21,"damage_taken":0},{"event_name":"Beggar","player_choice":"Ignored","floor":27,"damage_taken":0},{"event_name":"Ghosts","player_choice":"Ignored","floor":30,"damage_taken":0},{"event_name":"The Mausoleum","player_choice":"Yes","floor":31,"damage_taken":0},{"event_name":"SensoryStone","player_choice":"Memory 1","floor":37,"damage_taken":0}],"boss_relics":[{"not_picked":["Tiny House","Snecko Eye"],"picked":"Runic Cube"},{"not_picked":["Lizard Tail","Runic Pyramid"],"picked":"Black Blood"}],"potions_floor_spawned":[1,7,10,13,18,33,35],"seed_played":"-8857469242982278367","killed_by":"Nemesis","ascension_level":0,"is_trial":false}