{"gold_per_floor":[111,111,111,62,25,56,56,156,226,226,255,27,27,44,44,142,142,152,152,152,352,365,385,413,413,413,447,447,459,474,490,490,490],"floor_reached":33,"playtime":1125,"items_purged":[],"score":358,"play_id":"eaff48cc-0185-4c78-9ea4-8570c79b7a1e","local_time":"20190306030251","is_ascension_mode":true,"campfire_choices":[{"data":"Genetic Algorithm","floor":7,"key":"SMITH"},{"data":"Chill","floor":10,"key":"SMITH"},{"data":"Ball Lightning","floor":15,"key":"SMITH"},{"data":"Genetic Algorithm","floor":25,"key":"SMITH"},{"data":"Self Repair","floor":28,"key":"SMITH"},{"data":"Sunder","floor":32,"key":"SMITH"}],"neow_cost":"NONE","seed_source_timestamp":39528827792325,"circlet_count":0,"master_deck":["Zap+1","Dualcast","Gash","Beam Cell","Chill+1","Genetic Algorithm+1","Ball Lightning+1","Genetic Algorithm+1","Rip and Tear","Buffer","Undo","Double Energy","Lockon","BootSequence","Streamline+1","Self Repair+1","Cold Snap","FTL+1","Redo+1","Sunder+1","Redo+1"],"relics":["Cracked Core","NeowsBlessing","Juzu Bracelet","The Courier","Art of War","Pantograph","Pandora\u0027s Box","Bag of Marbles","Blue Candle","Anchor"],"potions_floor_usage":[16,23,24,31,33],"damage_taken":[{"damage":0,"enemies":"Small Slimes","floor":1,"turns":1},{"damage":0,"enemies":"Gremlin Nob","floor":6,"turns":1},{"damage":0,"enemies":"3 Sentries","floor":11,"turns":1},{"damage":4,"enemies":"Jaw Worm","floor":14,"turns":2},{"damage":58,"enemies":"The Guardian","floor":16,"turns":9},{"damage":0,"enemies":"Chosen","floor":18,"turns":5},{"damage":15,"enemies":"Colosseum Slavers","floor":19,"turns":4},{"damage":3,"enemies":"2 Thieves","floor":22,"turns":4},{"damage":23,"enemies":"Snake Plant","floor":23,"turns":4},{"damage":19,"enemies":"Slavers","floor":24,"turns":6},{"damage":20,"enemies":"Book of Stabbing","floor":27,"turns":7},{"damage":14,"enemies":"Sentry and Sphere","floor":29,"turns":7},{"damage":0,"enemies":"Snecko","floor":30,"turns":4},{"damage":0,"enemies":"3 Cultists","floor":31,"turns":6},{"damage":77,"enemies":"Automaton","floor":33,"turns":10}],"seed_played":"8211903890624924146","potions_obtained":[{"floor":14,"key":"Fire Potion"},{"floor":16,"key":"Fire Potion"},{"floor":22,"key":"Energy Potion"},{"floor":27,"key":"LiquidBronze"},{"floor":30,"key":"Block Potion"}],"is_trial":false,"path_per_floor":["M","?","?","$","$","E","R","?","T","R","E","$","?","M","R","B",null,"M","?","?","?","M","M","E","R","T","E","R","M","M","M","R","B"],"character_chosen":"DEFECT","items_purchased":["Beam Cell","Chill","Pantograph","Ball Lightning"],"campfire_rested":0,"item_purchase_floors":[4,5,12,12],"current_hp_per_floor":[75,75,75,75,75,75,75,75,75,75,75,75,75,71,71,17,75,75,60,75,75,72,56,44,44,44,31,31,27,37,47,47,0],"gold":490,"neow_bonus":"THREE_ENEMY_KILL","is_prod":false,"is_daily":false,"chose_seed":false,"campfire_upgraded":6,"win_rate":0,"timestamp":1551870171,"path_taken":["M","?","?","?","$","E","R","?","T","R","E","?","?","M","R","BOSS","M","?","?","?","M","M","E","R","T","E","R","M","M","M","R","BOSS"],"build_version":"2019-01-23","purchased_purges":0,"victory":false,"max_hp_per_floor":[75,75,75,75,75,75,75,75,75,75,75,75,75,75,75,75,75,75,75,75,75,75,75,75,75,75,75,75,75,75,75,75,75],"card_choices":[{"not_picked":["Turbo","Rebound"],"picked":"Gash","floor":1},{"not_picked":["Turbo","Beam Cell"],"picked":"Genetic Algorithm","floor":6},{"not_picked":["Hyperbeam","Hologram","Force Field"],"picked":"SKIP","floor":11},{"not_picked":["Fusion","Heatsinks","Hologram"],"picked":"SKIP","floor":14},{"not_picked":["Heatsinks+1","Scrape"],"picked":"Streamline+1","floor":18},{"not_picked":["Turbo+1","Conserve Battery"],"picked":"Self Repair","floor":22},{"not_picked":["Scrape","Undo+1"],"picked":"Cold Snap","floor":23},{"not_picked":["Sweeping Beam","Creative AI"],"picked":"FTL+1","floor":24},{"not_picked":["Go for the Eyes+1","Capacitor"],"picked":"Redo+1","floor":27},{"not_picked":["Sweeping Beam","Hologram"],"picked":"Sunder","floor":29},{"not_picked":["Beam Cell","Sweeping Beam"],"picked":"Redo+1","floor":30},{"not_picked":["Lockon","Steam Power","Doom and Gloom"],"picked":"SKIP","floor":31}],"player_experience":303984,"relics_obtained":[{"floor":6,"key":"Juzu Bracelet"},{"floor":9,"key":"The Courier"},{"floor":11,"key":"Art of War"},{"floor":24,"key":"Bag of Marbles"},{"floor":26,"key":"Blue Candle"},{"floor":27,"key":"Anchor"}],"event_choices":[{"damage_healed":0,"gold_gain":0,"player_choice":"Ignored","damage_taken":0,"max_hp_gain":0,"max_hp_loss":0,"event_name":"Shining Light","floor":2,"gold_loss":0},{"damage_healed":0,"gold_gain":0,"player_choice":"Grow","damage_taken":0,"max_hp_gain":0,"max_hp_loss":0,"event_name":"Living Wall","floor":3,"gold_loss":0,"cards_upgraded":["Zap"]},{"damage_healed":0,"gold_gain":100,"player_choice":"Pray","damage_taken":0,"max_hp_gain":0,"max_hp_loss":0,"event_name":"Golden Shrine","floor":8,"gold_loss":0},{"damage_healed":0,"gold_gain":0,"player_choice":"Ignored","damage_taken":0,"max_hp_gain":0,"max_hp_loss":0,"event_name":"Golden Wing","floor":13,"gold_loss":0},{"damage_healed":0,"gold_gain":0,"player_choice":"Fight","damage_taken":0,"max_hp_gain":0,"max_hp_loss":0,"event_name":"Colosseum","floor":19,"gold_loss":0},{"damage_healed":0,"gold_gain":0,"player_choice":"Fled From Nobs","damage_taken":0,"max_hp_gain":0,"max_hp_loss":0,"event_name":"Colosseum","floor":19,"gold_loss":0},{"cards_removed":["Heatsinks"],"damage_healed":15,"gold_gain":0,"player_choice":"Offered Uncommon","damage_taken":0,"max_hp_gain":0,"max_hp_loss":0,"event_name":"Bonfire Elementals","floor":20,"gold_loss":0},{"damage_healed":0,"gold_gain":250,"player_choice":"Bet on Owner","damage_taken":0,"max_hp_gain":0,"max_hp_loss":0,"event_name":"The Joust","floor":21,"gold_loss":50}],"is_beta":false,"boss_relics":[{"not_picked":["Empty Cage","Fusion Hammer"],"picked":"Pandora\u0027s Box"}],"items_purged_floors":[],"is_endless":false,"potions_floor_spawned":[14,16,19,22,27,30],"killed_by":"Automaton","ascension_level":1}