{"path_per_floor":["M","?","M","M","?","R","M","?","T","M","M","$","M","M","R","B",null,"M","?","M"],"character_chosen":"IRONCLAD","items_purchased":["Bag of Preparation","Metallicize","Strength Potion"],"gold_per_floor":[110,185,195,206,206,206,226,226,249,267,285,18,32,44,44,148,148,163,78,92,92],"floor_reached":21,"campfire_rested":1,"playtime":1004,"current_hp_per_floor":[70,59,71,62,55,55,51,71,71,65,61,61,64,49,73,42,80,69,69,59,0],"items_purged":[],"gold":92,"score":175,"play_id":"0dc866a4-d155-40b6-b65f-0ff11329a294","local_time":"20180331170322","is_prod":false,"is_daily":false,"is_ascension_mode":false,"campfire_upgraded":1,"timestamp":1522541002,"path_taken":["M","?","?","M","?","R","M","?","T","M","?","$","M","M","R","BOSS","M","?","M","M"],"build_version":"2018-03-29v2","purchased_purges":0,"victory":false,"master_deck":["Strike_R","Strike_R","Strike_R","Strike_R","Strike_R","Defend_R","Defend_R","Defend_R","Bash","Barricade+1","Perfected Strike","Anger","Shrug It Off","Inflame","Parasite","Demon Form","Clothesline","Metallicize","Iron Wave","Dual Wield","Immolate","Doubt","Writhe","Doubt","Pommel Strike"],"max_hp_per_floor":[80,80,80,80,80,80,80,80,80,80,80,80,80,80,80,80,80,80,80,80,80],"relics":["Burning Blood","Vajra","Bag of Preparation","Calling Bell","Orichalcum","Shuriken","Ice Cream","Anchor"],"card_choices":[{"not_picked":["Rupture","Iron Wave"],"picked":"Perfected Strike","floor":1},{"not_picked":["Thunderclap","Warcry"],"picked":"Anger","floor":3},{"not_picked":["Havoc","Heavy Blade"],"picked":"Shrug It Off","floor":4},{"not_picked":["Flame Barrier","Iron Wave"],"picked":"Inflame","floor":7},{"not_picked":["Carnage","Thunderclap"],"picked":"Demon Form","floor":10},{"not_picked":["Whirlwind","Havoc"],"picked":"Clothesline","floor":11},{"not_picked":["Flame Barrier","Clash"],"picked":"Iron Wave","floor":13},{"not_picked":["Reckless Charge","Clothesline"],"picked":"Dual Wield","floor":14},{"not_picked":["Brutality","Berserk"],"picked":"Immolate","floor":16},{"not_picked":["Cleave","Shrug It Off"],"picked":"Pommel Strike","floor":18}],"player_experience":71314,"potions_floor_usage":[3,16,16,16,21,21],"damage_taken":[{"damage":16,"enemies":"Jaw Worm","floor":1,"turns":9},{"damage":0,"enemies":"Small Slimes","floor":3,"turns":3},{"damage":15,"enemies":"Cultist","floor":4,"turns":4},{"damage":10,"enemies":"Looter","floor":7,"turns":2},{"damage":12,"enemies":"2 Fungi Beasts","floor":10,"turns":4},{"damage":10,"enemies":"Exordium Wildlife","floor":11,"turns":5},{"damage":3,"enemies":"Large Slime","floor":13,"turns":6},{"damage":21,"enemies":"Blue Slaver","floor":14,"turns":3},{"damage":37,"enemies":"Hexaghost","floor":16,"turns":10},{"damage":17,"enemies":"Chosen","floor":18,"turns":9},{"damage":16,"enemies":"2 Thieves","floor":20,"turns":5},{"damage":63,"enemies":"Cultist and Chosen","floor":21,"turns":8}],"event_choices":[{"event_name":"World of Goop","player_choice":"Gather Gold","floor":2,"damage_taken":0},{"event_name":"Golden Wing","player_choice":"Card Removal","floor":5,"damage_taken":0},{"event_name":"Mushrooms","player_choice":"Healed and dodged fight","floor":8,"damage_taken":0},{"event_name":"Addict","player_choice":"Obtained Relic","floor":19,"damage_taken":0}],"boss_relics":[{"not_picked":["Astrolabe","Philosopher\u0027s Stone"],"picked":"Calling Bell"}],"potions_floor_spawned":[1,10,14,16,18],"seed_played":"-1292743211609881503","killed_by":"Cultist and Chosen","ascension_level":0,"is_trial":false}