{"path_per_floor":["M","M","$","M","M","E","M","M","T","R","?","$","R","M","R","B",null,"M","M","?","$","?","R","M","R","T","$"],"character_chosen":"THE_SILENT","items_purchased":["Poisoned Stab","Flying Knee","Catalyst"],"gold_per_floor":[113,124,26,44,62,95,111,128,153,153,153,53,53,72,72,169,169,189,201,201,46,46,46,66,66,66,16],"floor_reached":28,"campfire_rested":1,"playtime":2304,"current_hp_per_floor":[60,60,60,60,55,47,43,43,43,43,31,31,31,31,31,28,63,46,28,28,28,28,28,10,28,28,28],"items_purged":["Defend_G","Strike_G","Normality","Normality"],"gold":16,"play_id":"96cb3c1b-010f-46d7-836b-c9ee900777f5","is_prod":false,"is_daily":false,"campfire_rituals":0,"campfire_upgraded":4,"is_hardmode":false,"path_taken":["M","M","?","M","M","E","M","M","T","R","?","$","R","M","R","BOSS","M","M","?","$","?","R","M","R","T","$","M"],"build_version":"2018-01-18-PROD4","purchased_purges":4,"victory":false,"master_deck":["Defend_G","Defend_G","Defend_G","Defend_G","Strike_G","Strike_G","Strike_G","Strike_G","Survivor","Neutralize","Backflip","Flying Knee","Poisoned Stab","Deadly Poison","Well Laid Plans","Poisoned Stab","Blur","Poisoned Stab","Distraction","Corpse Explosion","Dash","Flying Knee","Catalyst","Malaise"],"max_hp_per_floor":[63,63,63,63,63,63,63,63,63,63,63,63,63,63,63,63,63,63,63,63,63,63,63,63,63,63,63],"relics":["Ring of the Snake","Tingsha","Dead Branch","Anchor","Lantern","Dream Catcher","Smiling Mask","Nloth\u0027s Gift","Ice Cream"],"campfire_meditates":0,"card_choices":[{"not_picked":["Terror","Bane"],"picked":"Backflip"},{"not_picked":["Dodge and Roll","Bane"],"picked":"Flying Knee"},{"not_picked":["Endless Agony","Underhanded Strike"],"picked":"Deadly Poison"},{"not_picked":["Blade Dance","Backflip"],"picked":"Well Laid Plans"},{"not_picked":["Sucker Punch","Unload"],"picked":"Poisoned Stab"},{"not_picked":["Deadly Poison","Leg Sweep"],"picked":"Blur"},{"not_picked":["Deadly Poison","Accuracy"],"picked":"Poisoned Stab"},{"not_picked":["Endless Agony","Well Laid Plans"],"picked":"Distraction"},{"not_picked":["Glass Knife","Storm of Steel"],"picked":"Corpse Explosion"},{"not_picked":["Underhanded Strike","Terror"],"picked":"Dash"},{"not_picked":["Deflect","Sucker Punch"],"picked":"Malaise"}],"player_experience":101989,"potions_floor_usage":[6,18,19,19,24],"damage_taken":[{"damage":3,"enemies":"Blue Slaver","floor":1,"turns":4},{"damage":0,"enemies":"Jaw Worm","floor":2,"turns":5},{"damage":0,"enemies":"Cultist","floor":4,"turns":3},{"damage":5,"enemies":"Looter","floor":5,"turns":3},{"damage":8,"enemies":"Lagavulin","floor":6,"turns":6},{"damage":4,"enemies":"Gremlin Gang","floor":7,"turns":4},{"damage":0,"enemies":"Large Slime","floor":8,"turns":5},{"damage":0,"enemies":"Exordium Wildlife","floor":14,"turns":2},{"damage":3,"enemies":"Slime Boss","floor":16,"turns":8},{"damage":17,"enemies":"2 Thieves","floor":18,"turns":4},{"damage":18,"enemies":"3 Byrds","floor":19,"turns":4},{"damage":18,"enemies":"Snecko","floor":24,"turns":5},{"damage":34,"enemies":"Sentry and Sphere","floor":28,"turns":7}],"event_choices":[{"event_name":"Shining Light","player_choice":"Entered Light","floor":11,"damage_taken":0},{"event_name":"N\u0027loth","player_choice":"Traded a Calling Bell","floor":20,"damage_taken":0},{"event_name":"Back to Basics","player_choice":"Elegance","floor":22,"damage_taken":0}],"boss_relics":[{"not_picked":["Eternal Feather","Snecko Eye"],"picked":"Calling Bell"}],"potions_floor_spawned":[1,4,7,14,19],"seed_played":"-4412835458589816999","killed_by":"Sentry and Sphere","is_trial":false}