{"gold_per_floor":[115,165,140,154,166,166,131,161,161,193,211,231,231,246,246,321,321,276,276,276],"floor_reached":20,"playtime":764,"items_purged":[],"score":368,"play_id":"4c79d870-e994-4dd9-8a39-324fd199703b","local_time":"20190316193250","is_ascension_mode":true,"campfire_choices":[{"data":"Hemokinesis","floor":6.0,"key":"SMITH"},{"data":"True Grit","floor":15.0,"key":"SMITH"}],"neow_cost":"NONE","seed_source_timestamp":0,"circlet_count":0,"master_deck":["AscendersBane","Strike_R","Strike_R","Strike_R","Strike_R","Strike_R","Defend_R","Defend_R","Defend_R","Defend_R","Bash","Hemokinesis+1","Shrug It Off","Headbutt","True Grit+1","Metallicize","Cleave","Anger","Fiend Fire","Decay","Thunderclap"],"special_seed":0,"relics":["Burning Blood","Happy Flower","Shuriken","Omamori","Regal Pillow","Calling Bell","Blood Vial","Dodecahedron","Turnip"],"potions_floor_usage":[],"damage_taken":[{"damage":2.0,"enemies":"Cultist","floor":1.0,"turns":4.0},{"damage":10.0,"enemies":"Jaw Worm","floor":4.0,"turns":2.0},{"damage":10.0,"enemies":"Small Slimes","floor":5.0,"turns":3.0},{"damage":26.0,"enemies":"3 Sentries","floor":8.0,"turns":10.0},{"damage":7.0,"enemies":"Gremlin Nob","floor":10.0,"turns":3.0},{"damage":3.0,"enemies":"2 Fungi Beasts","floor":11.0,"turns":3.0},{"damage":10.0,"enemies":"Exordium Wildlife","floor":12.0,"turns":4.0},{"damage":5.0,"enemies":"Blue Slaver","floor":14.0,"turns":5.0},{"damage":62.0,"enemies":"Hexaghost","floor":16.0,"turns":11.0},{"damage":39,"enemies":"2 Thieves","floor":18,"turns":5},{"damage":13,"enemies":"Spheric Guardian","floor":20,"turns":3}],"seed_played":"-8468897238764942066","potions_obtained":[{"floor":1.0,"key":"Energy Potion"},{"floor":8.0,"key":"Dexterity Potion"},{"floor":11.0,"key":"Regen Potion"}],"is_trial":false,"path_per_floor":["M","?","$","M","M","R","?","E","T","E","M","M","?","M","R","B",null,"M","?","M"],"character_chosen":"IRONCLAD","items_purchased":["Shrug It Off"],"campfire_rested":0,"item_purchase_floors":[3],"current_hp_per_floor":[72,65,65,61,57,57,75,55,55,54,57,53,58,73,73,17,64,33,10,0],"gold":276,"neow_bonus":"RANDOM_COMMON_RELIC","is_prod":false,"is_daily":false,"chose_seed":false,"campfire_upgraded":2,"win_rate":0,"timestamp":1552779170,"path_taken":["M","?","?","M","?","R","?","E","T","E","M","M","?","M","R","BOSS","M","?","M"],"build_version":"2019-03-15","purchased_purges":0,"victory":false,"max_hp_per_floor":[75,75,75,75,75,75,75,75,75,75,75,75,80,80,80,80,80,80,85,85],"card_choices":[{"not_picked":["Seeing Red","Burning Pact"],"picked":"Hemokinesis","floor":1.0},{"not_picked":["Flex","Clash"],"picked":"Headbutt","floor":4.0},{"not_picked":["Burning Pact","Blood for Blood"],"picked":"True Grit","floor":5.0},{"not_picked":["Dropkick","Brutality","Pommel Strike"],"picked":"SKIP","floor":8.0},{"not_picked":["Ghostly Armor","Intimidate"],"picked":"Metallicize","floor":10.0},{"not_picked":["Anger","Headbutt"],"picked":"Cleave","floor":11.0},{"not_picked":["Havoc","Clash","Heavy Blade"],"picked":"SKIP","floor":12.0},{"not_picked":["Carnage","Berserk"],"picked":"Anger","floor":14.0},{"not_picked":["Exhume","Juggernaut"],"picked":"Fiend Fire","floor":16.0},{"not_picked":["Dual Wield","Pommel Strike"],"picked":"Thunderclap","floor":18}],"player_experience":1117048,"relics_obtained":[{"floor":8.0,"key":"Shuriken"},{"floor":9.0,"key":"Omamori"},{"floor":10.0,"key":"Regal Pillow"},{"floor":17.0,"key":"Blood Vial"},{"floor":17.0,"key":"Dodecahedron"},{"floor":17.0,"key":"Turnip"}],"event_choices":[{"damage_healed":0.0,"max_hp_gain":0.0,"max_hp_loss":0.0,"gold_gain":50.0,"event_name":"FaceTrader","player_choice":"Touch","floor":2.0,"gold_loss":0.0,"damage_taken":7.0},{"damage_healed":18.0,"max_hp_gain":0.0,"max_hp_loss":0.0,"gold_gain":0.0,"event_name":"The Cleric","player_choice":"Healed","floor":7.0,"gold_loss":35.0,"damage_taken":0.0},{"damage_healed":0.0,"max_hp_gain":5.0,"max_hp_loss":0.0,"gold_gain":0.0,"event_name":"Big Fish","player_choice":"Donut","floor":13.0,"gold_loss":0.0,"damage_taken":0.0},{"damage_healed":0,"gold_gain":0,"player_choice":"Shed Blood","damage_taken":28,"max_hp_gain":5,"max_hp_loss":0,"event_name":"Forgotten Altar","floor":19,"gold_loss":0}],"is_beta":true,"boss_relics":[{"not_picked":["Philosopher\u0027s Stone","Orrery"],"picked":"Calling Bell"}],"items_purged_floors":[],"is_endless":false,"potions_floor_spawned":[1,8,11],"killed_by":"Spheric Guardian","ascension_level":20}