{"gold_per_floor":[111,111,41,59,72,102,125,125,148,180,180,194,194,228,228,331,331,346,421,38,63,63,63],"floor_reached":23,"playtime":560,"items_purged":[],"score":226,"play_id":"76ca182f-59dd-4e2a-8366-1167379054e8","local_time":"20190311053659","is_ascension_mode":true,"campfire_choices":[{"floor":8,"key":"REST"},{"data":"Heavy Blade","floor":11,"key":"SMITH"},{"floor":13,"key":"REST"},{"floor":15,"key":"REST"}],"neow_cost":"NONE","seed_source_timestamp":255326203612262,"circlet_count":0,"master_deck":["Strike_R","Strike_R","Strike_R","Strike_R","Strike_R","Defend_R","Defend_R+1","Defend_R+1","Defend_R","Bash","Flex","Bash","Inflame","Heavy Blade+1","Spot Weakness","Inflame","Clothesline","Thunderclap","Limit Break+1","Clothesline+1","Corruption"],"relics":["Burning Blood","NeowsBlessing","Juzu Bracelet","Odd Mushroom","War Paint","Charon\u0027s Ashes","Bag of Preparation","Eternal Feather","Torii","Bronze Scales"],"potions_floor_usage":[7,18],"damage_taken":[{"damage":0,"enemies":"Small Slimes","floor":1,"turns":1},{"damage":0,"enemies":"Cultist","floor":4,"turns":1},{"damage":0,"enemies":"Jaw Worm","floor":5,"turns":1},{"damage":30,"enemies":"3 Sentries","floor":6,"turns":8},{"damage":35,"enemies":"The Mushroom Lair","floor":7,"turns":4},{"damage":28,"enemies":"Lagavulin","floor":10,"turns":5},{"damage":9,"enemies":"Blue Slaver","floor":12,"turns":5},{"damage":22,"enemies":"Gremlin Nob","floor":14,"turns":4},{"damage":40,"enemies":"Hexaghost","floor":16,"turns":8},{"damage":51,"enemies":"2 Thieves","floor":18,"turns":4},{"damage":40,"enemies":"Slavers","floor":23,"turns":2}],"seed_played":"-7553674986976163052","potions_obtained":[{"floor":5,"key":"Weak Potion"},{"floor":6,"key":"FairyPotion"},{"floor":16,"key":"Weak Potion"}],"is_trial":false,"path_per_floor":["M","?","$","M","M","E","?","R","T","E","R","M","R","E","R","B",null,"M","?","$","T","?","E"],"character_chosen":"IRONCLAD","items_purchased":["Inflame","Torii","Corruption"],"campfire_rested":3,"item_purchase_floors":[3,20,20],"current_hp_per_floor":[80,80,80,80,80,56,27,51,51,29,29,26,50,34,58,24,80,35,27,27,27,27,0],"gold":63,"neow_bonus":"THREE_ENEMY_KILL","is_prod":false,"is_daily":false,"chose_seed":false,"campfire_upgraded":1,"win_rate":0,"timestamp":1552307819,"path_taken":["M","?","$","?","M","E","?","R","T","E","R","M","R","E","R","BOSS","M","?","$","?","?","E"],"build_version":"2019-01-23","purchased_purges":0,"victory":false,"max_hp_per_floor":[80,80,80,80,80,80,80,80,80,80,80,80,80,80,80,80,80,80,80,80,80,80,80],"card_choices":[{"not_picked":["Havoc","Carnage"],"picked":"Flex","floor":1},{"not_picked":["Sever Soul","Cleave"],"picked":"Heavy Blade","floor":4},{"not_picked":["Iron Wave","Warcry"],"picked":"Spot Weakness","floor":5},{"not_picked":["Metallicize","Havoc"],"picked":"Inflame","floor":6},{"not_picked":["Anger","Sword Boomerang"],"picked":"Clothesline","floor":7},{"not_picked":["Armaments","Warcry","Reckless Charge"],"picked":"SKIP","floor":10},{"not_picked":["Metallicize","Exhume"],"picked":"Thunderclap","floor":12},{"not_picked":["Carnage","Havoc","Sentinel"],"picked":"SKIP","floor":14},{"not_picked":["Impervious","Fiend Fire"],"picked":"Limit Break","floor":16},{"not_picked":["Havoc","Metallicize"],"picked":"Clothesline+1","floor":18}],"player_experience":324756,"relics_obtained":[{"floor":6,"key":"Juzu Bracelet"},{"floor":7,"key":"Odd Mushroom"},{"floor":9,"key":"War Paint"},{"floor":10,"key":"Charon\u0027s Ashes"},{"floor":14,"key":"Bag of Preparation"},{"floor":21,"key":"Bronze Scales"}],"event_choices":[{"damage_healed":0,"gold_gain":0,"player_choice":"1 cards matched","damage_taken":0,"max_hp_gain":0,"max_hp_loss":0,"event_name":"Match and Keep!","floor":2,"gold_loss":0,"cards_obtained":["Bash"]},{"damage_healed":0,"gold_gain":0,"player_choice":"Fought Mushrooms","damage_taken":0,"max_hp_gain":0,"max_hp_loss":0,"event_name":"Mushrooms","floor":7,"gold_loss":0},{"damage_healed":0,"gold_gain":75,"player_choice":"Touch","damage_taken":8,"max_hp_gain":0,"max_hp_loss":0,"event_name":"FaceTrader","floor":19,"gold_loss":0},{"damage_healed":0,"gold_gain":0,"player_choice":"Upgraded","damage_taken":0,"max_hp_gain":0,"max_hp_loss":0,"event_name":"Upgrade Shrine","floor":22,"gold_loss":0,"cards_upgraded":["Limit Break"]}],"is_beta":false,"boss_relics":[{"not_picked":["Mark of Pain","Calling Bell"],"picked":"Eternal Feather"}],"items_purged_floors":[],"is_endless":false,"potions_floor_spawned":[5,6,16],"killed_by":"Slavers","ascension_level":2}