{"gold_per_floor":[211,67,67,81,97,97,115,115,115,15,15,54,70,86,86,86],"floor_reached":16,"playtime":753,"items_purged":["Strike_R","Strike_R"],"score":122,"play_id":"253a37f5-972b-44f6-9896-2dbad76ec06b","local_time":"20181121144240","is_ascension_mode":true,"campfire_choices":[{"data":"True Grit","floor":6,"key":"SMITH"},{"data":"Pommel Strike","floor":8,"key":"SMITH"},{"data":"Bash","floor":15,"key":"SMITH"}],"neow_cost":"NONE","seed_source_timestamp":4968048577540,"circlet_count":0,"master_deck":["Strike_R","Strike_R","Defend_R","Defend_R","Defend_R","Defend_R","Bash+1","Whirlwind","Thunderclap","True Grit+1","Pommel Strike+1","Offering"],"relics":["Burning Blood","Golden Idol","Vajra","Blue Candle"],"potions_floor_usage":[12,16,16],"damage_taken":[{"damage":6,"enemies":"Cultist","floor":1,"turns":3},{"damage":18,"enemies":"Jaw Worm","floor":4,"turns":4},{"damage":5,"enemies":"Small Slimes","floor":5,"turns":3},{"damage":6,"enemies":"Exordium Wildlife","floor":7,"turns":5},{"damage":18,"enemies":"Lagavulin","floor":12,"turns":7},{"damage":3,"enemies":"Blue Slaver","floor":13,"turns":4},{"damage":0,"enemies":"2 Fungi Beasts","floor":14,"turns":2},{"damage":46,"enemies":"Hexaghost","floor":16,"turns":9}],"seed_played":"4703773192042877574","potions_obtained":[{"floor":1,"key":"EssenceOfSteel"},{"floor":4,"key":"SneckoOil"},{"floor":5,"key":"SteroidPotion"}],"is_trial":false,"path_per_floor":["M","$","?","M","M","R","M","R","T","$","?","E","M","M","R","B"],"character_chosen":"IRONCLAD","items_purchased":["Whirlwind"],"campfire_rested":0,"item_purchase_floors":[2],"current_hp_per_floor":[80,80,60,48,49,49,49,49,49,49,49,37,40,46,46,0],"gold":86,"neow_bonus":"HUNDRED_GOLD","is_prod":false,"is_daily":false,"chose_seed":false,"campfire_upgraded":3,"win_rate":0,"timestamp":1542829360,"path_taken":["M","?","?","M","M","R","M","R","T","$","?","E","?","M","R","BOSS"],"build_version":"2018-11-15","purchased_purges":2,"victory":false,"max_hp_per_floor":[80,80,80,80,80,80,80,80,80,80,80,80,80,80,80,80],"card_choices":[{"not_picked":["Rage","Wild Strike","Clash"],"picked":"SKIP","floor":1},{"not_picked":["Clash","Heavy Blade"],"picked":"Thunderclap","floor":4},{"not_picked":["Anger","Shockwave"],"picked":"True Grit","floor":5},{"not_picked":["Cleave","Iron Wave"],"picked":"Pommel Strike","floor":7},{"not_picked":["Thunderclap","Cleave","Perfected Strike"],"picked":"SKIP","floor":12},{"not_picked":["Power Through","Feel No Pain"],"picked":"Offering","floor":13},{"not_picked":["Armaments","Havoc","Wild Strike"],"picked":"SKIP","floor":14}],"player_experience":138553,"relics_obtained":[{"floor":9,"key":"Vajra"},{"floor":12,"key":"Blue Candle"}],"event_choices":[{"damage_healed":0,"gold_gain":0,"player_choice":"Take Damage","damage_taken":20,"relics_obtained":["Golden Idol"],"max_hp_gain":0,"max_hp_loss":0,"event_name":"Golden Idol","floor":3,"gold_loss":0},{"cards_removed":["Strike_R"],"damage_healed":0,"gold_gain":0,"player_choice":"Forget","damage_taken":0,"max_hp_gain":0,"max_hp_loss":0,"event_name":"Living Wall","floor":11,"gold_loss":0}],"is_beta":true,"boss_relics":[],"items_purged_floors":[2,10],"is_endless":false,"potions_floor_spawned":[1,4,5],"killed_by":"Hexaghost","ascension_level":4}