{"gold_per_floor":[15,15,15,15,15,15,15,15,15,58,78,78,78],"floor_reached":13,"playtime":296,"items_purged":[],"score":87,"play_id":"3b5c90b4-9c02-4363-b143-cb6c6b9d68c8","local_time":"20190318025502","is_ascension_mode":true,"campfire_choices":[{"data":"Neutralize","floor":6,"key":"SMITH"},{"floor":8,"key":"RECALL"},{"floor":12,"key":"REST"}],"neow_cost":"NO_GOLD","seed_source_timestamp":152329855850957,"circlet_count":0,"master_deck":["Defend_G","Defend_G","Defend_G","Defend_G","Defend_G","Strike_G","Strike_G","Strike_G","Strike_G","Strike_G","Survivor","Neutralize+1","Die Die Die+1"],"relics":["Ring of the Snake","Golden Idol","Girya","Letter Opener"],"potions_floor_usage":[13],"damage_taken":[{"damage":0,"enemies":"Jaw Worm","floor":1,"turns":3},{"damage":52,"enemies":"Lagavulin","floor":10,"turns":9},{"damage":0,"enemies":"Small Slimes","floor":11,"turns":2},{"damage":28,"enemies":"3 Sentries","floor":13,"turns":7}],"seed_played":"5252865128692881296","potions_obtained":[{"floor":11,"key":"Block Potion"}],"is_trial":false,"path_per_floor":["M","$","?","?","$","R","?","R","T","E","M","R","E"],"character_chosen":"THE_SILENT","items_purchased":[],"campfire_rested":1,"item_purchase_floors":[],"current_hp_per_floor":[70,70,70,75,75,75,57,57,57,5,5,27,0],"gold":78,"neow_bonus":"THREE_RARE_CARDS","is_prod":false,"is_daily":false,"chose_seed":false,"campfire_upgraded":1,"win_rate":0,"timestamp":1552902902,"path_taken":["M","$","?","?","$","R","?","R","T","E","?","R","E"],"build_version":"2019-01-23","purchased_purges":0,"victory":false,"max_hp_per_floor":[70,70,70,75,75,75,75,75,75,75,75,75,75],"card_choices":[{"not_picked":["Wraith Form v2","Doppelganger"],"picked":"Die Die Die","floor":0},{"not_picked":["Blade Dance","Poisoned Stab","Setup"],"picked":"SKIP","floor":1},{"not_picked":["Backflip","Bane","Concentrate"],"picked":"SKIP","floor":10},{"not_picked":["Deflect","Flying Knee","Skewer"],"picked":"SKIP","floor":11}],"player_experience":349460,"relics_obtained":[{"floor":9,"key":"Girya"},{"floor":10,"key":"Letter Opener"}],"event_choices":[{"damage_healed":0,"gold_gain":0,"player_choice":"Grow","damage_taken":0,"max_hp_gain":0,"max_hp_loss":0,"event_name":"Living Wall","floor":3,"gold_loss":0,"cards_upgraded":["Die Die Die"]},{"damage_healed":0,"gold_gain":0,"player_choice":"Donut","damage_taken":0,"max_hp_gain":5,"max_hp_loss":0,"event_name":"Big Fish","floor":4,"gold_loss":0},{"damage_healed":0,"gold_gain":0,"player_choice":"Take Damage","damage_taken":18,"relics_obtained":["Golden Idol"],"max_hp_gain":0,"max_hp_loss":0,"event_name":"Golden Idol","floor":7,"gold_loss":0}],"is_beta":false,"boss_relics":[],"items_purged_floors":[],"is_endless":false,"potions_floor_spawned":[11],"killed_by":"3 Sentries","ascension_level":2}