{"gold_per_floor":[117,127,202,218,291,326,68,68,68,68,88,88,103,28,28,28],"floor_reached":16,"playtime":581,"items_purged":["Defend_R"],"score":110,"play_id":"f0ccbfa5-ac44-41a2-abf3-df40a2ff254c","local_time":"20190312043108","is_ascension_mode":true,"campfire_choices":[{"data":"Forethought","floor":8,"key":"SMITH"},{"floor":10,"key":"REST"},{"floor":15,"key":"DIG"}],"neow_cost":"NONE","seed_source_timestamp":337761994113269,"circlet_count":0,"master_deck":["Strike_R","Strike_R","Strike_R","Strike_R","Defend_R","Defend_R","Defend_R","Bash+1","Clothesline","Uppercut","Flex","Heavy Blade","Reaper","Forethought+1","Ghostly Armor"],"relics":["Burning Blood","Shovel","Oddly Smooth Stone"],"potions_floor_usage":[4,13],"damage_taken":[{"damage":7,"enemies":"Small Slimes","floor":1,"turns":3},{"damage":4,"enemies":"2 Louse","floor":2,"turns":3},{"damage":0,"enemies":"Jaw Worm","floor":4,"turns":3},{"damage":55,"enemies":"3 Sentries","floor":6,"turns":9},{"damage":20,"enemies":"Large Slime","floor":11,"turns":6},{"damage":19,"enemies":"Gremlin Gang","floor":13,"turns":4},{"damage":66,"enemies":"Slime Boss","floor":16,"turns":8}],"seed_played":"5981932852498018908","potions_obtained":[{"floor":2,"key":"SkillPotion"},{"floor":6,"key":"SpeedPotion"},{"floor":11,"key":"GamblersBrew"}],"is_trial":false,"path_per_floor":["M","M","?","M","?","E","$","R","T","R","M","?","M","$","R","B"],"character_chosen":"IRONCLAD","items_purchased":["Reaper","Forethought"],"campfire_rested":1,"item_purchase_floors":[7,7],"current_hp_per_floor":[79,80,69,75,75,26,26,26,26,50,40,40,51,51,51,0],"gold":28,"neow_bonus":"UPGRADE_CARD","is_prod":false,"is_daily":false,"chose_seed":false,"campfire_upgraded":1,"win_rate":0,"timestamp":1552390268,"path_taken":["M","M","?","M","?","E","?","R","T","R","M","?","M","$","R","BOSS"],"build_version":"2019-01-23","purchased_purges":1,"victory":false,"max_hp_per_floor":[80,80,80,80,80,80,80,80,80,80,80,80,80,80,80,80],"card_choices":[{"not_picked":["Evolve","Flex"],"picked":"Clothesline","floor":1},{"not_picked":["Corruption","Hemokinesis"],"picked":"Uppercut","floor":2},{"not_picked":["Havoc","Pommel Strike"],"picked":"Flex","floor":4},{"not_picked":["Twin Strike","Carnage"],"picked":"Heavy Blade","floor":6},{"not_picked":["Rupture","Iron Wave","Pommel Strike"],"picked":"SKIP","floor":11},{"not_picked":["Clash","Anger"],"picked":"Ghostly Armor","floor":13}],"player_experience":328882,"relics_obtained":[{"floor":6,"key":"Shovel"},{"floor":15,"key":"Oddly Smooth Stone"}],"event_choices":[{"damage_healed":0,"gold_gain":75,"player_choice":"Gather Gold","damage_taken":11,"max_hp_gain":0,"max_hp_loss":0,"event_name":"World of Goop","floor":3,"gold_loss":0},{"damage_healed":0,"gold_gain":73,"player_choice":"Gained Gold","damage_taken":0,"max_hp_gain":0,"max_hp_loss":0,"event_name":"Golden Wing","floor":5,"gold_loss":0},{"cards_removed":["Strike_R"],"damage_healed":0,"gold_gain":0,"player_choice":"Offered Basic","damage_taken":0,"max_hp_gain":0,"max_hp_loss":0,"event_name":"Bonfire Elementals","floor":12,"gold_loss":0}],"is_beta":false,"boss_relics":[],"items_purged_floors":[14],"is_endless":false,"potions_floor_spawned":[2,6,11],"killed_by":"Slime Boss","ascension_level":2}