{"gold_per_floor":[117,136,136,146,164,196,208,220,232,244,287,299,336,29,29,126,126,137,16,27,27,59,59,91,91,118,145,145,176,226,274,274,350,350,388,418,436,12,28,28,63,63,88,88,38,13,26,43,43,43],"floor_reached":51,"playtime":3870,"items_purged":["Strike_B"],"score":1299,"play_id":"d044fe68-4ca1-4340-bece-56e52696e979","local_time":"20190311141809","is_ascension_mode":true,"campfire_choices":[{"data":"Defragment","floor":7,"key":"SMITH"},{"data":"Zap","floor":10,"key":"SMITH"},{"data":"Zap","floor":12,"key":"SMITH"},{"data":"Scrape","floor":15,"key":"SMITH"},{"floor":23,"key":"REST"},{"data":"Loop","floor":25,"key":"SMITH"},{"floor":28,"key":"REST"},{"floor":32,"key":"REST"},{"data":"Amplify","floor":40,"key":"SMITH"},{"floor":42,"key":"REST"},{"floor":44,"key":"REST"},{"data":"Seek","floor":49,"key":"SMITH"}],"neow_cost":"NONE","seed_source_timestamp":195122887674640,"circlet_count":0,"master_deck":["AscendersBane","Defend_B+1","Defend_B+1","Defend_B","Zap+1","Gash","Cold Snap","Zap+1","Electrodynamics","Gash","Compile Driver","Defragment+1","Undo","Machine Learning","HandOfGreed","Scrape+1","Amplify+1","Beam Cell+1","Glacier","Loop+1","Steam+1","Leap","Force Field","Undo","Buffer+1","Reinforced Body+1","Buffer+1","Compile Driver+1","Stack+1","Capacitor+1","Gash","Conserve Battery+1","Gash","Seek+1"],"relics":["Cracked Core","MawBank","Anchor","Blue Candle","Art of War","Busted Crown","Pen Nib","Strawberry","Frozen Egg 2","War Paint","Astrolabe","Vajra","ClockworkSouvenir","Juzu Bracelet","Dream Catcher"],"potions_floor_usage":[6,13,24,27,37,39,50],"damage_taken":[{"damage":4,"enemies":"Jaw Worm","floor":1,"turns":4},{"damage":1,"enemies":"Cultist","floor":2,"turns":3},{"damage":5,"enemies":"Small Slimes","floor":4,"turns":3},{"damage":7,"enemies":"2 Fungi Beasts","floor":5,"turns":3},{"damage":18,"enemies":"Gremlin Nob","floor":6,"turns":4},{"damage":0,"enemies":"3 Sentries","floor":11,"turns":2},{"damage":1,"enemies":"Gremlin Nob","floor":13,"turns":3},{"damage":15,"enemies":"Hexaghost","floor":16,"turns":9},{"damage":26,"enemies":"2 Thieves","floor":18,"turns":4},{"damage":11,"enemies":"Spheric Guardian","floor":20,"turns":3},{"damage":0,"enemies":"Centurion and Healer","floor":22,"turns":6},{"damage":11,"enemies":"Sentry and Sphere","floor":24,"turns":9},{"damage":15,"enemies":"Slavers","floor":27,"turns":4},{"damage":10,"enemies":"Book of Stabbing","floor":29,"turns":5},{"damage":24,"enemies":"Gremlin Leader","floor":31,"turns":10},{"damage":7,"enemies":"Automaton","floor":33,"turns":12},{"damage":0,"enemies":"Orb Walker","floor":35,"turns":4},{"damage":0,"enemies":"3 Darklings","floor":36,"turns":4},{"damage":0,"enemies":"Jaw Worm Horde","floor":37,"turns":4},{"damage":8,"enemies":"Transient","floor":39,"turns":5},{"damage":46,"enemies":"Nemesis","floor":41,"turns":9},{"damage":0,"enemies":"3 Darklings","floor":47,"turns":5},{"damage":0,"enemies":"Maw","floor":48,"turns":7},{"damage":29,"enemies":"Donu and Deca","floor":50,"turns":11}],"seed_played":"4236117534560142400","potions_obtained":[{"floor":2,"key":"Poison Potion"},{"floor":5,"key":"SteroidPotion"},{"floor":6,"key":"Ancient Potion"},{"floor":13,"key":"SpeedPotion"},{"floor":20,"key":"Fire Potion"},{"floor":27,"key":"SteroidPotion"},{"floor":31,"key":"FearPotion"},{"floor":33,"key":"FocusPotion"},{"floor":36,"key":"Fire Potion"},{"floor":39,"key":"SteroidPotion"},{"floor":41,"key":"SmokeBomb"}],"is_trial":false,"path_per_floor":["M","M","?","M","M","E","R","?","T","R","E","R","E","$","R","B",null,"M","$","M","?","M","R","M","R","T","E","R","E","?","E","R","B",null,"M","M","M","$","M","R","E","R","T","R","?","$","M","M","R","B",null],"character_chosen":"DEFECT","items_purchased":["HandOfGreed","Scrape","Glacier","Loop","Capacitor+1","Vajra","ClockworkSouvenir","Gash"],"campfire_rested":5,"item_purchase_floors":[14,14,19,19,38,38,38,46],"current_hp_per_floor":[67,66,66,61,54,36,36,36,36,36,36,36,35,35,35,20,64,38,38,27,27,27,50,39,39,39,31,56,46,46,22,47,40,74,74,74,74,74,66,66,20,45,45,70,70,70,70,70,70,41],"gold":43,"neow_bonus":"TEN_PERCENT_HP_BONUS","is_prod":false,"is_daily":false,"chose_seed":false,"campfire_upgraded":7,"win_rate":0,"timestamp":1552328289,"path_taken":["M","M","?","?","M","E","R","?","T","R","E","R","E","$","R","BOSS","M","$","M","?","M","R","M","R","T","E","R","E","?","E","R","BOSS","M","M","?","$","M","R","E","R","T","R","?","?","M","M","R","BOSS"],"build_version":"2019-02-06","purchased_purges":1,"victory":true,"max_hp_per_floor":[78,78,78,78,78,78,78,78,78,78,78,78,78,78,78,78,78,78,78,78,78,78,78,78,78,78,85,85,85,85,85,85,85,85,85,85,85,85,85,85,85,85,85,85,85,85,85,85,85,85],"card_choices":[{"not_picked":["Coolheaded","Turbo"],"picked":"Gash","floor":1},{"not_picked":["BootSequence","Capacitor"],"picked":"Cold Snap","floor":2},{"not_picked":["Compile Driver","Barrage"],"picked":"Gash","floor":4},{"not_picked":["Ball Lightning","Barrage"],"picked":"Compile Driver","floor":5},{"not_picked":["Blizzard","Sweeping Beam"],"picked":"Defragment","floor":6},{"not_picked":["Self Repair","Streamline"],"picked":"Undo","floor":11},{"not_picked":["Chill","Electrodynamics"],"picked":"Machine Learning","floor":13},{"not_picked":["Fission","Rainbow"],"picked":"Amplify","floor":16},{"not_picked":[],"picked":"Beam Cell","floor":18},{"not_picked":["Beam Cell"],"picked":"SKIP","floor":20},{"not_picked":["Beam Cell"],"picked":"SKIP","floor":22},{"not_picked":[],"picked":"Force Field","floor":24},{"not_picked":["Static Discharge"],"picked":"SKIP","floor":27},{"not_picked":[],"picked":"Undo","floor":29},{"not_picked":["Melter"],"picked":"SKIP","floor":31},{"not_picked":[],"picked":"Buffer+1","floor":33},{"not_picked":["Consume"],"picked":"SKIP","floor":35},{"not_picked":[],"picked":"Stack+1","floor":36},{"not_picked":["Turbo+1"],"picked":"SKIP","floor":37},{"not_picked":[],"picked":"Gash","floor":39},{"not_picked":[],"picked":"Conserve Battery+1","floor":41},{"not_picked":["Fusion+1"],"picked":"SKIP","floor":47},{"not_picked":[],"picked":"Seek","floor":48}],"player_experience":471878,"relics_obtained":[{"floor":6,"key":"MawBank"},{"floor":9,"key":"Anchor"},{"floor":11,"key":"Blue Candle"},{"floor":13,"key":"Art of War"},{"floor":26,"key":"Pen Nib"},{"floor":27,"key":"Strawberry"},{"floor":29,"key":"Frozen Egg 2"},{"floor":31,"key":"War Paint"},{"floor":41,"key":"Juzu Bracelet"},{"floor":43,"key":"Dream Catcher"}],"event_choices":[{"damage_healed":0,"gold_gain":0,"player_choice":"3 cards matched","damage_taken":0,"max_hp_gain":0,"max_hp_loss":0,"event_name":"Match and Keep!","floor":3,"gold_loss":0,"cards_obtained":["Normality","Zap","Electrodynamics"]},{"cards_removed":["Normality"],"damage_healed":0,"gold_gain":0,"player_choice":"Forget","damage_taken":0,"max_hp_gain":0,"max_hp_loss":0,"event_name":"Living Wall","floor":8,"gold_loss":0},{"damage_healed":0,"gold_gain":0,"cards_transformed":["Strike_B","Strike_B"],"player_choice":"Became Test Subject","damage_taken":0,"max_hp_gain":0,"max_hp_loss":0,"event_name":"Drug Dealer","floor":21,"gold_loss":0,"cards_obtained":["Steam","Leap"]},{"damage_healed":0,"gold_gain":100,"player_choice":"Bet on Murderer","damage_taken":0,"max_hp_gain":0,"max_hp_loss":0,"event_name":"The Joust","floor":30,"gold_loss":50},{"damage_healed":0,"gold_gain":0,"player_choice":"Upgraded Two","damage_taken":0,"max_hp_gain":0,"max_hp_loss":0,"event_name":"Designer","floor":45,"gold_loss":50,"cards_upgraded":["Beam Cell","Steam"]}],"is_beta":true,"boss_relics":[{"not_picked":["Orrery","Velvet Choker"],"picked":"Busted Crown"},{"not_picked":["Coffee Dripper","Eternal Feather"],"picked":"Astrolabe"}],"items_purged_floors":[14],"is_endless":false,"potions_floor_spawned":[2,5,6,11,13,20,22,27,31,33,36,39,41,47],"ascension_level":15}