{"gold_per_floor":[117,8,8,25,35,35,35,35,35,35,49,49,49],"floor_reached":13,"playtime":445,"items_purged":["Strike_B"],"score":128,"play_id":"fc938fb4-c698-4e83-b009-a6ee06031f56","local_time":"20190311125922","is_ascension_mode":true,"campfire_choices":[{"data":"Zap","floor":6,"key":"SMITH"},{"data":"Hologram","floor":8,"key":"SMITH"},{"data":"Capacitor","floor":10,"key":"SMITH"},{"data":"Sunder","floor":12,"key":"SMITH"}],"neow_cost":"NONE","seed_source_timestamp":193852613686645,"circlet_count":0,"master_deck":["AscendersBane","Strike_B","Strike_B","Strike_B+1","Defend_B","Defend_B","Defend_B","Defend_B+1","Zap+1","Dualcast","Hologram+1","Capacitor+1","BootSequence","Gash","Decay","Sunder+1"],"relics":["Cracked Core","DataDisk"],"potions_floor_usage":[13],"damage_taken":[{"damage":7,"enemies":"Jaw Worm","floor":1,"turns":3},{"damage":0,"enemies":"Small Slimes","floor":4,"turns":2},{"damage":0,"enemies":"Cultist","floor":5,"turns":3},{"damage":6,"enemies":"2 Fungi Beasts","floor":11,"turns":3},{"damage":39,"enemies":"Gremlin Nob","floor":13,"turns":3}],"seed_played":"-8532746077977562659","potions_obtained":[{"floor":4,"key":"GamblersBrew"}],"is_trial":false,"path_per_floor":["M","$","?","M","M","R","?","R","T","R","M","R","E"],"character_chosen":"DEFECT","items_purchased":["Capacitor"],"campfire_rested":0,"item_purchase_floors":[2],"current_hp_per_floor":[57,57,36,36,36,36,36,36,36,36,30,30,0],"gold":49,"neow_bonus":"RANDOM_COMMON_RELIC","is_prod":false,"is_daily":false,"chose_seed":false,"campfire_upgraded":4,"win_rate":0,"timestamp":1552323562,"path_taken":["M","$","?","M","M","R","?","R","T","R","?","R","E"],"build_version":"2019-02-06","purchased_purges":1,"victory":false,"max_hp_per_floor":[71,71,71,71,71,71,71,71,71,71,71,71,71],"card_choices":[{"not_picked":["Melter","Conserve Battery"],"picked":"Hologram","floor":1},{"not_picked":["Conserve Battery","White Noise"],"picked":"BootSequence","floor":4},{"not_picked":["Blizzard","Skim"],"picked":"Gash","floor":5},{"not_picked":["Aggregate","Heatsinks"],"picked":"Sunder","floor":11}],"player_experience":470640,"relics_obtained":[],"event_choices":[{"damage_healed":0,"gold_gain":0,"player_choice":"Entered Light","damage_taken":21,"max_hp_gain":0,"max_hp_loss":0,"event_name":"Shining Light","floor":3,"gold_loss":0,"cards_upgraded":["Defend_B","Strike_B"]},{"damage_healed":0,"gold_gain":0,"player_choice":"Cursed","damage_taken":0,"max_hp_gain":0,"max_hp_loss":0,"event_name":"Wheel of Change","floor":7,"gold_loss":0,"cards_obtained":["Decay"]}],"is_beta":true,"boss_relics":[],"items_purged_floors":[2],"is_endless":false,"potions_floor_spawned":[4],"killed_by":"Gremlin Nob","ascension_level":15}