{"gold_per_floor":[112,112,130,143,143,174,174,203,203,203,12,12,12,31,31,126,176,187,203,203,216,65,65],"floor_reached":23,"playtime":1141,"items_purged":["Pain"],"score":229,"play_id":"53c44973-6adf-4fe0-9ea7-80b9099c6e6b","local_time":"20181110180700","is_ascension_mode":true,"campfire_choices":[{"data":"Footwork","floor":7,"key":"SMITH"},{"floor":10,"key":"REST"},{"data":"Wraith Form v2","floor":15,"key":"SMITH"}],"neow_cost":"NONE","seed_source_timestamp":12335236851053,"circlet_count":0,"master_deck":["Defend_G","Defend_G","Defend_G","Defend_G","Defend_G","Strike_G","Strike_G+1","Strike_G","Strike_G+1","Survivor+1","Neutralize","Quick Slash","Flying Knee","Backstab","Footwork+1","Flying Knee+1","Wraith Form v2+1","Doppelganger","Dash+1","Outmaneuver","Bullet Time","Noxious Fumes"],"relics":["Ring of the Snake","NeowsBlessing","WarpedTongs","Molten Egg 2","Ginger","Mercury Hourglass","ClockworkSouvenir","Tiny House"],"potions_floor_usage":[6,16,18,23,23],"damage_taken":[{"damage":0,"enemies":"2 Louse","floor":1,"turns":1},{"damage":1,"enemies":"Cultist","floor":3,"turns":1},{"damage":1,"enemies":"Jaw Worm","floor":4,"turns":1},{"damage":14,"enemies":"Lagavulin","floor":6,"turns":5},{"damage":19,"enemies":"Gremlin Nob","floor":8,"turns":4},{"damage":3,"enemies":"Looter","floor":14,"turns":3},{"damage":16,"enemies":"The Guardian","floor":16,"turns":17},{"damage":2,"enemies":"Chosen","floor":18,"turns":5},{"damage":3,"enemies":"Spheric Guardian","floor":19,"turns":4},{"damage":15,"enemies":"Colosseum Slavers","floor":20,"turns":5},{"damage":6,"enemies":"3 Cultists","floor":21,"turns":7},{"damage":58,"enemies":"Gremlin Leader","floor":23,"turns":8}],"seed_played":"-2652448287049778396","potions_obtained":[{"floor":4,"key":"Fire Potion"},{"floor":14,"key":"EssenceOfSteel"},{"floor":16,"key":"SpeedPotion"},{"floor":17,"key":"Fruit Juice"},{"floor":21,"key":"PowerPotion"}],"is_trial":false,"path_per_floor":["M","?","M","M","?","E","R","E","T","R","$","?","?","M","R","B",null,"M","M","?","M","$","E"],"character_chosen":"THE_SILENT","items_purchased":["ClockworkSouvenir","Noxious Fumes"],"campfire_rested":1,"item_purchase_floors":[11,22],"current_hp_per_floor":[70,70,69,68,68,54,54,35,35,56,56,42,42,39,39,23,75,78,75,60,54,54,0],"gold":65,"neow_bonus":"THREE_ENEMY_KILL","is_prod":false,"is_daily":false,"chose_seed":false,"campfire_upgraded":2,"win_rate":0,"timestamp":1541891220,"path_taken":["M","?","M","?","?","E","R","E","T","R","$","?","?","M","R","BOSS","M","M","?","M","$","E"],"build_version":"2018-11-08","purchased_purges":1,"victory":false,"max_hp_per_floor":[70,70,70,70,70,70,70,70,70,70,70,70,70,70,70,70,75,80,80,80,80,80,80],"card_choices":[{"not_picked":["Outmaneuver","PiercingWail"],"picked":"Quick Slash","floor":1},{"not_picked":["Crippling Poison","Dagger Throw"],"picked":"Flying Knee","floor":3},{"not_picked":["Caltrops","PiercingWail"],"picked":"Backstab","floor":4},{"not_picked":["Bouncing Flask","Dagger Spray"],"picked":"Footwork","floor":6},{"not_picked":["Endless Agony+1","Accuracy"],"picked":"Flying Knee+1","floor":8},{"not_picked":["Eviscerate+1","Prepared","Catalyst"],"picked":"SKIP","floor":14},{"not_picked":["Burst","Venomology"],"picked":"Doppelganger","floor":16},{"not_picked":["Underhanded Strike+1","Poisoned Stab+1"],"picked":"Dash+1","floor":17},{"not_picked":["Endless Agony+1","Sucker Punch+1"],"picked":"Outmaneuver","floor":18},{"not_picked":["Deadly Poison","Deflect","Blade Dance"],"picked":"SKIP","floor":19},{"not_picked":["Deflect","Poisoned Stab+1"],"picked":"Bullet Time","floor":21}],"player_experience":129787,"relics_obtained":[{"floor":6,"key":"Molten Egg 2"},{"floor":8,"key":"Ginger"},{"floor":9,"key":"Mercury Hourglass"}],"event_choices":[{"damage_healed":0,"gold_gain":0,"player_choice":"Rummage","damage_taken":0,"relics_obtained":["WarpedTongs"],"max_hp_gain":0,"max_hp_loss":0,"event_name":"Accursed Blacksmith","floor":2,"gold_loss":0,"cards_obtained":["Pain"]},{"damage_healed":0,"gold_gain":0,"player_choice":"Ignored","damage_taken":0,"max_hp_gain":0,"max_hp_loss":0,"event_name":"Liars Game","floor":5,"gold_loss":0},{"damage_healed":0,"gold_gain":0,"player_choice":"Entered Light","damage_taken":14,"max_hp_gain":0,"max_hp_loss":0,"event_name":"Shining Light","floor":12,"gold_loss":0,"cards_upgraded":["Strike_G","Strike_G"]},{"damage_healed":0,"gold_gain":0,"cards_transformed":["Strike_G"],"player_choice":"Change","damage_taken":0,"max_hp_gain":0,"max_hp_loss":0,"event_name":"Living Wall","floor":13,"gold_loss":0,"cards_obtained":["Wraith Form v2"]},{"damage_healed":0,"gold_gain":0,"player_choice":"Fight","damage_taken":0,"max_hp_gain":0,"max_hp_loss":0,"event_name":"Colosseum","floor":20,"gold_loss":0},{"damage_healed":0,"gold_gain":0,"player_choice":"Fled From Nobs","damage_taken":0,"max_hp_gain":0,"max_hp_loss":0,"event_name":"Colosseum","floor":20,"gold_loss":0}],"is_beta":true,"boss_relics":[{"not_picked":["Philosopher\u0027s Stone","Runic Dome"],"picked":"Tiny House"}],"items_purged_floors":[22],"is_endless":false,"potions_floor_spawned":[4,14,16,21],"killed_by":"Gremlin Leader","ascension_level":3}