{"gold_per_floor":[140,107,121,121,136,136,164,264,291,326,326,51,68,78,78,179,179,199,217,233,252,323,323,351,351,351,377,397,430,430,450,450,450],"floor_reached":33,"playtime":2110,"items_purged":[],"score":365,"play_id":"a322857e-d545-4d31-ad1a-344835987b0e","local_time":"20190324232044","is_ascension_mode":true,"campfire_choices":[{"data":"Combust","floor":6.0,"key":"SMITH"},{"data":"Spot Weakness","floor":11.0,"key":"SMITH"},{"floor":15.0,"key":"REST"},{"data":"Pommel Strike","floor":23.0,"key":"SMITH"},{"floor":25.0,"key":"REST"},{"data":"Disarm","floor":30,"key":"SMITH"},{"floor":32,"key":"REST"}],"neow_cost":"NONE","seed_source_timestamp":39358821407200,"circlet_count":0,"master_deck":["Strike_R","Strike_R","Strike_R","Strike_R","Defend_R","Defend_R","Defend_R","Defend_R","Bash","Pommel Strike+1","Disarm+1","Combust+1","Twin Strike","Spot Weakness+1","Shrug It Off+1","Infernal Blade+1","Battle Trance+1","Limit Break+1","Rage+1","Thunderclap+1","Perfected Strike+1","Evolve+1","Infernal Blade+1","Havoc+1","Warcry+1"],"special_seed":0,"relics":["Black Blood","Tiny Chest","Bag of Marbles","Potion Belt","Toxic Egg 2","Dodecahedron","Blood Vial","Incense Burner","The Courier","PreservedInsect"],"potions_floor_usage":[28,28,29,33,33],"damage_taken":[{"damage":6.0,"enemies":"Cultist","floor":1.0,"turns":4.0},{"damage":12.0,"enemies":"Jaw Worm","floor":3.0,"turns":3.0},{"damage":2.0,"enemies":"Small Slimes","floor":5.0,"turns":2.0},{"damage":28.0,"enemies":"Gremlin Nob","floor":7.0,"turns":4.0},{"damage":24.0,"enemies":"Lagavulin","floor":10.0,"turns":5.0},{"damage":21.0,"enemies":"Gremlin Gang","floor":13.0,"turns":3.0},{"damage":6.0,"enemies":"Red Slaver","floor":14.0,"turns":3.0},{"damage":26.0,"enemies":"Hexaghost","floor":16.0,"turns":8.0},{"damage":22.0,"enemies":"3 Byrds","floor":18.0,"turns":3.0},{"damage":10.0,"enemies":"Chosen","floor":19.0,"turns":4.0},{"damage":14.0,"enemies":"Snecko","floor":20.0,"turns":4.0},{"damage":13.0,"enemies":"3 Cultists","floor":21.0,"turns":4.0},{"damage":51.0,"enemies":"Slavers","floor":24.0,"turns":4.0},{"damage":5.0,"enemies":"Gremlin Leader","floor":27.0,"turns":2.0},{"damage":1,"enemies":"Shelled Parasite and Fungi","floor":28,"turns":2},{"damage":32,"enemies":"Book of Stabbing","floor":29,"turns":4},{"damage":4,"enemies":"Chosen and Byrds","floor":31,"turns":5},{"damage":84,"enemies":"Automaton","floor":33,"turns":10}],"seed_played":"-6378152979771657029","potions_obtained":[{"floor":1.0,"key":"Poison Potion"},{"floor":7.0,"key":"LiquidBronze"},{"floor":14.0,"key":"Energy Potion"},{"floor":18.0,"key":"EssenceOfSteel"},{"floor":20.0,"key":"SteroidPotion"},{"floor":21.0,"key":"Ancient Potion"},{"floor":28,"key":"SpeedPotion"}],"is_trial":false,"path_per_floor":["M","$","M","?","M","R","E","?","T","E","R","$","M","M","R","B",null,"M","M","M","M","T","R","E","R","T","E","M","E","R","M","R","B"],"character_chosen":"IRONCLAD","items_purchased":["Disarm","Toxic Egg 2","Shrug It Off+1"],"campfire_rested":3,"item_purchase_floors":[2,12,12],"current_hp_per_floor":[80,80,74,67,71,71,49,49,49,31,31,31,16,16,40,20,80,68,68,64,61,61,61,20,44,44,51,62,42,42,50,74,0],"gold":450,"neow_bonus":"RANDOM_COMMON_RELIC","is_prod":false,"is_daily":false,"chose_seed":false,"campfire_upgraded":4,"win_rate":0,"timestamp":1553449844,"path_taken":["M","$","?","?","M","R","E","?","T","E","R","$","?","?","R","BOSS","M","M","M","M","?","R","E","R","T","E","M","E","R","M","R","BOSS"],"build_version":"2019-01-23","purchased_purges":0,"victory":false,"max_hp_per_floor":[80,80,80,80,80,80,80,80,80,80,80,80,80,80,80,80,80,80,80,80,80,80,80,80,80,80,80,80,80,80,80,80,80],"card_choices":[{"not_picked":["Hemokinesis","Clash"],"picked":"Pommel Strike","floor":1.0},{"not_picked":["Anger","Twin Strike"],"picked":"Combust","floor":3.0},{"not_picked":["Anger","Sentinel","Shockwave"],"picked":"SKIP","floor":5.0},{"not_picked":["Heavy Blade","Body Slam"],"picked":"Twin Strike","floor":7.0},{"not_picked":["Impervious","Warcry"],"picked":"Spot Weakness","floor":10.0},{"not_picked":["Combust","Headbutt"],"picked":"Infernal Blade+1","floor":13.0},{"not_picked":["Sever Soul","Rupture"],"picked":"Battle Trance+1","floor":14.0},{"not_picked":["Feed","Impervious+1"],"picked":"Limit Break+1","floor":16.0},{"not_picked":["Shockwave+1","Clash"],"picked":"Rage+1","floor":18.0},{"not_picked":["Havoc+1","Cleave"],"picked":"Thunderclap+1","floor":19.0},{"not_picked":["Carnage","Bloodletting+1"],"picked":"Perfected Strike+1","floor":20.0},{"not_picked":["Body Slam","Perfected Strike"],"picked":"Evolve+1","floor":21.0},{"not_picked":["Heavy Blade","Sentinel+1"],"picked":"Infernal Blade+1","floor":24.0},{"not_picked":["Dropkick","Clash","Flex+1"],"picked":"SKIP","floor":27.0},{"not_picked":["Sword Boomerang","Bloodletting+1"],"picked":"Havoc+1","floor":28},{"not_picked":["Hemokinesis+1","Flex+1"],"picked":"Warcry+1","floor":29},{"not_picked":["Clothesline","Burning Pact+1","Reckless Charge"],"picked":"SKIP","floor":31}],"player_experience":110032,"relics_obtained":[{"floor":7.0,"key":"Bag of Marbles"},{"floor":10.0,"key":"Potion Belt"},{"floor":22.0,"key":"Dodecahedron"},{"floor":24.0,"key":"Blood Vial"},{"floor":26.0,"key":"Incense Burner"},{"floor":27.0,"key":"The Courier"},{"floor":29,"key":"PreservedInsect"}],"event_choices":[{"cards_removed":["Strike_R"],"damage_healed":0.0,"max_hp_gain":0.0,"max_hp_loss":0.0,"gold_gain":0.0,"event_name":"Golden Wing","player_choice":"Card Removal","floor":4.0,"gold_loss":0.0,"damage_taken":7.0},{"damage_healed":0.0,"max_hp_gain":0.0,"max_hp_loss":0.0,"gold_gain":100.0,"event_name":"Wheel of Change","player_choice":"Gold","floor":8.0,"gold_loss":0.0,"damage_taken":0.0}],"is_beta":false,"boss_relics":[{"not_picked":["Mark of Pain","Pandora\u0027s Box"],"picked":"Black Blood"}],"items_purged_floors":[],"is_endless":false,"potions_floor_spawned":[1,7,14,18,20,21,28],"killed_by":"Automaton","ascension_level":3}