{"gold_per_floor":[214,214,364,289,306,306,331,296,296,296,296,326,356,373,373,444,444,457,473,473,493,418,418,418],"floor_reached":24,"playtime":713,"items_purged":["Doubt"],"score":404,"play_id":"b0a69f93-3177-46fd-aaef-45cf661fb8f8","local_time":"20190316194512","is_ascension_mode":true,"campfire_choices":[{"data":"Sweeping Beam","floor":6.0,"key":"SMITH"},{"data":"Loop","floor":11.0,"key":"SMITH"},{"floor":15,"key":"REST"},{"floor":23,"key":"REST"}],"neow_cost":"NONE","seed_source_timestamp":314235212848956,"circlet_count":0,"master_deck":["AscendersBane","Strike_B","Strike_B","Strike_B","Defend_B","Defend_B","Defend_B","Defend_B","Zap+1","Dualcast","Hologram","Sweeping Beam+1","Loop+1","Leap","Conserve Battery","Core Surge","Steam","Recycle"],"special_seed":0,"relics":["Cracked Core","Bag of Preparation","Sundial","PreservedInsect","Busted Crown"],"potions_floor_usage":[16,24],"damage_taken":[{"damage":2.0,"enemies":"Cultist","floor":1.0,"turns":4.0},{"damage":0.0,"enemies":"2 Louse","floor":5.0,"turns":3.0},{"damage":39.0,"enemies":"Gremlin Nob","floor":7.0,"turns":4.0},{"damage":35.0,"enemies":"3 Sentries","floor":12.0,"turns":5.0},{"damage":0,"enemies":"Small Slimes","floor":14,"turns":2},{"damage":16,"enemies":"The Guardian","floor":16,"turns":11},{"damage":0,"enemies":"Spheric Guardian","floor":18,"turns":4},{"damage":8,"enemies":"Shell Parasite","floor":19,"turns":8},{"damage":25,"enemies":"Snake Plant","floor":21,"turns":5},{"damage":38,"enemies":"Masked Bandits","floor":24,"turns":3}],"seed_played":"-5773660111842116395","potions_obtained":[{"floor":1.0,"key":"SteroidPotion"},{"floor":12.0,"key":"PowerPotion"},{"floor":21,"key":"Dexterity Potion"}],"is_trial":false,"path_per_floor":["M","?","?","$","M","R","E","?","T","$","R","E","?","M","R","B",null,"M","M","?","M","?","R","?"],"character_chosen":"DEFECT","items_purchased":[],"campfire_rested":2,"item_purchase_floors":[],"current_hp_per_floor":[62,62,62,62,62,62,23,40,40,40,40,5,5,5,26,10,56,56,48,28,3,3,25,0],"gold":418,"neow_bonus":"HUNDRED_GOLD","is_prod":false,"is_daily":false,"chose_seed":false,"campfire_upgraded":2,"win_rate":0,"timestamp":1552779912,"path_taken":["M","?","?","$","M","R","E","?","T","$","R","E","?","M","R","BOSS","M","M","?","M","?","R","?"],"build_version":"2019-03-15","purchased_purges":1,"victory":false,"max_hp_per_floor":[71,71,71,71,71,71,71,71,71,71,71,71,71,71,71,71,71,71,71,76,76,76,76,76],"card_choices":[{"not_picked":["Tempest","Rebound"],"picked":"Hologram","floor":1.0},{"not_picked":["Hologram","Auto Shields"],"picked":"Sweeping Beam","floor":5.0},{"not_picked":["Compile Driver","Storm"],"picked":"Loop","floor":7.0},{"not_picked":["Chaos","Rebound"],"picked":"Leap","floor":12.0},{"not_picked":["FTL","Streamline"],"picked":"Conserve Battery","floor":14},{"not_picked":["Fission","Rainbow"],"picked":"Core Surge","floor":16},{"not_picked":[],"picked":"Steam","floor":18},{"not_picked":["Leap"],"picked":"SKIP","floor":19},{"not_picked":[],"picked":"Recycle","floor":21}],"player_experience":1117812,"relics_obtained":[{"floor":7.0,"key":"Bag of Preparation"},{"floor":9.0,"key":"Sundial"},{"floor":12.0,"key":"PreservedInsect"}],"event_choices":[{"damage_healed":0.0,"max_hp_gain":0.0,"max_hp_loss":0.0,"gold_gain":0.0,"event_name":"Living Wall","player_choice":"Grow","floor":2.0,"gold_loss":0.0,"damage_taken":0.0,"cards_upgraded":["Zap"]},{"damage_healed":0.0,"max_hp_gain":0.0,"max_hp_loss":0.0,"gold_gain":150.0,"event_name":"Liars Game","player_choice":"AGREE","floor":3.0,"gold_loss":0.0,"damage_taken":0.0,"cards_obtained":["Doubt"]},{"damage_healed":17.0,"max_hp_gain":0.0,"max_hp_loss":0.0,"gold_gain":0.0,"event_name":"The Cleric","player_choice":"Healed","floor":8.0,"gold_loss":35.0,"damage_taken":0.0},{"damage_healed":0,"gold_gain":30,"player_choice":"Searched \u00272\u0027 times","damage_taken":0,"max_hp_gain":0,"max_hp_loss":0,"event_name":"Dead Adventurer","floor":13,"gold_loss":0},{"damage_healed":0,"gold_gain":0,"player_choice":"Shed Blood","damage_taken":25,"max_hp_gain":5,"max_hp_loss":0,"event_name":"Forgotten Altar","floor":20,"gold_loss":0},{"cards_removed":["Strike_B"],"damage_healed":0,"gold_gain":0,"player_choice":"Gave Gold","damage_taken":0,"max_hp_gain":0,"max_hp_loss":0,"event_name":"Beggar","floor":22,"gold_loss":75},{"damage_healed":0,"gold_gain":0,"player_choice":"Fought Bandits","damage_taken":0,"max_hp_gain":0,"max_hp_loss":0,"event_name":"Masked Bandits","floor":24,"gold_loss":0}],"is_beta":true,"boss_relics":[{"not_picked":["White Beast Statue","Tiny House"],"picked":"Busted Crown"}],"items_purged_floors":[4],"is_endless":false,"potions_floor_spawned":[1,12,21],"killed_by":"Masked Bandits","ascension_level":20}