{"gold_per_floor":[114,7,27,47,47,76,76,104,183,215,215,227,240,267,267,267],"floor_reached":16,"playtime":727,"items_purged":[],"score":260,"play_id":"fd12808d-e025-4e08-be82-0f3222dc8d85","local_time":"20190322174756","is_ascension_mode":true,"campfire_choices":[{"data":"Perfected Strike","floor":7.0,"key":"SMITH"},{"data":"Disarm","floor":11.0,"key":"SMITH"},{"data":"Armaments","floor":15,"key":"SMITH"}],"neow_cost":"NONE","seed_source_timestamp":825548018730990,"circlet_count":0,"master_deck":["AscendersBane","Strike_R","Strike_R","Strike_R","Strike_R","Strike_R","Defend_R","Defend_R","Defend_R","Defend_R","Bash","Barricade","Cleave","Perfected Strike+1","Disarm+1","Shrug It Off","Second Wind","Whirlwind","Shockwave","Evolve","Armaments+1","Perfected Strike"],"special_seed":0,"relics":["Burning Blood","Ice Cream","Vajra","Bird Faced Urn","Letter Opener","Gambling Chip"],"potions_floor_usage":[13,16],"damage_taken":[{"damage":19.0,"enemies":"Jaw Worm","floor":1.0,"turns":4.0},{"damage":1.0,"enemies":"Cultist","floor":3.0,"turns":3.0},{"damage":4.0,"enemies":"2 Louse","floor":4.0,"turns":2.0},{"damage":12.0,"enemies":"3 Sentries","floor":6.0,"turns":6.0},{"damage":10.0,"enemies":"Lagavulin","floor":8.0,"turns":7.0},{"damage":12.0,"enemies":"3 Sentries","floor":10.0,"turns":5.0},{"damage":14,"enemies":"Exordium Thugs","floor":12,"turns":4},{"damage":11,"enemies":"Gremlin Gang","floor":13,"turns":2},{"damage":8,"enemies":"Lagavulin","floor":14,"turns":9},{"damage":26,"enemies":"Hexaghost","floor":16,"turns":11}],"seed_played":"2189230627437660086","potions_obtained":[{"floor":3.0,"key":"LiquidBronze"},{"floor":8.0,"key":"Swift Potion"},{"floor":12,"key":"GamblersBrew"},{"floor":13,"key":"SkillPotion"}],"is_trial":false,"path_per_floor":["M","$","M","M","?","E","R","E","T","E","R","M","M","E","R","B"],"character_chosen":"IRONCLAD","items_purchased":["Explosive Potion","Perfected Strike"],"campfire_rested":0,"item_purchase_floors":[2,2],"current_hp_per_floor":[55,55,60,62,62,56,56,52,52,46,46,38,33,35,35,11],"gold":267,"neow_bonus":"ONE_RANDOM_RARE_CARD","is_prod":false,"is_daily":false,"chose_seed":false,"campfire_upgraded":3,"win_rate":0,"timestamp":1553291276,"path_taken":["M","$","M","M","?","E","R","E","T","E","R","M","?","E","R","BOSS"],"build_version":"2019-03-15","purchased_purges":0,"victory":false,"max_hp_per_floor":[75,75,75,75,75,75,75,75,75,75,75,75,75,75,75,75],"card_choices":[{"not_picked":["Pommel Strike","Power Through"],"picked":"Cleave","floor":1.0},{"not_picked":["Havoc","Twin Strike"],"picked":"Disarm","floor":3.0},{"not_picked":["Fire Breathing","Combust"],"picked":"Shrug It Off","floor":4.0},{"not_picked":["Clothesline","Body Slam"],"picked":"Second Wind","floor":6.0},{"not_picked":["Twin Strike","Headbutt"],"picked":"Whirlwind","floor":8.0},{"not_picked":["Rupture","Evolve"],"picked":"Shockwave","floor":10.0},{"not_picked":["Wild Strike","Pommel Strike"],"picked":"Evolve","floor":12},{"not_picked":["Heavy Blade","Iron Wave"],"picked":"Armaments","floor":13},{"not_picked":["Warcry","True Grit"],"picked":"Perfected Strike","floor":14}],"player_experience":1184163,"relics_obtained":[{"floor":6.0,"key":"Vajra"},{"floor":8.0,"key":"Bird Faced Urn"},{"floor":10.0,"key":"Letter Opener"},{"floor":14,"key":"Gambling Chip"}],"event_choices":[{"damage_healed":0.0,"max_hp_gain":0.0,"max_hp_loss":0.0,"gold_gain":0.0,"event_name":"WeMeetAgain","player_choice":"Gave Potion","floor":5.0,"gold_loss":0.0,"damage_taken":0.0,"relics_obtained":["Ice Cream"]}],"is_beta":true,"boss_relics":[],"items_purged_floors":[],"is_endless":false,"potions_floor_spawned":[3,8,12,13],"killed_by":"Hexaghost","ascension_level":20}