{"gold_per_floor":[110,110,30,44,44,373,373,403,481,512,524,799,799,813,813,915,915,927,271,288,302,316,343,358,377,377,402,502,502],"floor_reached":29,"playtime":2044,"items_purged":["Regret"],"score":427,"play_id":"70ecc4cc-7f08-464d-b087-3d6e17b7952a","local_time":"20190112190340","is_ascension_mode":true,"campfire_choices":[{"data":"Predator","floor":7,"key":"SMITH"},{"floor":13,"key":"REST"},{"data":"Crippling Poison","floor":15,"key":"SMITH"}],"neow_cost":"NONE","seed_source_timestamp":4148161235965,"circlet_count":0,"master_deck":["Survivor","Neutralize","Flying Knee","Footwork","Predator+1","Leg Sweep","PiercingWail","Footwork+1","Deadly Poison","Crippling Poison+1","After Image+1","Heel Hook","Expertise","Heel Hook","Bouncing Flask","Underhanded Strike","Cloak And Dagger","Finisher","Envenom+1","Bane","PiercingWail","Caltrops+1","Dash","Outmaneuver","Quick Slash","PiercingWail+1","Doppelganger","All Out Attack+1","Deflect","Well Laid Plans+1"],"relics":["Ring of the Snake","NeowsBlessing","Mummified Hand","Frozen Egg 2","Old Coin","Centennial Puzzle","Pantograph","Unceasing Top","Pandora\u0027s Box","Bottled Tornado","TheAbacus","Mercury Hourglass","Orichalcum","Peace Pipe","Blue Candle"],"potions_floor_usage":[16,21,27,27,28,28],"damage_taken":[{"damage":0,"enemies":"Small Slimes","floor":1,"turns":1},{"damage":0,"enemies":"Jaw Worm","floor":4,"turns":1},{"damage":0,"enemies":"3 Sentries","floor":6,"turns":1},{"damage":31,"enemies":"Gremlin Nob","floor":8,"turns":5},{"damage":19,"enemies":"Lagavulin","floor":10,"turns":7},{"damage":0,"enemies":"Cultist","floor":11,"turns":3},{"damage":4,"enemies":"3 Louse","floor":14,"turns":4},{"damage":40,"enemies":"The Guardian","floor":16,"turns":12},{"damage":14,"enemies":"Chosen","floor":18,"turns":4},{"damage":0,"enemies":"Shell Parasite","floor":20,"turns":5},{"damage":7,"enemies":"Shelled Parasite and Fungi","floor":21,"turns":4},{"damage":4,"enemies":"Centurion and Healer","floor":22,"turns":6},{"damage":11,"enemies":"Book of Stabbing","floor":23,"turns":5},{"damage":0,"enemies":"3 Cultists","floor":24,"turns":3},{"damage":2,"enemies":"Shelled Parasite and Fungi","floor":25,"turns":5},{"damage":0,"enemies":"Gremlin Leader","floor":27,"turns":6},{"damage":4,"enemies":"Colosseum Slavers","floor":28,"turns":4},{"damage":27,"enemies":"Colosseum Nobs","floor":28,"turns":5},{"damage":0,"enemies":"Snecko","floor":29,"turns":2}],"seed_played":"9164640938559903083","potions_obtained":[{"floor":1,"key":"Regen Potion"},{"floor":6,"key":"Strength Potion"},{"floor":8,"key":"Weak Potion"},{"floor":18,"key":"SpeedPotion"},{"floor":22,"key":"Strength Potion"},{"floor":24,"key":"AttackPotion"},{"floor":25,"key":"SkillPotion"},{"floor":27,"key":"Strength Potion"}],"is_trial":false,"path_per_floor":["M","?","$","M","T","E","R","E","T","E","M","?","R","M","R","B",null,"M","$","M","M","M","E","M","M","T","E","?","M"],"character_chosen":"THE_SILENT","items_purchased":["Footwork","Bottled Tornado","TheAbacus","Caltrops+1","Dash"],"campfire_rested":1,"item_purchase_floors":[3,19,19,19,19],"current_hp_per_floor":[70,63,63,63,63,63,63,32,32,13,13,13,34,30,30,15,70,56,56,56,49,45,34,34,32,32,32,1,1],"gold":502,"neow_bonus":"THREE_ENEMY_KILL","is_prod":false,"is_daily":false,"chose_seed":false,"campfire_upgraded":2,"win_rate":0,"timestamp":1547337820,"path_taken":["M","?","$","M","?","E","R","E","T","E","M","?","R","?","R","BOSS","M","$","M","M","M","E","M","M","T","E","?","M"],"build_version":"2019-01-10","purchased_purges":1,"victory":false,"max_hp_per_floor":[70,70,70,70,70,70,70,70,70,70,70,70,70,70,70,70,70,70,70,70,70,70,70,70,70,70,70,70,70],"card_choices":[{"not_picked":["Blade Dance","Masterful Stab"],"picked":"Flying Knee","floor":1},{"not_picked":["Expertise","Deflect"],"picked":"Predator","floor":4},{"not_picked":["Calculated Gamble","Concentrate"],"picked":"Leg Sweep","floor":6},{"not_picked":["Outmaneuver","Slice"],"picked":"PiercingWail","floor":8},{"not_picked":["Bane","Deflect"],"picked":"Footwork+1","floor":10},{"not_picked":["Sucker Punch","Reflex"],"picked":"Deadly Poison","floor":11},{"not_picked":["Finisher","Bane"],"picked":"Crippling Poison","floor":14},{"not_picked":["Venomology","Doppelganger"],"picked":"After Image+1","floor":16},{"not_picked":["Bane+1","Cloak And Dagger","Sucker Punch+1"],"picked":"SKIP","floor":18},{"not_picked":["Acrobatics+1","Backflip+1"],"picked":"Outmaneuver","floor":20},{"not_picked":["Bane","Sucker Punch+1"],"picked":"Quick Slash","floor":21},{"not_picked":["Underhanded Strike","Tactician"],"picked":"PiercingWail+1","floor":22},{"not_picked":["Bouncing Flask","Cloak And Dagger"],"picked":"Doppelganger","floor":23},{"not_picked":["Endless Agony","Blade Dance"],"picked":"All Out Attack+1","floor":24},{"not_picked":["Eviscerate","Dagger Spray"],"picked":"Deflect","floor":25},{"not_picked":["Sucker Punch","Riddle With Holes+1"],"picked":"Well Laid Plans+1","floor":27}],"player_experience":189672,"relics_obtained":[{"floor":5,"key":"Frozen Egg 2"},{"floor":6,"key":"Old Coin"},{"floor":8,"key":"Centennial Puzzle"},{"floor":9,"key":"Pantograph"},{"floor":10,"key":"Unceasing Top"},{"floor":23,"key":"Mercury Hourglass"},{"floor":27,"key":"Orichalcum"},{"floor":28,"key":"Peace Pipe"},{"floor":28,"key":"Blue Candle"}],"event_choices":[{"damage_healed":0,"gold_gain":0,"player_choice":"Success","damage_taken":7,"relics_obtained":["Mummified Hand"],"max_hp_gain":0,"max_hp_loss":0,"event_name":"Scrap Ooze","floor":2,"gold_loss":0},{"damage_healed":0,"gold_gain":275,"player_choice":"Desecrate","damage_taken":0,"max_hp_gain":0,"max_hp_loss":0,"event_name":"Golden Shrine","floor":12,"gold_loss":0,"cards_obtained":["Regret"]},{"damage_healed":0,"gold_gain":0,"player_choice":"Fight","damage_taken":0,"max_hp_gain":0,"max_hp_loss":0,"event_name":"Colosseum","floor":28,"gold_loss":0},{"damage_healed":0,"gold_gain":0,"player_choice":"Fought Nobs","damage_taken":0,"max_hp_gain":0,"max_hp_loss":0,"event_name":"Colosseum","floor":28,"gold_loss":0}],"is_beta":true,"boss_relics":[{"not_picked":["Runic Dome","Ring of the Serpent"],"picked":"Pandora\u0027s Box"}],"items_purged_floors":[19],"is_endless":false,"potions_floor_spawned":[1,6,8,18,22,24,25,27],"killed_by":"Snecko","ascension_level":4}