{"gold_per_floor":[119,169,188,206,206,206,230,230,230,274,297,320,320,356,356,455,455,471,471],"floor_reached":19,"playtime":669,"items_purged":[],"score":358,"play_id":"9b42fb3b-aea2-44c8-87e2-6d7d6ebdfef0","local_time":"20190221093338","is_ascension_mode":true,"campfire_choices":[{"data":"Zap","floor":6,"key":"SMITH"},{"floor":8,"key":"REST"},{"floor":13,"key":"REST"},{"data":"Lockon","floor":15,"key":"SMITH"}],"neow_cost":"NONE","seed_source_timestamp":661831942993190,"circlet_count":0,"master_deck":["AscendersBane","Strike_B","Strike_B","Strike_B","Strike_B","Defend_B","Defend_B","Defend_B","Defend_B","Zap+1","Dualcast","Rebound","Gash","Biased Cognition","Leap","Conserve Battery","Cold Snap","Doom and Gloom","Lockon+1","Multi-Cast","Rebound+1"],"special_seed":0,"relics":["Cracked Core","Golden Idol","Du-Vu Doll","Boot","Snecko Eye"],"potions_floor_usage":[7,10,16,16],"damage_taken":[{"damage":0.0,"enemies":"Small Slimes","floor":1.0,"turns":2.0},{"damage":6,"enemies":"Cultist","floor":3,"turns":3},{"damage":4,"enemies":"Jaw Worm","floor":4,"turns":3},{"damage":18,"enemies":"3 Louse","floor":7,"turns":3},{"damage":16,"enemies":"Lagavulin","floor":10,"turns":7},{"damage":5,"enemies":"Looter","floor":11,"turns":3},{"damage":7,"enemies":"2 Fungi Beasts","floor":12,"turns":3},{"damage":11,"enemies":"Gremlin Nob","floor":14,"turns":3},{"damage":9,"enemies":"Hexaghost","floor":16,"turns":9},{"damage":38,"enemies":"3 Byrds","floor":18,"turns":5},{"damage":0,"enemies":"Shell Parasite","floor":19,"turns":1}],"seed_played":"6971790127194789359","potions_obtained":[{"floor":0.0,"key":"AttackPotion"},{"floor":0.0,"key":"SteroidPotion"},{"floor":7,"key":"FocusPotion"},{"floor":11,"key":"SkillPotion"},{"floor":14,"key":"Weak Potion"},{"floor":16,"key":"SteroidPotion"}],"is_trial":false,"path_per_floor":["M","?","M","M","?","R","M","R","T","E","M","M","R","E","R","B",null,"M","M"],"character_chosen":"DEFECT","items_purchased":[],"campfire_rested":2,"item_purchase_floors":[],"current_hp_per_floor":[64,57,51,47,47,47,29,48,48,32,27,20,39,28,28,19,53,15,15],"gold":471,"neow_bonus":"THREE_SMALL_POTIONS","is_prod":false,"is_daily":false,"chose_seed":false,"campfire_upgraded":2,"win_rate":0,"timestamp":1550759618,"path_taken":["M","?","M","?","?","R","M","R","T","E","M","M","R","E","R","BOSS","M","M"],"build_version":"2019-02-06","purchased_purges":0,"victory":false,"max_hp_per_floor":[71,71,71,71,64,64,64,64,64,64,64,64,64,64,64,64,64,64,64],"card_choices":[{"not_picked":["Hologram","Hello World"],"picked":"Rebound","floor":1.0},{"not_picked":["FTL","Capacitor"],"picked":"Gash","floor":3},{"not_picked":["Redo","Rebound"],"picked":"Biased Cognition","floor":4},{"not_picked":["Turbo","Recycle"],"picked":"Leap","floor":7},{"not_picked":["Auto Shields","Steam"],"picked":"Conserve Battery","floor":10},{"not_picked":["Turbo","Barrage"],"picked":"Cold Snap","floor":11},{"not_picked":["Redo","Fusion"],"picked":"Doom and Gloom","floor":12},{"not_picked":["Scrape","Beam Cell"],"picked":"Lockon","floor":14},{"not_picked":["Fission","Meteor Strike"],"picked":"Multi-Cast","floor":16},{"not_picked":["Stack","Static Discharge"],"picked":"Rebound+1","floor":18}],"player_experience":962940,"relics_obtained":[{"floor":10,"key":"Du-Vu Doll"},{"floor":14,"key":"Boot"}],"event_choices":[{"damage_healed":0,"gold_gain":50,"player_choice":"Touch","damage_taken":7,"max_hp_gain":0,"max_hp_loss":0,"event_name":"FaceTrader","floor":2,"gold_loss":0},{"damage_healed":0,"gold_gain":0,"player_choice":"Lose Max HP","damage_taken":0,"relics_obtained":["Golden Idol"],"max_hp_gain":0,"max_hp_loss":7,"event_name":"Golden Idol","floor":5,"gold_loss":0}],"is_beta":true,"boss_relics":[{"not_picked":["Calling Bell","Eternal Feather"],"picked":"Snecko Eye"}],"items_purged_floors":[],"is_endless":false,"potions_floor_spawned":[7,11,14,16],"killed_by":"Shell Parasite","ascension_level":20}