{"gold_per_floor":[112,262,262,262,56,56,88,107,159,124,202,202,236,247,247,320,320,330,330,730,172,87,119,130,157,229,262,277,287,307,338,338,414,414,424,438,438,388,403,403,437,452,526,526,538,538,567,579,579,579,579,579,579,80,109,109],"floor_reached":57,"playtime":4202,"items_purged":["Strike_G"],"score":2896,"play_id":"d5323b51-cc76-4c20-8055-2d8882a71d8a","local_time":"20190316160925","is_ascension_mode":true,"campfire_choices":[{"data":"Neutralize","floor":6,"key":"SMITH"},{"floor":12,"key":"REST"},{"data":"Dodge and Roll","floor":15,"key":"SMITH"},{"data":"Ghostly","floor":32,"key":"SMITH"},{"data":"Ghostly","floor":40,"key":"SMITH"},{"floor":44,"key":"RECALL"},{"data":"Caltrops","floor":46,"key":"SMITH"},{"data":"After Image","floor":49,"key":"SMITH"},{"data":"Caltrops","floor":53,"key":"SMITH"}],"neow_cost":"NONE","seed_source_timestamp":297787840916505,"circlet_count":0,"master_deck":["AscendersBane","Survivor","Neutralize+1","Infinite Blades","Dodge and Roll+1","Dash","Ghostly+1","Ghostly+1","Ghostly+1","Catalyst+1","Cloak And Dagger+1","Caltrops+1","Poisoned Stab","Poisoned Stab+1","Deadly Poison+1","Envenom","Footwork","All Out Attack","Backstab","After Image+1","Leg Sweep+1","Tactician+1","Adrenaline+1","Noxious Fumes","Malaise+1","Crippling Poison+1","Caltrops+1","Leg Sweep+1","PiercingWail+1","Ghostly+1","Catalyst+1"],"special_seed":0,"relics":["Busted Crown","Bag of Preparation","Vajra","Whetstone","Pear","Bird Faced Urn","Velvet Choker","Old Coin","Toxic Egg 2","Dead Branch","Lantern","Centennial Puzzle","Bag of Marbles","Oddly Smooth Stone","Blue Candle","Pandora\u0027s Box","Paper Crane","Meat on the Bone","Pen Nib","DollysMirror","Anchor","Blood Vial"],"potions_floor_usage":[13,16,18,18,20,20,23,27,29,33,51,56,56],"damage_taken":[{"damage":0.0,"enemies":"Jaw Worm","floor":1.0,"turns":5.0},{"damage":28,"enemies":"3 Sentries","floor":7,"turns":13},{"damage":0,"enemies":"Small Slimes","floor":8,"turns":3},{"damage":15,"enemies":"Lagavulin","floor":13,"turns":7},{"damage":0,"enemies":"Cultist","floor":14,"turns":3},{"damage":22,"enemies":"The Guardian","floor":16,"turns":11},{"damage":0,"enemies":"3 Byrds","floor":18,"turns":7},{"damage":0,"enemies":"Colosseum Slavers","floor":20,"turns":6},{"damage":4,"enemies":"Colosseum Nobs","floor":20,"turns":7},{"damage":23,"enemies":"Gremlin Leader","floor":23,"turns":8},{"damage":2,"enemies":"2 Thieves","floor":24,"turns":3},{"damage":8,"enemies":"Book of Stabbing","floor":25,"turns":5},{"damage":22,"enemies":"Gremlin Leader","floor":27,"turns":6},{"damage":1,"enemies":"Snecko","floor":28,"turns":5},{"damage":0,"enemies":"Centurion and Healer","floor":29,"turns":9},{"damage":4,"enemies":"Sentry and Sphere","floor":30,"turns":5},{"damage":6,"enemies":"Book of Stabbing","floor":31,"turns":5},{"damage":11,"enemies":"Champ","floor":33,"turns":6},{"damage":0,"enemies":"Orb Walker","floor":35,"turns":3},{"damage":3,"enemies":"3 Darklings","floor":36,"turns":6},{"damage":5,"enemies":"Transient","floor":39,"turns":6},{"damage":1,"enemies":"Nemesis","floor":41,"turns":7},{"damage":0,"enemies":"Jaw Worm Horde","floor":42,"turns":3},{"damage":0,"enemies":"4 Shapes","floor":45,"turns":3},{"damage":38,"enemies":"Giant Head","floor":47,"turns":9},{"damage":0,"enemies":"Writhing Mass","floor":48,"turns":5},{"damage":0,"enemies":"Time Eater","floor":50,"turns":9},{"damage":13,"enemies":"Donu and Deca","floor":51,"turns":9},{"damage":23,"enemies":"Shield and Spear","floor":55,"turns":9},{"damage":19,"enemies":"The Heart","floor":56,"turns":6}],"seed_played":"-2972471459805063544","potions_obtained":[{"floor":7,"key":"PowerPotion"},{"floor":13,"key":"PowerPotion"},{"floor":16,"key":"EntropicBrew"},{"floor":18,"key":"FearPotion"},{"floor":20,"key":"Dexterity Potion"},{"floor":25,"key":"GamblersBrew"},{"floor":27,"key":"Weak Potion"},{"floor":30,"key":"SteroidPotion"},{"floor":31,"key":"PowerPotion"},{"floor":33,"key":"GamblersBrew"},{"floor":45,"key":"LiquidBronze"}],"is_trial":false,"path_per_floor":["M","?","?","?","$","R","E","M","T","?","T","R","E","M","R","B",null,"M","?","?","$","?","E","M","E","T","E","M","M","M","E","R","B",null,"M","M","?","?","M","R","E","M","T","R","M","R","E","M","R","B","B",null,"R","$","E","B",null],"character_chosen":"THE_SILENT","items_purchased":["Bag of Preparation","Infinite Blades","Dead Branch","Cloak And Dagger+1","Caltrops","PiercingWail+1","DollysMirror","Anchor","Block Potion"],"campfire_rested":1,"item_purchase_floors":[5,5,21,21,21,54,54,54,54],"current_hp_per_floor":[59,59,39,32,32,32,4,4,4,20,30,52,37,37,37,19,62,64,38,34,34,34,19,25,23,23,5,8,24,24,24,24,21,34,38,38,38,38,38,38,38,38,38,38,38,38,21,35,35,38,35,37,37,37,31,25],"gold":109,"neow_bonus":"BOSS_RELIC","is_prod":false,"is_daily":false,"chose_seed":false,"campfire_upgraded":7,"win_rate":0,"timestamp":1552766965,"path_taken":["M","?","?","?","?","R","E","?","T","?","?","R","E","M","R","BOSS","M","?","?","$","?","E","M","E","T","E","M","M","M","E","R","BOSS","M","M","?","?","M","R","E","?","T","R","M","R","E","M","R","BOSS","BOSS","R","$","E","BOSS"],"build_version":"2019-03-15","purchased_purges":1,"victory":true,"max_hp_per_floor":[66,66,66,66,66,66,66,66,66,66,76,76,76,76,76,76,76,76,38,38,38,38,38,38,38,38,38,38,38,38,38,38,38,38,38,38,38,38,38,38,38,38,38,38,38,38,38,38,38,38,38,38,38,38,38,38],"card_choices":[{"not_picked":["Cloak And Dagger"],"picked":"SKIP","floor":1.0},{"not_picked":[],"picked":"Dodge and Roll","floor":7},{"not_picked":["Terror"],"picked":"SKIP","floor":8},{"not_picked":["Quick Slash"],"picked":"SKIP","floor":13},{"not_picked":["Deflect"],"picked":"SKIP","floor":14},{"not_picked":[],"picked":"Dash","floor":18},{"not_picked":[],"picked":"Catalyst","floor":20},{"not_picked":["Bane"],"picked":"SKIP","floor":23},{"not_picked":[],"picked":"Poisoned Stab","floor":24},{"not_picked":["Heel Hook+1"],"picked":"SKIP","floor":25},{"not_picked":[],"picked":"Poisoned Stab+1","floor":27},{"not_picked":[],"picked":"Deadly Poison+1","floor":28},{"not_picked":["Heel Hook"],"picked":"SKIP","floor":29},{"not_picked":["Poisoned Stab"],"picked":"SKIP","floor":30},{"not_picked":["Predator+1"],"picked":"SKIP","floor":31},{"not_picked":[],"picked":"Envenom","floor":33},{"not_picked":["Infinite Blades"],"picked":"SKIP","floor":35},{"not_picked":[],"picked":"Crippling Poison+1","floor":36},{"not_picked":[],"picked":"Caltrops","floor":39},{"not_picked":["Sucker Punch"],"picked":"SKIP","floor":41},{"not_picked":[],"picked":"Leg Sweep+1","floor":42},{"not_picked":["Blade Dance+1"],"picked":"SKIP","floor":45},{"not_picked":["Flechettes"],"picked":"SKIP","floor":47},{"not_picked":["Underhanded Strike"],"picked":"SKIP","floor":48},{"not_picked":[],"picked":"Catalyst+1","floor":55}],"player_experience":1112846,"relics_obtained":[{"floor":7,"key":"Vajra"},{"floor":9,"key":"Whetstone"},{"floor":11,"key":"Pear"},{"floor":13,"key":"Bird Faced Urn"},{"floor":20,"key":"Old Coin"},{"floor":20,"key":"Toxic Egg 2"},{"floor":23,"key":"Centennial Puzzle"},{"floor":25,"key":"Bag of Marbles"},{"floor":27,"key":"Oddly Smooth Stone"},{"floor":31,"key":"Blue Candle"},{"floor":41,"key":"Paper Crane"},{"floor":43,"key":"Meat on the Bone"},{"floor":47,"key":"Pen Nib"},{"floor":55,"key":"Blood Vial"}],"event_choices":[{"damage_healed":0.0,"max_hp_gain":0.0,"max_hp_loss":0.0,"gold_gain":150.0,"event_name":"Liars Game","player_choice":"AGREE","floor":2.0,"gold_loss":0.0,"damage_taken":0.0,"cards_obtained":["Doubt"]},{"damage_healed":0.0,"max_hp_gain":0.0,"max_hp_loss":0.0,"gold_gain":0.0,"event_name":"Shining Light","player_choice":"Entered Light","floor":3.0,"gold_loss":0.0,"damage_taken":20.0,"cards_upgraded":["Strike_G","Defend_G"]},{"cards_removed":["Doubt"],"damage_healed":0.0,"max_hp_gain":0.0,"max_hp_loss":0.0,"gold_gain":0.0,"event_name":"Golden Wing","player_choice":"Card Removal","floor":4.0,"gold_loss":0.0,"damage_taken":7.0},{"damage_healed":16,"gold_gain":0,"player_choice":"Healed","damage_taken":0,"max_hp_gain":0,"max_hp_loss":0,"event_name":"The Cleric","floor":10,"gold_loss":35},{"damage_healed":0,"gold_gain":0,"player_choice":"Became a Ghost","damage_taken":0,"max_hp_gain":0,"max_hp_loss":38,"event_name":"Ghosts","floor":19,"gold_loss":0,"cards_obtained":["Ghostly","Ghostly","Ghostly"]},{"damage_healed":0,"gold_gain":0,"player_choice":"Fight","damage_taken":0,"max_hp_gain":0,"max_hp_loss":0,"event_name":"Colosseum","floor":20,"gold_loss":0},{"damage_healed":0,"gold_gain":0,"player_choice":"Fought Nobs","damage_taken":0,"max_hp_gain":0,"max_hp_loss":0,"event_name":"Colosseum","floor":20,"gold_loss":0},{"damage_healed":0,"gold_gain":0,"player_choice":"Obtained Relic","damage_taken":0,"relics_obtained":["Lantern"],"max_hp_gain":0,"max_hp_loss":0,"event_name":"Addict","floor":22,"gold_loss":85},{"damage_healed":0,"gold_gain":0,"player_choice":"Memory 1","damage_taken":0,"max_hp_gain":0,"max_hp_loss":0,"event_name":"SensoryStone","floor":37,"gold_loss":0},{"damage_healed":0,"gold_gain":0,"player_choice":"Upgrade","damage_taken":0,"max_hp_gain":0,"max_hp_loss":0,"event_name":"Designer","floor":38,"gold_loss":50,"cards_upgraded":["Ghostly"]}],"is_beta":true,"boss_relics":[{"not_picked":["Fusion Hammer","Orrery"],"picked":"Velvet Choker"},{"not_picked":["HoveringKite","Empty Cage"],"picked":"Pandora\u0027s Box"}],"items_purged_floors":[21],"is_endless":false,"potions_floor_spawned":[7,13,16,18,20,25,27,30,31,33,39,45,48,55],"ascension_level":20}