{"gold_per_floor":[114,131,131,1,1,1,27,39,51,63,75,107,119,148,160,250,262,292,204,204,35,35,35,85,85,85,111,111,111,111,111,111,111],"floor_reached":33,"playtime":1821,"items_purged":["Decay","Strike_G","Strike_G"],"score":510,"play_id":"ace74d39-b5b2-4df6-bce9-88df0929c493","local_time":"20190121202849","is_ascension_mode":true,"campfire_choices":[{"data":"After Image","floor":6.0,"key":"SMITH"},{"floor":8.0,"key":"REST"},{"data":"Neutralize","floor":10.0,"key":"SMITH"},{"data":"Deadly Poison","floor":13.0,"key":"SMITH"},{"floor":15.0,"key":"REST"},{"data":"Well Laid Plans","floor":23.0,"key":"SMITH"},{"data":"Doppelganger","floor":25.0,"key":"SMITH"},{"floor":32.0,"key":"REST"}],"neow_cost":"CURSE","seed_source_timestamp":0,"circlet_count":0,"master_deck":["AscendersBane","Defend_G","Defend_G","Defend_G","Defend_G","Defend_G","Strike_G","Strike_G","Survivor","Neutralize+1","After Image+1","PiercingWail","Predator","Deadly Poison+1","Heel Hook","Crippling Poison","Escape Plan","Doppelganger+1","Tools of the Trade","Catalyst","Well Laid Plans+1","Backflip","Heel Hook","Escape Plan"],"special_seed":0,"relics":["Ring of the Snake","MawBank","WingedGreaves","Orrery","Letter Opener","Art of War"],"potions_floor_usage":[],"damage_taken":[{"damage":7.0,"enemies":"Cultist","floor":1.0,"turns":5.0},{"damage":5.0,"enemies":"Jaw Worm","floor":2.0,"turns":7.0},{"damage":45.0,"enemies":"Lagavulin","floor":7.0,"turns":7.0},{"damage":0.0,"enemies":"Small Slimes","floor":12.0,"turns":3.0},{"damage":0.0,"enemies":"Looter","floor":14.0,"turns":3.0},{"damage":13.0,"enemies":"The Guardian","floor":16.0,"turns":12.0},{"damage":0.0,"enemies":"3 Byrds","floor":18.0,"turns":4.0},{"damage":27.0,"enemies":"Gremlin Leader","floor":27.0,"turns":7.0},{"damage":55,"enemies":"Champ","floor":33,"turns":12}],"seed_played":"5136329828564944708","potions_obtained":[{"floor":2.0,"key":"SkillPotion"},{"floor":12.0,"key":"LiquidBronze"},{"floor":16.0,"key":"Block Potion"},{"floor":18.0,"key":"Fire Potion"}],"is_trial":false,"path_per_floor":["M","M","?","$","?","R","E","R","T","R","?","M","R","M","R","B",null,"M","$","?","$","?","R","?","R","T","E","$","$","?","?","R","B"],"character_chosen":"THE_SILENT","items_purchased":["Deadly Poison","Heel Hook"],"campfire_rested":3,"item_purchase_floors":[4,21],"current_hp_per_floor":[52,47,47,47,47,47,2,21,21,21,21,21,21,21,40,27,56,56,56,38,38,52,52,52,52,52,25,25,25,25,25,46,0],"gold":111,"neow_bonus":"THREE_RARE_CARDS","is_prod":false,"is_daily":false,"chose_seed":false,"campfire_upgraded":5,"win_rate":0,"timestamp":1548120529,"path_taken":["M","M","?","$","?","R","E","R","T","R","?","M","R","M","R","BOSS","M","$","?","$","?","R","?","R","T","E","?","$","?","?","R","BOSS"],"build_version":"2019-01-17v2","purchased_purges":3,"victory":false,"max_hp_per_floor":[66,66,66,66,66,66,66,66,66,66,66,66,66,66,66,66,66,66,66,71,71,71,71,71,71,71,71,71,71,71,71,71,71],"card_choices":[{"not_picked":["Night Terror","Die Die Die"],"picked":"After Image","floor":0.0},{"not_picked":["Slice","Distraction"],"picked":"PiercingWail","floor":1.0},{"not_picked":["Flechettes","Bane"],"picked":"Predator","floor":2.0},{"not_picked":["Eviscerate","Burst"],"picked":"Heel Hook","floor":7.0},{"not_picked":["Slice","Dagger Spray"],"picked":"Crippling Poison","floor":12.0},{"not_picked":["Flying Knee","Outmaneuver"],"picked":"Escape Plan","floor":14.0},{"not_picked":["Wraith Form v2","Grand Finale"],"picked":"Doppelganger","floor":16.0},{"not_picked":["Heel Hook","Prepared"],"picked":"Tools of the Trade","floor":17.0},{"not_picked":["Blade Dance","Dodge and Roll"],"picked":"Catalyst","floor":17.0},{"not_picked":["Blade Dance","Deadly Poison"],"picked":"Well Laid Plans","floor":17.0},{"not_picked":["Acrobatics","Blur"],"picked":"Backflip","floor":17.0},{"not_picked":["Underhanded Strike","Dagger Throw","Bouncing Flask"],"picked":"SKIP","floor":18.0},{"not_picked":["Dagger Throw","Bane"],"picked":"Escape Plan","floor":27.0}],"player_experience":506354,"relics_obtained":[{"floor":7.0,"key":"MawBank"},{"floor":9.0,"key":"WingedGreaves"},{"floor":26.0,"key":"Letter Opener"},{"floor":27.0,"key":"Art of War"}],"event_choices":[{"damage_healed":0.0,"max_hp_gain":0.0,"max_hp_loss":0.0,"gold_gain":0.0,"event_name":"Shining Light","player_choice":"Ignored","floor":3.0,"gold_loss":0.0,"damage_taken":0.0},{"damage_healed":0.0,"max_hp_gain":0.0,"max_hp_loss":0.0,"gold_gain":0.0,"event_name":"Liars Game","player_choice":"Ignored","floor":5.0,"gold_loss":0.0,"damage_taken":0.0},{"cards_removed":["Strike_G"],"damage_healed":0.0,"max_hp_gain":0.0,"max_hp_loss":0.0,"gold_gain":0.0,"event_name":"Living Wall","player_choice":"Forget","floor":11.0,"gold_loss":0.0,"damage_taken":0.0},{"damage_healed":0.0,"max_hp_gain":5.0,"max_hp_loss":0.0,"gold_gain":0.0,"event_name":"Forgotten Altar","player_choice":"Shed Blood","floor":20.0,"gold_loss":0.0,"damage_taken":23.0},{"damage_healed":14.0,"max_hp_gain":0.0,"max_hp_loss":0.0,"gold_gain":0.0,"event_name":"The Library","player_choice":"Heal","floor":22.0,"gold_loss":0.0,"damage_taken":0.0},{"damage_healed":0.0,"max_hp_gain":0.0,"max_hp_loss":0.0,"gold_gain":50.0,"event_name":"Nest","player_choice":"Stole From Cult","floor":24.0,"gold_loss":0.0,"damage_taken":0.0},{"damage_healed":0.0,"max_hp_gain":0.0,"max_hp_loss":0.0,"gold_gain":0.0,"event_name":"Vampires","player_choice":"Ignored","floor":30.0,"gold_loss":0.0,"damage_taken":0.0},{"damage_healed":0.0,"max_hp_gain":0.0,"max_hp_loss":0.0,"gold_gain":0.0,"event_name":"Ghosts","player_choice":"Ignored","floor":31.0,"gold_loss":0.0,"damage_taken":0.0}],"is_beta":false,"boss_relics":[{"not_picked":["Tiny House","Velvet Choker"],"picked":"Orrery"}],"items_purged_floors":[4,19,21],"is_endless":false,"potions_floor_spawned":[2,12,16,18],"killed_by":"Champ","ascension_level":20}