{"gold_per_floor":[116,116,116,130,205,205,230,230,230,230],"floor_reached":10,"playtime":183,"items_purged":[],"score":108,"play_id":"678aeb90-9a2d-4e60-b3dd-279177bbfce9","local_time":"20181103172908","is_ascension_mode":true,"campfire_choices":[{"floor":6,"key":"REST"}],"neow_cost":"NONE","seed_source_timestamp":27756914903350,"circlet_count":0,"master_deck":["AscendersBane","Strike_B","Strike_B","Strike_B","Strike_B+1","Defend_B","Defend_B","Defend_B","Defend_B","Zap","Dualcast+1","Purity","Go for the Eyes","Electrodynamics"],"relics":["Cracked Core","Du-Vu Doll","Odd Mushroom","Regal Pillow","Gambling Chip"],"potions_floor_usage":[10],"damage_taken":[{"damage":0,"enemies":"2 Louse","floor":1,"turns":3},{"damage":3,"enemies":"Small Slimes","floor":4,"turns":3},{"damage":20,"enemies":"The Mushroom Lair","floor":7,"turns":4},{"damage":10,"enemies":"Lagavulin","floor":10,"turns":3}],"seed_played":"-7797068333296463584","potions_obtained":[{"floor":1,"key":"LiquidBronze"}],"is_trial":false,"path_per_floor":["M","?","?","M","?","R","?","T","T","E"],"character_chosen":"DEFECT","items_purchased":[],"campfire_rested":1,"item_purchase_floors":[],"current_hp_per_floor":[64,46,25,22,11,32,12,12,12,2],"gold":230,"neow_bonus":"RANDOM_COLORLESS","is_prod":false,"is_daily":false,"chose_seed":false,"campfire_upgraded":0,"win_rate":0,"timestamp":1541280548,"path_taken":["M","?","?","M","?","R","?","?","T","E"],"build_version":"2018-11-02","purchased_purges":0,"victory":false,"max_hp_per_floor":[71,71,71,71,71,71,71,71,71,71],"card_choices":[{"not_picked":["Cold Snap","Stack"],"picked":"Go for the Eyes","floor":1},{"not_picked":["Streamline","Coolheaded"],"picked":"Electrodynamics","floor":4}],"player_experience":820507,"relics_obtained":[{"floor":7,"key":"Odd Mushroom"},{"floor":8,"key":"Regal Pillow"},{"floor":9,"key":"Gambling Chip"}],"event_choices":[{"damage_healed":0,"gold_gain":0,"player_choice":"Success","damage_taken":18,"relics_obtained":["Du-Vu Doll"],"max_hp_gain":0,"max_hp_loss":0,"event_name":"Scrap Ooze","floor":2,"gold_loss":0},{"damage_healed":0,"gold_gain":0,"player_choice":"Entered Light","damage_taken":21,"max_hp_gain":0,"max_hp_loss":0,"event_name":"Shining Light","floor":3,"gold_loss":0,"cards_upgraded":["Dualcast","Strike_B"]},{"damage_healed":0,"gold_gain":75,"player_choice":"Gather Gold","damage_taken":11,"max_hp_gain":0,"max_hp_loss":0,"event_name":"World of Goop","floor":5,"gold_loss":0},{"damage_healed":0,"gold_gain":0,"player_choice":"Fought Mushrooms","damage_taken":0,"max_hp_gain":0,"max_hp_loss":0,"event_name":"Mushrooms","floor":7,"gold_loss":0}],"is_beta":true,"boss_relics":[],"items_purged_floors":[],"is_endless":false,"potions_floor_spawned":[1],"killed_by":"Lagavulin","ascension_level":20}