{"gold_per_floor":[20,36,111,286,386,412,412,425,425,435,435,109,109,125,125,225,225,245,261,273,288,308,308,334,345,372,397,397,410,410,424,424,525,525,539,539,551,566,530,530,561,561,636,651,671,671,703,757,757,757,757,757,5,39,39],"floor_reached":56,"playtime":3649,"items_purged":["Doubt"],"score":1251,"play_id":"394e182e-fab0-49df-8800-c41b065500e4","local_time":"20190326002513","is_ascension_mode":false,"campfire_choices":[{"data":"Zap","floor":7.0,"key":"SMITH"},{"data":"Ball Lightning","floor":11.0,"key":"SMITH"},{"data":"Coolheaded","floor":13.0,"key":"SMITH"},{"data":"Go for the Eyes","floor":15.0,"key":"SMITH"},{"data":"Dualcast","floor":23.0,"key":"SMITH"},{"floor":30.0,"key":"REST"},{"floor":32.0,"key":"RECALL"},{"data":"Amplify","floor":40.0,"key":"SMITH"},{"data":"Tempest","floor":42.0,"key":"SMITH"},{"data":"Coolheaded","floor":46.0,"key":"SMITH"},{"data":"Skim","floor":49.0,"key":"SMITH"},{"data":"Go for the Eyes","floor":52.0,"key":"SMITH"}],"neow_cost":"NO_GOLD","seed_source_timestamp":0,"circlet_count":0,"master_deck":["Zap+1","Dualcast+1","Go for the Eyes+1","Ball Lightning+1","FTL","Cold Snap","Defragment+1","Coolheaded+1","Steam","Biased Cognition+1","Go for the Eyes+1","Amplify+1","Coolheaded","Tempest+1","Sunder","Skim+1","Loop+1","Defragment+1","Fusion+1","Compile Driver+1","Chaos+1","White Noise+1","Biased Cognition+1","Machine Learning+1","Steam Power+1","Redo+1","Storm+1","Coolheaded+1","Loop+1","Defragment+1","Panacea","Undo+1"],"special_seed":0,"relics":["Cracked Core","Emotion Chip","Frozen Egg 2","Centennial Puzzle","Pandora\u0027s Box","Gremlin Horn","Anchor","DataDisk","Vajra","Nuclear Battery","Mango","Thread and Needle","Pocketwatch","Pantograph","Medical Kit","Lantern","Kunai"],"potions_floor_usage":[55,55,55],"damage_taken":[{"damage":5.0,"enemies":"Jaw Worm","floor":1.0,"turns":4.0},{"damage":2.0,"enemies":"Small Slimes","floor":2.0,"turns":3.0},{"damage":34.0,"enemies":"Lagavulin","floor":6.0,"turns":12.0},{"damage":0.0,"enemies":"Cultist","floor":8.0,"turns":3.0},{"damage":2.0,"enemies":"Looter","floor":10.0,"turns":2.0},{"damage":8.0,"enemies":"Red Slaver","floor":14.0,"turns":2.0},{"damage":6.0,"enemies":"The Guardian","floor":16.0,"turns":9.0},{"damage":0.0,"enemies":"Chosen","floor":18.0,"turns":2.0},{"damage":4.0,"enemies":"Shell Parasite","floor":19.0,"turns":3.0},{"damage":0.0,"enemies":"Centurion and Healer","floor":20.0,"turns":4.0},{"damage":6.0,"enemies":"Chosen and Byrds","floor":21.0,"turns":3.0},{"damage":1.0,"enemies":"Snecko","floor":22.0,"turns":4.0},{"damage":14.0,"enemies":"Book of Stabbing","floor":24.0,"turns":5.0},{"damage":9.0,"enemies":"Centurion and Healer","floor":25.0,"turns":5.0},{"damage":6.0,"enemies":"Gremlin Leader","floor":27.0,"turns":4.0},{"damage":11.0,"enemies":"Snake Plant","floor":29.0,"turns":2.0},{"damage":0.0,"enemies":"Chosen and Byrds","floor":31.0,"turns":3.0},{"damage":13.0,"enemies":"Champ","floor":33.0,"turns":6.0},{"damage":0.0,"enemies":"Orb Walker","floor":35.0,"turns":2.0},{"damage":0.0,"enemies":"3 Shapes","floor":37.0,"turns":3.0},{"damage":9.0,"enemies":"Spire Growth","floor":38.0,"turns":3.0},{"damage":0.0,"enemies":"Nemesis","floor":41.0,"turns":3.0},{"damage":0.0,"enemies":"Jaw Worm Horde","floor":44.0,"turns":2.0},{"damage":5.0,"enemies":"Writhing Mass","floor":45.0,"turns":2.0},{"damage":0.0,"enemies":"Reptomancer","floor":47.0,"turns":3.0},{"damage":3.0,"enemies":"2 Orb Walkers","floor":48.0,"turns":3.0},{"damage":12.0,"enemies":"Donu and Deca","floor":50.0,"turns":6.0},{"damage":26.0,"enemies":"Shield and Spear","floor":54.0,"turns":3.0},{"damage":70,"enemies":"The Heart","floor":55,"turns":5}],"seed_played":"3074106488767376562","potions_obtained":[{"floor":10.0,"key":"Regen Potion"},{"floor":14.0,"key":"Weak Potion"},{"floor":19.0,"key":"Regen Potion"},{"floor":21.0,"key":"PowerPotion"},{"floor":31.0,"key":"Poison Potion"},{"floor":37.0,"key":"PowerPotion"}],"is_trial":false,"path_per_floor":["M","M","?","?","?","E","R","M","T","M","R","$","R","M","R","B",null,"M","M","M","M","M","R","E","M","T","E","?","M","R","M","R","B",null,"M","?","M","M","$","R","E","R","T","M","M","R","E","?","R","B",null,"R","$","E","B",null],"character_chosen":"DEFECT","items_purchased":["Defragment+1","Coolheaded","Centennial Puzzle","Storm+1","Defragment+1","Pantograph","Medical Kit","Lantern","Panacea"],"campfire_rested":1,"item_purchase_floors":[12,12,12,39,53,53,53,53,53],"current_hp_per_floor":[70,68,57,57,57,23,23,23,23,21,21,21,21,13,13,22,75,75,71,71,65,64,64,50,41,41,35,35,29,51,51,51,38,75,75,75,75,66,66,66,80,80,80,80,75,75,75,72,72,60,89,89,89,63,18],"gold":39,"neow_bonus":"REMOVE_TWO","is_prod":false,"is_daily":false,"chose_seed":false,"campfire_upgraded":10,"win_rate":0,"timestamp":1553540113,"path_taken":["M","M","?","?","?","E","R","M","T","M","R","$","R","M","R","BOSS","M","M","M","M","?","R","E","M","T","E","?","M","R","M","R","BOSS","M","?","?","M","$","R","E","R","T","?","M","R","E","?","R","BOSS","R","$","E","BOSS"],"build_version":"2019-01-23","purchased_purges":1,"victory":true,"max_hp_per_floor":[75,75,75,75,75,75,75,75,75,75,75,75,75,75,75,75,75,75,75,75,75,75,75,75,75,75,75,75,75,75,75,75,75,75,75,75,75,75,75,75,89,89,89,89,89,89,89,89,89,89,89,89,89,89,89],"card_choices":[{"not_picked":["Cold Snap","Beam Cell"],"picked":"Go for the Eyes","floor":1.0},{"not_picked":["Streamline","Go for the Eyes","Barrage"],"picked":"SKIP","floor":2.0},{"not_picked":["Beam Cell","Streamline"],"picked":"Ball Lightning","floor":6.0},{"not_picked":["Compile Driver","Coolheaded"],"picked":"FTL","floor":8.0},{"not_picked":["Barrage","Reinforced Body"],"picked":"Cold Snap","floor":10.0},{"not_picked":["Gash","Turbo"],"picked":"Steam","floor":14.0},{"not_picked":["Reboot","Core Surge"],"picked":"Biased Cognition+1","floor":16.0},{"not_picked":["Stack","Rebound"],"picked":"Loop+1","floor":18.0},{"not_picked":["Beam Cell","Conserve Battery"],"picked":"Defragment+1","floor":19.0},{"not_picked":["Skim","Beam Cell","Go for the Eyes"],"picked":"SKIP","floor":20.0},{"not_picked":["Lockon","Sweeping Beam+1"],"picked":"Fusion+1","floor":21.0},{"not_picked":["Barrage+1","Gash","Coolheaded"],"picked":"SKIP","floor":22.0},{"not_picked":["Leap","FTL+1"],"picked":"Compile Driver+1","floor":24.0},{"not_picked":["Streamline+1","Leap+1"],"picked":"Chaos+1","floor":25.0},{"not_picked":["Turbo","Ball Lightning"],"picked":"White Noise+1","floor":27.0},{"not_picked":["Rebound","Auto Shields"],"picked":"Biased Cognition+1","floor":29.0},{"not_picked":["Go for the Eyes","Hologram","Skim+1"],"picked":"SKIP","floor":31.0},{"not_picked":["Hyperbeam","Multi-Cast"],"picked":"Machine Learning+1","floor":33.0},{"not_picked":["Hello World+1","Turbo"],"picked":"Steam Power+1","floor":35.0},{"not_picked":["Beam Cell+1","Sweeping Beam+1","Leap"],"picked":"SKIP","floor":37.0},{"not_picked":["Turbo","Cold Snap+1"],"picked":"Redo+1","floor":38.0},{"not_picked":["Steam","All For One","Beam Cell"],"picked":"SKIP","floor":41.0},{"not_picked":["Go for the Eyes","Recycle"],"picked":"Coolheaded","floor":44.0},{"not_picked":["Coolheaded","Sweeping Beam","Hologram"],"picked":"SKIP","floor":45.0},{"not_picked":["Rebound","Stack","Conserve Battery"],"picked":"SKIP","floor":47.0},{"not_picked":["Gash","Leap"],"picked":"Loop+1","floor":48.0},{"not_picked":["Blizzard+1","Melter+1"],"picked":"Undo+1","floor":54.0}],"player_experience":127919,"relics_obtained":[{"floor":6.0,"key":"Emotion Chip"},{"floor":9.0,"key":"Frozen Egg 2"},{"floor":24.0,"key":"Gremlin Horn"},{"floor":26.0,"key":"Anchor"},{"floor":27.0,"key":"DataDisk"},{"floor":41.0,"key":"Mango"},{"floor":47.0,"key":"Thread and Needle"},{"floor":48.0,"key":"Pocketwatch"},{"floor":54.0,"key":"Kunai"}],"event_choices":[{"damage_healed":0.0,"max_hp_gain":0.0,"max_hp_loss":0.0,"gold_gain":75.0,"event_name":"World of Goop","player_choice":"Gather Gold","floor":3.0,"gold_loss":0.0,"damage_taken":11.0},{"damage_healed":0.0,"max_hp_gain":0.0,"max_hp_loss":0.0,"gold_gain":175.0,"event_name":"Liars Game","player_choice":"AGREE","floor":4.0,"gold_loss":0.0,"damage_taken":0.0,"cards_obtained":["Doubt"]},{"damage_healed":0.0,"max_hp_gain":0.0,"max_hp_loss":0.0,"gold_gain":100.0,"event_name":"Wheel of Change","player_choice":"Gold","floor":5.0,"gold_loss":0.0,"damage_taken":0.0},{"damage_healed":0.0,"max_hp_gain":0.0,"max_hp_loss":0.0,"gold_gain":0.0,"event_name":"The Mausoleum","player_choice":"Opened","floor":28.0,"gold_loss":0.0,"damage_taken":0.0,"relics_obtained":["Vajra"],"cards_obtained":["Writhe"]},{"cards_removed":["Writhe"],"damage_healed":0.0,"max_hp_gain":0.0,"max_hp_loss":0.0,"gold_gain":0.0,"event_name":"Wheel of Change","player_choice":"Card Removal","floor":36.0,"gold_loss":0.0,"damage_taken":0.0},{"damage_healed":0.0,"max_hp_gain":0.0,"max_hp_loss":0.0,"gold_gain":0.0,"event_name":"Mysterious Sphere","player_choice":"Fight","floor":48.0,"gold_loss":0.0,"damage_taken":0.0}],"is_beta":false,"boss_relics":[{"not_picked":["Velvet Choker","Empty Cage"],"picked":"Pandora\u0027s Box"},{"not_picked":["Eternal Feather","Cursed Key"],"picked":"Nuclear Battery"}],"items_purged_floors":[12],"is_endless":false,"potions_floor_spawned":[10,14,19,21,24,31,33,37,38,47],"ascension_level":0}