{"gold_per_floor":[113,113,128,71,85,85,85,95,95,95,45,55,83,83,83,160,160,135,135,0,16,16,16,16],"floor_reached":24,"playtime":969,"items_purged":["Pain","Strike_B"],"score":377,"play_id":"862b8f76-a671-4a74-9379-61fb1e6e969b","local_time":"20190314124258","is_ascension_mode":true,"campfire_choices":[{"data":"Zap","floor":7,"key":"SMITH"},{"floor":10,"key":"REST"},{"floor":15,"key":"REST"},{"floor":23,"key":"REST"}],"neow_cost":"NONE","seed_source_timestamp":32998557066277,"circlet_count":0,"master_deck":["AscendersBane","Strike_B","Strike_B","Strike_B","Defend_B","Defend_B+1","Defend_B","Defend_B","Zap+1","Dualcast","Streamline","Ball Lightning","Go for the Eyes","Ball Lightning","Rainbow+1","Multi-Cast","Capacitor","Storm","Capacitor","Compile Driver"],"relics":["Cracked Core","NeowsBlessing","WarpedTongs","Smiling Mask","Potion Belt","Anchor","Snecko Eye"],"potions_floor_usage":[6,24],"damage_taken":[{"damage":0,"enemies":"Cultist","floor":1,"turns":1},{"damage":1,"enemies":"Small Slimes","floor":3,"turns":1},{"damage":0,"enemies":"Jaw Worm","floor":5,"turns":1},{"damage":0,"enemies":"3 Sentries","floor":6,"turns":1},{"damage":19,"enemies":"Lots of Slimes","floor":8,"turns":3},{"damage":0,"enemies":"Large Slime","floor":12,"turns":4},{"damage":14,"enemies":"Lagavulin","floor":13,"turns":4},{"damage":52,"enemies":"Hexaghost","floor":16,"turns":9},{"damage":18,"enemies":"2 Thieves","floor":18,"turns":4},{"damage":9,"enemies":"3 Byrds","floor":21,"turns":4},{"damage":56,"enemies":"Cultist and Chosen","floor":24,"turns":3}],"seed_played":"-3599181162754491289","potions_obtained":[{"floor":1,"key":"SmokeBomb"},{"floor":5,"key":"FairyPotion"},{"floor":21,"key":"Energy Potion"}],"is_trial":false,"path_per_floor":["M","?","M","?","M","E","R","M","T","R","$","M","E","?","R","B",null,"M","?","$","M","$","R","M"],"character_chosen":"DEFECT","items_purchased":["Capacitor"],"campfire_rested":3,"item_purchase_floors":[20],"current_hp_per_floor":[64,64,63,63,63,63,63,44,44,65,65,65,51,30,51,7,55,37,37,37,28,28,49,0],"gold":16,"neow_bonus":"THREE_ENEMY_KILL","is_prod":false,"is_daily":false,"chose_seed":false,"campfire_upgraded":1,"win_rate":0,"timestamp":1552581778,"path_taken":["M","?","?","?","?","E","R","M","T","R","$","M","E","?","R","BOSS","M","?","$","M","$","R","?"],"build_version":"2019-02-06","purchased_purges":2,"victory":false,"max_hp_per_floor":[71,71,71,71,71,71,71,71,71,71,71,71,71,71,71,71,71,71,71,71,71,71,71,71],"card_choices":[{"not_picked":["Rip and Tear","Self Repair"],"picked":"Gash","floor":1},{"not_picked":["Stack","Rebound"],"picked":"Streamline","floor":3},{"not_picked":["FTL","Rip and Tear"],"picked":"Ball Lightning","floor":5},{"not_picked":["Fusion","Rebound"],"picked":"Go for the Eyes","floor":8},{"not_picked":["Barrage","Turbo"],"picked":"Ball Lightning","floor":12},{"not_picked":["Melter","Genetic Algorithm"],"picked":"Rainbow","floor":13},{"not_picked":["Meteor Strike","Hyperbeam"],"picked":"Multi-Cast","floor":16},{"not_picked":["Sweeping Beam","Reinforced Body"],"picked":"Capacitor","floor":18},{"not_picked":["Rebound","Sweeping Beam"],"picked":"Compile Driver","floor":21}],"player_experience":503754,"relics_obtained":[{"floor":9,"key":"Potion Belt"},{"floor":13,"key":"Anchor"}],"event_choices":[{"damage_healed":0,"gold_gain":0,"player_choice":"Rummage","damage_taken":0,"relics_obtained":["WarpedTongs"],"max_hp_gain":0,"max_hp_loss":0,"event_name":"Accursed Blacksmith","floor":2,"gold_loss":0,"cards_obtained":["Pain"]},{"damage_healed":0,"gold_gain":0,"player_choice":"Paid Gold","damage_taken":0,"relics_obtained":["Smiling Mask"],"max_hp_gain":0,"max_hp_loss":0,"event_name":"WeMeetAgain","floor":4,"gold_loss":57},{"damage_healed":0,"gold_gain":0,"player_choice":"Entered Light","damage_taken":21,"max_hp_gain":0,"max_hp_loss":0,"event_name":"Shining Light","floor":14,"gold_loss":0,"cards_upgraded":["Defend_B","Rainbow"]},{"damage_healed":0,"gold_gain":0,"cards_transformed":["Gash"],"player_choice":"Transformed","damage_taken":0,"max_hp_gain":0,"max_hp_loss":0,"event_name":"Transmorgrifier","floor":19,"gold_loss":0,"cards_obtained":["Storm"]}],"is_beta":true,"boss_relics":[{"not_picked":["Sozu","Tiny House"],"picked":"Snecko Eye"}],"items_purged_floors":[11,20],"is_endless":false,"potions_floor_spawned":[1,5,6,21],"killed_by":"Cultist and Chosen","ascension_level":17}