{"gold_per_floor":[112,82,82,100,100,126,143,143,167,195,195,42,42,57,57,57],"floor_reached":16,"playtime":306,"items_purged":["Regret"],"score":266,"play_id":"6912ab69-3632-4364-8721-364d875e2f2a","local_time":"20190306211903","is_ascension_mode":true,"campfire_choices":[{"data":"Bouncing Flask","floor":8,"key":"SMITH"},{"data":"Malaise","floor":11,"key":"SMITH"},{"data":"Caltrops","floor":13,"key":"SMITH"},{"data":"Noxious Fumes","floor":15,"key":"SMITH"}],"neow_cost":"NONE","seed_source_timestamp":1038003261300974,"circlet_count":0,"master_deck":["AscendersBane","Defend_G","Defend_G","Defend_G","Defend_G","Defend_G","Strike_G","Strike_G","Strike_G","Strike_G","Strike_G","Survivor","Neutralize","Noxious Fumes+1","Dash","Bouncing Flask+1","Malaise+1","Caltrops+1","Backflip"],"relics":["Ring of the Snake","NeowsBlessing","Bag of Marbles","Juzu Bracelet","Centennial Puzzle","Orichalcum"],"potions_floor_usage":[10,16],"damage_taken":[{"damage":0,"enemies":"Small Slimes","floor":1,"turns":1},{"damage":0,"enemies":"Cultist","floor":4,"turns":1},{"damage":0,"enemies":"Gremlin Nob","floor":6,"turns":1},{"damage":3,"enemies":"2 Louse","floor":7,"turns":3},{"damage":13,"enemies":"Lagavulin","floor":10,"turns":5},{"damage":9,"enemies":"Blue Slaver","floor":14,"turns":3},{"damage":27,"enemies":"Slime Boss","floor":16,"turns":7}],"seed_played":"9207885688401659414","potions_obtained":[{"floor":2,"key":"FairyPotion"},{"floor":2,"key":"Energy Potion"},{"floor":4,"key":"Dexterity Potion"}],"is_trial":false,"path_per_floor":["M","?","$","M","?","E","M","R","T","E","R","$","R","M","R","B"],"character_chosen":"THE_SILENT","items_purchased":["Caltrops"],"campfire_rested":0,"item_purchase_floors":[12],"current_hp_per_floor":[59,59,59,59,59,59,56,56,56,43,43,43,43,34,34,7],"gold":57,"neow_bonus":"THREE_ENEMY_KILL","is_prod":false,"is_daily":false,"chose_seed":false,"campfire_upgraded":4,"win_rate":0,"timestamp":1551925143,"path_taken":["M","?","?","?","?","E","M","R","T","E","R","$","R","M","R","BOSS"],"build_version":"2019-02-06","purchased_purges":1,"victory":false,"max_hp_per_floor":[66,66,66,66,66,66,66,66,66,66,66,66,66,66,66,66],"card_choices":[{"not_picked":["Sucker Punch","Eviscerate"],"picked":"Noxious Fumes","floor":1},{"not_picked":["Blade Dance","Outmaneuver","All Out Attack"],"picked":"SKIP","floor":4},{"not_picked":["Quick Slash","Bane"],"picked":"Dash","floor":6},{"not_picked":["Deflect","Sucker Punch"],"picked":"Bouncing Flask","floor":7},{"not_picked":["Prepared","Infinite Blades"],"picked":"Malaise","floor":10},{"not_picked":["Flying Knee","Choke"],"picked":"Backflip","floor":14}],"player_experience":1056489,"relics_obtained":[{"floor":6,"key":"Juzu Bracelet"},{"floor":9,"key":"Centennial Puzzle"},{"floor":10,"key":"Orichalcum"}],"event_choices":[{"damage_healed":0,"gold_gain":0,"player_choice":"Bought 2 Potions","damage_taken":0,"max_hp_gain":0,"max_hp_loss":0,"event_name":"The Woman in Blue","floor":2,"gold_loss":0},{"damage_healed":0,"gold_gain":0,"player_choice":"Box","damage_taken":0,"relics_obtained":["Bag of Marbles"],"max_hp_gain":0,"max_hp_loss":0,"event_name":"Big Fish","floor":5,"gold_loss":0,"cards_obtained":["Regret"]}],"is_beta":true,"boss_relics":[],"items_purged_floors":[12],"is_endless":false,"potions_floor_spawned":[4,6,7],"killed_by":"Slime Boss","ascension_level":20}