{"gold_per_floor":[117,117,117,132,132,158,433,496,547,547,559,447,474,494,494,571,571,581,159,170,128,148,180,198,198],"floor_reached":25,"playtime":939,"items_purged":["Regret"],"score":532,"play_id":"e05a3603-235a-4bf9-a3e5-02ba941cd0e8","local_time":"20190220102922","is_ascension_mode":true,"campfire_choices":[{"data":"Flame Barrier","floor":10,"key":"SMITH"},{"data":"Demon Form","floor":15,"key":"SMITH"}],"neow_cost":"NONE","seed_source_timestamp":578514407770590,"circlet_count":0,"master_deck":["AscendersBane","Strike_R","Strike_R","Strike_R","Strike_R","Strike_R","Defend_R","Defend_R","Defend_R","Defend_R","Bash","Perfected Strike","Inflame","Headbutt","Flame Barrier+1","Demon Form+1","Feel No Pain","Sword Boomerang","Reaper","Apotheosis","Shrug It Off","Whirlwind","Sentinel","Sentinel+1","True Grit"],"relics":["Burning Blood","NeowsBlessing","Boot","Anchor","Tiny Chest","Lantern","Omamori","Fusion Hammer","Bag of Preparation","Bronze Scales"],"potions_floor_usage":[8,16,24,24,25],"damage_taken":[{"damage":0,"enemies":"Cultist","floor":1,"turns":1},{"damage":0,"enemies":"2 Louse","floor":4,"turns":1},{"damage":0,"enemies":"Lagavulin","floor":6,"turns":2},{"damage":33,"enemies":"3 Sentries","floor":8,"turns":6},{"damage":2,"enemies":"Small Slimes","floor":11,"turns":2},{"damage":20,"enemies":"Lagavulin","floor":13,"turns":6},{"damage":2,"enemies":"Looter","floor":14,"turns":4},{"damage":32,"enemies":"The Guardian","floor":16,"turns":8},{"damage":13,"enemies":"3 Byrds","floor":18,"turns":5},{"damage":0,"enemies":"Chosen","floor":20,"turns":5},{"damage":30,"enemies":"Shelled Parasite and Fungi","floor":22,"turns":6},{"damage":48,"enemies":"Book of Stabbing","floor":23,"turns":6},{"damage":22,"enemies":"Sentry and Sphere","floor":24,"turns":8},{"damage":33,"enemies":"Gremlin Leader","floor":25,"turns":5}],"seed_played":"-4335583595032667373","potions_obtained":[{"floor":4,"key":"Strength Potion"},{"floor":8,"key":"FearPotion"},{"floor":11,"key":"Explosive Potion"},{"floor":22,"key":"SpeedPotion"},{"floor":24,"key":"Explosive Potion"}],"is_trial":false,"path_per_floor":["M","?","?","M","?","E","?","E","T","R","M","$","E","M","R","B",null,"M","$","M","$","M","E","M","E"],"character_chosen":"IRONCLAD","items_purchased":["Feel No Pain","Bag of Preparation","Apotheosis","Shrug It Off","Whirlwind"],"campfire_rested":0,"item_purchase_floors":[12,19,19,19,21],"current_hp_per_floor":[74,74,56,62,62,68,68,41,41,41,45,45,31,35,35,9,59,67,67,75,75,51,41,25,0],"gold":198,"neow_bonus":"THREE_ENEMY_KILL","is_prod":false,"is_daily":false,"chose_seed":false,"campfire_upgraded":2,"win_rate":0,"timestamp":1550676562,"path_taken":["M","?","?","M","?","E","?","E","T","R","M","$","E","M","R","BOSS","M","$","M","?","M","E","M","E"],"build_version":"2019-02-06","purchased_purges":1,"victory":false,"max_hp_per_floor":[75,75,75,75,75,75,75,75,75,75,75,75,75,75,75,75,75,75,75,75,75,75,75,75,75],"card_choices":[{"not_picked":["True Grit","Body Slam"],"picked":"Perfected Strike","floor":1},{"not_picked":["Pommel Strike","Anger"],"picked":"Inflame","floor":4},{"not_picked":["Body Slam","Wild Strike"],"picked":"Headbutt","floor":6},{"not_picked":["Ghostly Armor","Havoc"],"picked":"Flame Barrier","floor":8},{"not_picked":["Intimidate","Havoc"],"picked":"Demon Form","floor":11},{"not_picked":["Clash","Second Wind","Clothesline"],"picked":"SKIP","floor":13},{"not_picked":["Clash","Pommel Strike"],"picked":"Sword Boomerang","floor":14},{"not_picked":["Juggernaut","Immolate"],"picked":"Reaper","floor":16},{"not_picked":["Rage","Fire Breathing","Sword Boomerang"],"picked":"SKIP","floor":18},{"not_picked":["Twin Strike","Cleave","Flex"],"picked":"SKIP","floor":20},{"not_picked":["Twin Strike","Cleave","Flex"],"picked":"SKIP","floor":20},{"not_picked":["Thunderclap","Headbutt+1"],"picked":"Sentinel","floor":22},{"not_picked":["Infernal Blade","Twin Strike"],"picked":"Sentinel+1","floor":23},{"not_picked":["Carnage+1","Flex"],"picked":"True Grit","floor":24}],"player_experience":951070,"relics_obtained":[{"floor":6,"key":"Anchor"},{"floor":8,"key":"Tiny Chest"},{"floor":9,"key":"Lantern"},{"floor":13,"key":"Omamori"},{"floor":23,"key":"Bronze Scales"}],"event_choices":[{"damage_healed":0,"gold_gain":0,"player_choice":"Leave","damage_taken":0,"max_hp_gain":0,"max_hp_loss":0,"event_name":"The Cleric","floor":2,"gold_loss":0},{"damage_healed":0,"gold_gain":0,"player_choice":"Success","damage_taken":18,"relics_obtained":["Boot"],"max_hp_gain":0,"max_hp_loss":0,"event_name":"Scrap Ooze","floor":3,"gold_loss":0},{"damage_healed":0,"gold_gain":0,"player_choice":"Ignored","damage_taken":0,"max_hp_gain":0,"max_hp_loss":0,"event_name":"Golden Wing","floor":5,"gold_loss":0},{"damage_healed":0,"gold_gain":275,"player_choice":"Desecrate","damage_taken":0,"max_hp_gain":0,"max_hp_loss":0,"event_name":"Golden Shrine","floor":7,"gold_loss":0,"cards_obtained":["Regret"]}],"is_beta":true,"boss_relics":[{"not_picked":["Philosopher\u0027s Stone","Mark of Pain"],"picked":"Fusion Hammer"}],"items_purged_floors":[12],"is_endless":false,"potions_floor_spawned":[4,8,11,13,22,23,24],"killed_by":"Gremlin Leader","ascension_level":20}