{"gold_per_floor":[119,269,194,194,194,194,214,214,244,68,68,88,88,119,119,193,193,113],"floor_reached":18,"playtime":781,"items_purged":[],"score":312,"play_id":"08355997-7810-47c5-a339-b59f3356d94c","local_time":"20190325003226","is_ascension_mode":true,"campfire_choices":[{"data":"Neutralize","floor":6,"key":"SMITH"},{"data":"Leg Sweep","floor":8,"key":"SMITH"},{"data":"Footwork","floor":15,"key":"SMITH"}],"neow_cost":"NONE","seed_source_timestamp":1022609702596603,"circlet_count":0,"master_deck":["AscendersBane","Defend_G","Defend_G","Defend_G","Defend_G","Defend_G","Strike_G","Strike_G","Strike_G","Strike_G","Strike_G","Survivor","Neutralize+1","Blur","Leg Sweep+1","Footwork+1","Noxious Fumes","Noxious Fumes","Dodge and Roll","PiercingWail+1","Adrenaline+1","Deadly Poison+1","Dodge and Roll+1","Footwork","Dodge and Roll+1"],"relics":["Ring of the Snake","The Courier","Tiny Chest","Singing Bowl","Toxic Egg 2","Gremlin Horn","Orrery"],"potions_floor_usage":[16],"damage_taken":[{"damage":22,"enemies":"Jaw Worm","floor":1,"turns":9},{"damage":5,"enemies":"Small Slimes","floor":7,"turns":5},{"damage":2,"enemies":"2 Louse","floor":12,"turns":4},{"damage":20,"enemies":"3 Sentries","floor":14,"turns":7},{"damage":11,"enemies":"Slime Boss","floor":16,"turns":13},{"damage":3,"enemies":"2 Thieves","floor":18,"turns":3}],"seed_played":"8248617947899331748","potions_obtained":[{"floor":7,"key":"PowerPotion"},{"floor":12,"key":"Weak Potion"}],"is_trial":false,"path_per_floor":["M","?","?","?","?","R","M","R","T","$","T","M","T","E","R","B",null,"M"],"character_chosen":"THE_SILENT","items_purchased":["Footwork","Noxious Fumes","Noxious Fumes"],"campfire_rested":0,"item_purchase_floors":[10,10,10],"current_hp_per_floor":[43,43,43,38,43,43,38,38,38,38,38,36,36,16,16,5,61,58],"gold":113,"neow_bonus":"TEN_PERCENT_HP_BONUS","is_prod":false,"is_daily":false,"chose_seed":false,"campfire_upgraded":3,"win_rate":0,"timestamp":1553488346,"path_taken":["M","?","?","?","?","R","?","R","T","$","?","?","?","E","R","BOSS","M"],"build_version":"2019-03-15","purchased_purges":0,"victory":false,"max_hp_per_floor":[72,72,72,72,77,77,77,77,77,77,77,77,77,77,77,77,79,79],"card_choices":[{"not_picked":["Quick Slash","Underhanded Strike"],"picked":"Blur","floor":1},{"not_picked":["Choke","Flying Knee"],"picked":"Leg Sweep","floor":7},{"not_picked":["Dagger Spray","Noxious Fumes"],"picked":"Dodge and Roll","floor":12},{"not_picked":["Dash","Dodge and Roll+1"],"picked":"PiercingWail+1","floor":14},{"not_picked":["Die Die Die","Night Terror+1"],"picked":"Adrenaline+1","floor":16},{"not_picked":["Eviscerate","Masterful Stab"],"picked":"Deadly Poison+1","floor":17},{"not_picked":["Skewer","Flying Knee"],"picked":"Dodge and Roll+1","floor":17},{"not_picked":["Tactician+1","All Out Attack"],"picked":"Footwork","floor":17},{"not_picked":["Acrobatics+1","Prepared+1"],"picked":"Dodge and Roll+1","floor":17},{"not_picked":["Bane","Dagger Spray","Predator"],"picked":"Singing Bowl","floor":17}],"player_experience":1252470,"relics_obtained":[{"floor":9,"key":"Tiny Chest"},{"floor":11,"key":"Singing Bowl"},{"floor":13,"key":"Toxic Egg 2"},{"floor":14,"key":"Gremlin Horn"}],"event_choices":[{"damage_healed":0,"gold_gain":150,"player_choice":"AGREE","damage_taken":0,"max_hp_gain":0,"max_hp_loss":0,"event_name":"Liars Game","floor":2,"gold_loss":0,"cards_obtained":["Doubt"]},{"cards_removed":["Doubt"],"damage_healed":0,"gold_gain":0,"player_choice":"Card Removal","damage_taken":0,"max_hp_gain":0,"max_hp_loss":0,"event_name":"The Cleric","floor":3,"gold_loss":75},{"damage_healed":0,"gold_gain":0,"player_choice":"Success","damage_taken":5,"relics_obtained":["The Courier"],"max_hp_gain":0,"max_hp_loss":0,"event_name":"Scrap Ooze","floor":4,"gold_loss":0},{"damage_healed":0,"gold_gain":0,"player_choice":"Donut","damage_taken":0,"max_hp_gain":5,"max_hp_loss":0,"event_name":"Big Fish","floor":5,"gold_loss":0}],"is_beta":true,"boss_relics":[{"not_picked":["Empty Cage","Tiny House"],"picked":"Orrery"}],"items_purged_floors":[],"is_endless":false,"potions_floor_spawned":[7,12],"killed_by":"2 Thieves","ascension_level":20}