{"gold_per_floor":[15,32,46,46,46,78,89,89],"floor_reached":8,"playtime":439,"items_purged":[],"score":75,"play_id":"337ef2e6-feb9-420c-8df0-92916ccbe302","local_time":"20190120175036","is_ascension_mode":true,"campfire_choices":[],"neow_cost":"NO_GOLD","seed_source_timestamp":5453016074408,"circlet_count":0,"master_deck":["Defend_G","Defend_G","Defend_G","Defend_G","Defend_G","Strike_G","Strike_G","Strike_G","Strike_G","Survivor","Neutralize","Backflip","PiercingWail","Envenom","Footwork","Slice"],"relics":["Ring of the Snake","StoneCalendar","Bottled Tornado"],"potions_floor_usage":[7],"damage_taken":[{"damage":2,"enemies":"Small Slimes","floor":1,"turns":4},{"damage":9,"enemies":"Jaw Worm","floor":2,"turns":6},{"damage":7,"enemies":"Cultist","floor":3,"turns":5},{"damage":51,"enemies":"3 Sentries","floor":6,"turns":7},{"damage":6,"enemies":"Exordium Wildlife","floor":7,"turns":7},{"damage":19,"enemies":"Lagavulin","floor":8,"turns":8}],"seed_played":"-805754747000472991","potions_obtained":[{"floor":3,"key":"Strength Potion"}],"is_trial":false,"path_per_floor":["M","M","M","?","?","E","M","E"],"character_chosen":"THE_SILENT","items_purchased":[],"campfire_rested":0,"item_purchase_floors":[],"current_hp_per_floor":[61,52,45,68,68,17,11,0],"gold":89,"neow_bonus":"ONE_RARE_RELIC","is_prod":false,"is_daily":false,"chose_seed":false,"campfire_upgraded":0,"win_rate":0,"timestamp":1548024636,"path_taken":["M","M","M","?","?","E","?","E"],"build_version":"2019-01-19","purchased_purges":0,"victory":false,"max_hp_per_floor":[70,70,70,70,70,70,70,70],"card_choices":[{"not_picked":["Dagger Spray","Well Laid Plans"],"picked":"Backflip","floor":1},{"not_picked":["Escape Plan","Setup"],"picked":"PiercingWail","floor":2},{"not_picked":["Deflect","Cloak And Dagger"],"picked":"Envenom","floor":3},{"not_picked":["Backflip","Dagger Throw"],"picked":"Footwork","floor":6},{"not_picked":["Acrobatics","Underhanded Strike"],"picked":"Slice","floor":7}],"player_experience":235099,"relics_obtained":[{"floor":6,"key":"Bottled Tornado"}],"event_choices":[{"damage_healed":23,"gold_gain":0,"player_choice":"Banana","damage_taken":0,"max_hp_gain":0,"max_hp_loss":0,"event_name":"Big Fish","floor":4,"gold_loss":0},{"cards_removed":["Strike_G"],"damage_healed":0,"gold_gain":0,"player_choice":"Offered Basic","damage_taken":0,"max_hp_gain":0,"max_hp_loss":0,"event_name":"Bonfire Elementals","floor":5,"gold_loss":0}],"is_beta":true,"boss_relics":[],"items_purged_floors":[],"is_endless":false,"potions_floor_spawned":[3],"killed_by":"Lagavulin","ascension_level":6}