{"gold_per_floor":[112,162,172,172,184,184,511,511,511,521,532,559,592,618,630,720,732,764,776,375,375,387,387,415,434,434,271,271,271,302,322,322,393,393,403,403,413,310,322,322,339,371,371,396,149,159,159,193,193,193,193,193,193,43,71,71],"floor_reached":56,"playtime":3813,"items_purged":["Thunderclap","Parasite"],"score":2020,"play_id":"e1ecc5da-45c1-4bf4-99a5-8de407c81e73","local_time":"20190310163828","is_ascension_mode":true,"campfire_choices":[{"data":"Perfected Strike","floor":6.0,"key":"SMITH"},{"data":"Anger","floor":8.0,"key":"SMITH"},{"data":"Armaments","floor":15.0,"key":"SMITH"},{"data":"Dual Wield","floor":23.0,"key":"SMITH"},{"floor":29.0,"key":"REST"},{"data":"Pommel Strike","floor":32.0,"key":"SMITH"},{"floor":40.0,"key":"RECALL"},{"data":"Demon Form","floor":49.0,"key":"SMITH"},{"data":"Impervious","floor":53.0,"key":"SMITH"}],"neow_cost":"NONE","seed_source_timestamp":302465439139878,"circlet_count":0,"master_deck":["AscendersBane","Strike_R+1","Strike_R+1","Strike_R+1","Strike_R+1","Strike_R+1","Defend_R+1","Defend_R+1","Defend_R+1","Defend_R+1","Bash+1","Cleave+1","Perfected Strike+1","Dual Wield+1","Pommel Strike+1","Metallicize","Impervious+1","Armaments+1","Reaper","Headbutt","Battle Trance+1","Disarm+1","Necronomicurse","Shrug It Off+1","True Grit+1","True Grit+1","Impervious+1","Blind+1","True Grit+1","Spot Weakness+1","Impervious+1","Headbutt","Secret Technique+1","Master of Strategy+1","Thinking Ahead+1","Demon Form+1","Shrug It Off+1"],"special_seed":0,"relics":["Burning Blood","Old Coin","Shuriken","Odd Mushroom","MawBank","Velvet Choker","Toxic Egg 2","Necronomicon","Vajra","Self Forming Clay","Thread and Needle","Snecko Eye","Meat on the Bone","Centennial Puzzle","PreservedInsect","Dodecahedron","Pear"],"potions_floor_usage":[55,56],"damage_taken":[{"damage":11.0,"enemies":"Small Slimes","floor":1.0,"turns":3.0},{"damage":2.0,"enemies":"Cultist","floor":3.0,"turns":4.0},{"damage":5.0,"enemies":"2 Louse","floor":5.0,"turns":2.0},{"damage":20.0,"enemies":"Lagavulin","floor":7.0,"turns":5.0},{"damage":13.0,"enemies":"Blue Slaver","floor":10.0,"turns":2.0},{"damage":13.0,"enemies":"Large Slime","floor":11.0,"turns":4.0},{"damage":12.0,"enemies":"The Mushroom Lair","floor":12.0,"turns":2.0},{"damage":8.0,"enemies":"Gremlin Nob","floor":13.0,"turns":3.0},{"damage":3.0,"enemies":"3 Louse","floor":14.0,"turns":6.0},{"damage":23.0,"enemies":"The Guardian","floor":16.0,"turns":13.0},{"damage":13.0,"enemies":"Spheric Guardian","floor":18.0,"turns":5.0},{"damage":18.0,"enemies":"3 Byrds","floor":22.0,"turns":6.0},{"damage":33.0,"enemies":"Slavers","floor":24.0,"turns":4.0},{"damage":16.0,"enemies":"Snake Plant","floor":25.0,"turns":4.0},{"damage":14.0,"enemies":"Book of Stabbing","floor":30.0,"turns":3.0},{"damage":0.0,"enemies":"Centurion and Healer","floor":31.0,"turns":7.0},{"damage":84.0,"enemies":"Champ","floor":33.0,"turns":14.0},{"damage":7.0,"enemies":"3 Darklings","floor":35.0,"turns":4.0},{"damage":0.0,"enemies":"3 Shapes","floor":37.0,"turns":2.0},{"damage":9.0,"enemies":"Sphere and 2 Shapes","floor":39.0,"turns":6.0},{"damage":29.0,"enemies":"Jaw Worm Horde","floor":41.0,"turns":5.0},{"damage":20.0,"enemies":"Reptomancer","floor":42.0,"turns":7.0},{"damage":9.0,"enemies":"Giant Head","floor":44.0,"turns":6.0},{"damage":3.0,"enemies":"Writhing Mass","floor":46.0,"turns":7.0},{"damage":0.0,"enemies":"Nemesis","floor":48.0,"turns":5.0},{"damage":106.0,"enemies":"Awakened One","floor":50.0,"turns":15.0},{"damage":50.0,"enemies":"Donu and Deca","floor":51.0,"turns":9.0},{"damage":60,"enemies":"Shield and Spear","floor":55,"turns":8},{"damage":50,"enemies":"The Heart","floor":56,"turns":6}],"seed_played":"-7448831973083412767","potions_obtained":[{"floor":3.0,"key":"PowerPotion"},{"floor":5.0,"key":"Ancient Potion"},{"floor":11.0,"key":"LiquidBronze"},{"floor":13.0,"key":"Regen Potion"},{"floor":14.0,"key":"Regen Potion"},{"floor":24.0,"key":"Energy Potion"},{"floor":30.0,"key":"EssenceOfSteel"},{"floor":41.0,"key":"AttackPotion"},{"floor":42.0,"key":"LiquidBronze"}],"is_trial":false,"path_per_floor":["M","?","M","?","M","R","E","R","T","M","M","?","E","M","R","B",null,"M","?","$","?","M","R","E","M","T","$","?","R","E","M","R","B",null,"M","?","M","$","M","R","M","E","T","E","$","M","?","E","R","B","B",null,"R","$","E","B"],"character_chosen":"IRONCLAD","items_purchased":["Toxic Egg 2","Battle Trance+1","Disarm+1","Shrug It Off+1","True Grit+1","PowerPotion","Blind+1","PreservedInsect","Shrug It Off+1"],"campfire_rested":1,"item_purchase_floors":[20,20,20,27,27,27,38,45,54],"current_hp_per_floor":[63,56,60,60,61,61,47,47,47,40,33,27,25,43,43,40,66,59,59,59,38,52,52,25,22,22,22,37,59,51,67,67,69,74,75,75,75,75,75,75,75,75,75,72,72,75,65,73,73,67,49,69,69,69,53,3],"gold":71,"neow_bonus":"UPGRADE_CARD","is_prod":false,"is_daily":false,"chose_seed":false,"campfire_upgraded":7,"win_rate":0,"timestamp":1552250308,"path_taken":["M","?","?","?","M","R","E","R","T","M","M","?","E","M","R","BOSS","M","?","$","?","M","R","E","M","T","$","?","R","E","M","R","BOSS","M","?","M","$","M","R","M","E","T","E","$","?","?","E","R","BOSS","BOSS","R","$","E","BOSS"],"build_version":"2019-02-06","purchased_purges":2,"victory":false,"max_hp_per_floor":[75,75,75,75,75,75,75,75,75,75,75,75,75,75,75,75,75,75,75,75,75,75,75,75,75,75,75,75,75,75,75,75,75,75,75,75,75,75,75,75,75,75,75,75,75,75,75,75,75,75,75,75,75,72,82,82],"card_choices":[{"not_picked":["Iron Wave","Intimidate"],"picked":"Cleave","floor":1.0},{"not_picked":["Clothesline","Clash"],"picked":"Anger","floor":3.0},{"not_picked":["Bloodletting","Uppercut"],"picked":"Perfected Strike","floor":5.0},{"not_picked":["Heavy Blade","Flex","Sword Boomerang"],"picked":"SKIP","floor":7.0},{"not_picked":["Entrench","Anger"],"picked":"Dual Wield","floor":10.0},{"not_picked":["Second Wind","Searing Blow"],"picked":"Pommel Strike","floor":11.0},{"not_picked":["Rage","Cleave"],"picked":"Metallicize","floor":12.0},{"not_picked":["Rampage","Carnage"],"picked":"Impervious","floor":13.0},{"not_picked":["Headbutt","True Grit"],"picked":"Armaments","floor":14.0},{"not_picked":["Dark Embrace","Juggernaut"],"picked":"Reaper","floor":16.0},{"not_picked":["Cleave","Body Slam"],"picked":"Headbutt","floor":18.0},{"not_picked":["Flex+1","Hemokinesis"],"picked":"Thunderclap","floor":22.0},{"not_picked":["Twin Strike","Demon Form","Carnage"],"picked":"SKIP","floor":24.0},{"not_picked":["Iron Wave","Havoc+1","Thunderclap"],"picked":"SKIP","floor":25.0},{"not_picked":["Headbutt","Twin Strike"],"picked":"True Grit+1","floor":30.0},{"not_picked":["Body Slam","Blood for Blood","Clash"],"picked":"SKIP","floor":31.0},{"not_picked":["Juggernaut","Exhume+1"],"picked":"Impervious+1","floor":33.0},{"not_picked":["Havoc+1","Iron Wave+1","Searing Blow"],"picked":"SKIP","floor":35.0},{"not_picked":["Havoc+1","Iron Wave","Dropkick"],"picked":"SKIP","floor":37.0},{"not_picked":["Clash+1","Iron Wave"],"picked":"True Grit+1","floor":39.0},{"not_picked":["Sword Boomerang","Rage+1"],"picked":"Spot Weakness+1","floor":41.0},{"not_picked":["Perfected Strike","Seeing Red+1"],"picked":"Impervious+1","floor":42.0},{"not_picked":["Headbutt","Sword Boomerang+1","Cleave"],"picked":"SKIP","floor":44.0},{"not_picked":["Sword Boomerang+1","Cleave"],"picked":"Headbutt","floor":44.0},{"not_picked":["Evolve","Clothesline","Pommel Strike"],"picked":"SKIP","floor":46.0},{"not_picked":["Bandage Up+1","Magnetism"],"picked":"Secret Technique+1","floor":47.0},{"not_picked":["Good Instincts+1","Mind Blast"],"picked":"Master of Strategy+1","floor":47.0},{"not_picked":["Enlightenment+1","Apotheosis+1"],"picked":"Thinking Ahead+1","floor":47.0},{"not_picked":["Havoc+1","Flex+1"],"picked":"Demon Form","floor":48.0},{"not_picked":["Rupture","Infernal Blade+1","Thunderclap+1"],"picked":"SKIP","floor":55}],"player_experience":1075297,"relics_obtained":[{"floor":7.0,"key":"Old Coin"},{"floor":9.0,"key":"Shuriken"},{"floor":12.0,"key":"Odd Mushroom"},{"floor":13.0,"key":"MawBank"},{"floor":21.0,"key":"Necronomicon"},{"floor":24.0,"key":"Vajra"},{"floor":26.0,"key":"Self Forming Clay"},{"floor":30.0,"key":"Thread and Needle"},{"floor":42.0,"key":"Meat on the Bone"},{"floor":44.0,"key":"Centennial Puzzle"},{"floor":48.0,"key":"Dodecahedron"},{"floor":55,"key":"Pear"}],"event_choices":[{"damage_healed":0.0,"max_hp_gain":0.0,"max_hp_loss":0.0,"gold_gain":50.0,"event_name":"FaceTrader","player_choice":"Touch","floor":2.0,"gold_loss":0.0,"damage_taken":7.0},{"damage_healed":0.0,"max_hp_gain":0.0,"max_hp_loss":0.0,"gold_gain":0.0,"event_name":"Living Wall","player_choice":"Grow","floor":4.0,"gold_loss":0.0,"damage_taken":0.0,"cards_upgraded":["Cleave"]},{"damage_healed":0.0,"max_hp_gain":0.0,"max_hp_loss":0.0,"gold_gain":0.0,"event_name":"Mushrooms","player_choice":"Fought Mushrooms","floor":12.0,"gold_loss":0.0,"damage_taken":0.0},{"damage_healed":0.0,"max_hp_gain":0.0,"max_hp_loss":0.0,"gold_gain":0.0,"event_name":"Back to Basics","player_choice":"Simplicity","floor":19.0,"gold_loss":0.0,"damage_taken":0.0,"cards_upgraded":["Strike_R","Strike_R","Strike_R","Strike_R","Strike_R","Defend_R","Defend_R","Defend_R","Defend_R"]},{"damage_healed":0.0,"max_hp_gain":0.0,"max_hp_loss":0.0,"gold_gain":0.0,"event_name":"Cursed Tome","player_choice":"Obtained Book","floor":21.0,"gold_loss":0.0,"damage_taken":21.0},{"damage_healed":15.0,"max_hp_gain":0.0,"max_hp_loss":0.0,"gold_gain":0.0,"event_name":"The Library","player_choice":"Heal","floor":28.0,"gold_loss":0.0,"damage_taken":0.0},{"cards_removed":["Anger"],"damage_healed":5.0,"max_hp_gain":0.0,"max_hp_loss":0.0,"gold_gain":0.0,"event_name":"Bonfire Elementals","player_choice":"Offered Common","floor":36.0,"gold_loss":0.0,"damage_taken":0.0},{"cards_removed":["Anger"],"damage_healed":5.0,"max_hp_gain":0.0,"max_hp_loss":0.0,"gold_gain":0.0,"event_name":"Bonfire Elementals","player_choice":"Offered Special","floor":36.0,"gold_loss":0.0,"damage_taken":0.0},{"damage_healed":0.0,"max_hp_gain":0.0,"max_hp_loss":0.0,"gold_gain":0.0,"event_name":"SensoryStone","player_choice":"Memory 3","floor":47.0,"gold_loss":0.0,"damage_taken":10.0}],"is_beta":true,"boss_relics":[{"not_picked":["Ectoplasm","Busted Crown"],"picked":"Velvet Choker"},{"not_picked":["Black Star","Philosopher\u0027s Stone"],"picked":"Snecko Eye"}],"items_purged_floors":[45,54],"is_endless":false,"potions_floor_spawned":[3,5,11,13,14,24,30,31,41,42,44],"killed_by":"The Heart","ascension_level":20}