{"gold_per_floor":[214,264,264,275,292,292,308,308,359,420,451,465,478,488,488,585,585,598,7,0,16,30,30,59,59,59,59,74,85,85,85,85,85],"floor_reached":33,"playtime":1496,"items_purged":["Strike_B"],"score":282,"play_id":"0e1788ee-e412-4df9-9b4a-e60aed4fb47f","local_time":"20190305054501","is_ascension_mode":true,"campfire_choices":[{"data":"White Noise","floor":6,"key":"SMITH"},{"data":"Genetic Algorithm","floor":8,"key":"SMITH"},{"floor":15,"key":"REST"},{"data":"Genetic Algorithm","floor":23,"key":"SMITH"},{"floor":25,"key":"REST"},{"data":"Normality","floor":27,"key":"PURGE"},{"floor":32,"key":"REST"}],"neow_cost":"NONE","seed_source_timestamp":6088399882884,"circlet_count":0,"master_deck":["Strike_B","Defend_B","Defend_B","Defend_B","Defend_B","Zap","Dualcast","Streamline","Sweeping Beam","White Noise+1","Genetic Algorithm+1","Self Repair","Genetic Algorithm+1","Redo","Reboot","Beam Cell","Rebound","Storm","Seek","Scrape","Creative AI","Injury"],"relics":["Cracked Core","Centennial Puzzle","Lantern","Oddly Smooth Stone","Peace Pipe","Cursed Key","Bronze Scales","OrangePellets","Dream Catcher","DataDisk","Gremlin Horn","Boot"],"potions_floor_usage":[11,12,12,16,16,22,29,33],"damage_taken":[{"damage":2,"enemies":"2 Louse","floor":1,"turns":3},{"damage":3,"enemies":"Jaw Worm","floor":4,"turns":4},{"damage":0,"enemies":"Small Slimes","floor":5,"turns":2},{"damage":10,"enemies":"Looter","floor":7,"turns":3},{"damage":8,"enemies":"Gremlin Nob","floor":10,"turns":4},{"damage":20,"enemies":"Gremlin Nob","floor":11,"turns":4},{"damage":9,"enemies":"Exordium Wildlife","floor":12,"turns":3},{"damage":0,"enemies":"Blue Slaver","floor":13,"turns":3},{"damage":0,"enemies":"Looter","floor":14,"turns":3},{"damage":42,"enemies":"Slime Boss","floor":16,"turns":8},{"damage":0,"enemies":"Chosen","floor":18,"turns":5},{"damage":12,"enemies":"Shell Parasite","floor":21,"turns":5},{"damage":0,"enemies":"Shelled Parasite and Fungi","floor":22,"turns":3},{"damage":48,"enemies":"Slavers","floor":24,"turns":5},{"damage":8,"enemies":"Snecko","floor":28,"turns":4},{"damage":18,"enemies":"3 Cultists","floor":29,"turns":5},{"damage":70,"enemies":"Automaton","floor":33,"turns":6}],"seed_played":"914352794047397558","potions_obtained":[{"floor":5,"key":"FearPotion"},{"floor":7,"key":"Fire Potion"},{"floor":11,"key":"Explosive Potion"},{"floor":13,"key":"FearPotion"},{"floor":14,"key":"Strength Potion"},{"floor":18,"key":"Weak Potion"},{"floor":22,"key":"SteroidPotion"},{"floor":24,"key":"Energy Potion"}],"is_trial":false,"path_per_floor":["M","?","?","M","M","R","M","R","T","?","E","M","M","M","R","B",null,"M","$","?","M","M","R","E","R","T","R","M","M","?","T","R","B"],"character_chosen":"DEFECT","items_purchased":["Bronze Scales","Rebound","OrangePellets","Dream Catcher"],"campfire_rested":3,"item_purchase_floors":[19,19,19,19],"current_hp_per_floor":[73,73,66,63,63,63,53,53,53,45,32,30,30,30,52,17,75,75,75,75,70,75,75,34,56,56,56,55,44,44,44,66,0],"gold":85,"neow_bonus":"HUNDRED_GOLD","is_prod":false,"is_daily":false,"chose_seed":false,"campfire_upgraded":3,"win_rate":0,"timestamp":1551793501,"path_taken":["M","?","?","M","M","R","M","R","T","?","E","M","M","M","R","BOSS","M","$","?","M","M","R","E","R","T","R","M","M","?","?","R","BOSS"],"build_version":"2019-01-23","purchased_purges":1,"victory":false,"max_hp_per_floor":[75,75,75,75,75,75,75,75,75,75,75,75,75,75,75,75,75,75,75,75,75,75,75,75,75,75,75,75,75,75,75,75,75],"card_choices":[{"not_picked":["Compile Driver","Defragment"],"picked":"Streamline","floor":1},{"not_picked":["Undo","Beam Cell"],"picked":"Sweeping Beam","floor":4},{"not_picked":["Rebound","Chaos"],"picked":"White Noise","floor":5},{"not_picked":["Hologram","Conserve Battery"],"picked":"Genetic Algorithm","floor":7},{"not_picked":["Hello World","Loop"],"picked":"Self Repair","floor":10},{"not_picked":["Rebound","Creative AI"],"picked":"Genetic Algorithm","floor":11},{"not_picked":["Cold Snap","Go for the Eyes"],"picked":"Redo","floor":12},{"not_picked":["Aggregate","Compile Driver","Turbo"],"picked":"SKIP","floor":13},{"not_picked":["Chill","Meteor Strike","Coolheaded"],"picked":"SKIP","floor":14},{"not_picked":["Buffer","Meteor Strike"],"picked":"Reboot","floor":16},{"not_picked":["Steam","Recycle"],"picked":"Beam Cell","floor":18},{"not_picked":["Cold Snap","Hologram","Heatsinks"],"picked":"SKIP","floor":21},{"not_picked":["Go for the Eyes","Coolheaded","Redo"],"picked":"SKIP","floor":22},{"not_picked":["Barrage","Aggregate","Compile Driver"],"picked":"SKIP","floor":24},{"not_picked":["Turbo","Redo"],"picked":"Storm","floor":25},{"not_picked":["Streamline","Stack","Chill"],"picked":"SKIP","floor":28},{"not_picked":["Sweeping Beam","Stack"],"picked":"Seek","floor":29}],"player_experience":295508,"relics_obtained":[{"floor":9,"key":"Lantern"},{"floor":10,"key":"Oddly Smooth Stone"},{"floor":11,"key":"Peace Pipe"},{"floor":24,"key":"DataDisk"},{"floor":26,"key":"Gremlin Horn"},{"floor":31,"key":"Boot"}],"event_choices":[{"damage_healed":0,"gold_gain":50,"player_choice":"Gained Gold","damage_taken":0,"max_hp_gain":0,"max_hp_loss":0,"event_name":"Golden Wing","floor":2,"gold_loss":0},{"damage_healed":0,"gold_gain":0,"player_choice":"Success","damage_taken":7,"relics_obtained":["Centennial Puzzle"],"max_hp_gain":0,"max_hp_loss":0,"event_name":"Scrap Ooze","floor":3,"gold_loss":0},{"damage_healed":0,"gold_gain":0,"player_choice":"Searched \u00271\u0027 times","damage_taken":0,"max_hp_gain":0,"max_hp_loss":0,"event_name":"Dead Adventurer","floor":10,"gold_loss":0},{"damage_healed":0,"gold_gain":0,"player_choice":"Paid Fearfully","damage_taken":0,"max_hp_gain":0,"max_hp_loss":0,"event_name":"Masked Bandits","floor":20,"gold_loss":7},{"damage_healed":0,"gold_gain":0,"cards_transformed":["Strike_B","Strike_B"],"player_choice":"Became Test Subject","damage_taken":0,"max_hp_gain":0,"max_hp_loss":0,"event_name":"Drug Dealer","floor":30,"gold_loss":0,"cards_obtained":["Scrape","Creative AI"]}],"is_beta":false,"boss_relics":[{"not_picked":["Sozu","Ectoplasm"],"picked":"Cursed Key"}],"items_purged_floors":[19],"is_endless":false,"potions_floor_spawned":[5,7,11,13,14,18,22,24],"killed_by":"Automaton","ascension_level":1}