{"gold_per_floor":[111,124,124,49,61,61,86,86,86,86,118,134,47,66,66,138,138,156,171,171,181,181],"floor_reached":22,"playtime":1809,"items_purged":["Clumsy"],"score":372,"play_id":"c6132b25-5ce4-4742-80be-6476c39fb834","local_time":"20190317095841","is_ascension_mode":true,"campfire_choices":[{"data":"Zap","floor":6,"key":"SMITH"},{"floor":10,"key":"REST"},{"floor":15,"key":"REST"}],"neow_cost":"CURSE","seed_source_timestamp":281496654931827,"circlet_count":0,"master_deck":["AscendersBane","Strike_B","Defend_B","Defend_B","Defend_B","Defend_B","Zap+1","Dualcast","Conserve Battery","Ball Lightning","Redo+1","Gash","Gash","Sweeping Beam","Scrape","Doom and Gloom","Core Surge","Conserve Battery","Shame","Sweeping Beam+1"],"relics":["Cracked Core","Gambling Chip","Du-Vu Doll","Shuriken","Darkstone Periapt","Empty Cage","Matryoshka"],"potions_floor_usage":[12,18,18],"damage_taken":[{"damage":7,"enemies":"Small Slimes","floor":1,"turns":2},{"damage":1,"enemies":"2 Louse","floor":2,"turns":3},{"damage":0,"enemies":"Jaw Worm","floor":5,"turns":3},{"damage":18,"enemies":"Lagavulin","floor":7,"turns":6},{"damage":32,"enemies":"Gremlin Nob","floor":11,"turns":4},{"damage":8,"enemies":"Large Slime","floor":12,"turns":2},{"damage":0,"enemies":"Exordium Thugs","floor":14,"turns":3},{"damage":24,"enemies":"Hexaghost","floor":16,"turns":8},{"damage":15,"enemies":"3 Byrds","floor":18,"turns":3},{"damage":4,"enemies":"Spheric Guardian","floor":19,"turns":3},{"damage":22,"enemies":"Snecko","floor":21,"turns":4},{"damage":31,"enemies":"Centurion and Healer","floor":22,"turns":4}],"seed_played":"-2761321926064173484","potions_obtained":[{"floor":1,"key":"SteroidPotion"},{"floor":12,"key":"Ancient Potion"},{"floor":14,"key":"SneckoOil"}],"is_trial":false,"path_per_floor":["M","M","?","$","M","R","E","?","T","R","E","M","$","M","R","B",null,"M","M","?","M","M"],"character_chosen":"DEFECT","items_purchased":["Scrape"],"campfire_rested":2,"item_purchase_floors":[13],"current_hp_per_floor":[57,56,49,49,49,49,31,31,31,52,20,12,12,12,33,9,56,41,37,43,21,0],"gold":181,"neow_bonus":"ONE_RARE_RELIC","is_prod":false,"is_daily":false,"chose_seed":false,"campfire_upgraded":1,"win_rate":0,"timestamp":1552831121,"path_taken":["M","M","?","$","M","R","E","?","T","R","E","M","$","M","R","BOSS","M","M","?","M","M"],"build_version":"2019-03-15","purchased_purges":1,"victory":false,"max_hp_per_floor":[71,71,71,71,71,71,71,71,71,71,71,71,71,71,71,71,71,71,71,77,77,77],"card_choices":[{"not_picked":["Go for the Eyes","Hologram"],"picked":"Conserve Battery","floor":1},{"not_picked":["Rebound","Turbo"],"picked":"Ball Lightning","floor":2},{"not_picked":["Hello World","Hyperbeam"],"picked":"Redo","floor":5},{"not_picked":["Compile Driver","Fusion"],"picked":"Gash","floor":7},{"not_picked":["Streamline","Beam Cell"],"picked":"Gash","floor":11},{"not_picked":["Hyperbeam","Melter"],"picked":"Sweeping Beam","floor":12},{"not_picked":["Barrage","Capacitor"],"picked":"Doom and Gloom","floor":14},{"not_picked":["Biased Cognition","Rainbow"],"picked":"Core Surge","floor":16},{"not_picked":["Barrage","Rip and Tear"],"picked":"Conserve Battery","floor":18},{"not_picked":["Consume","Reprogram","Storm+1"],"picked":"SKIP","floor":19},{"not_picked":["Genetic Algorithm","Static Discharge"],"picked":"Sweeping Beam+1","floor":21}],"player_experience":542760,"relics_obtained":[{"floor":7,"key":"Du-Vu Doll"},{"floor":9,"key":"Shuriken"},{"floor":11,"key":"Darkstone Periapt"}],"event_choices":[{"cards_removed":["Strike_B"],"damage_healed":0,"gold_gain":0,"player_choice":"Card Removal","damage_taken":7,"max_hp_gain":0,"max_hp_loss":0,"event_name":"Golden Wing","floor":3,"gold_loss":0},{"damage_healed":0,"gold_gain":0,"player_choice":"Grow","damage_taken":0,"max_hp_gain":0,"max_hp_loss":0,"event_name":"Living Wall","floor":8,"gold_loss":0,"cards_upgraded":["Redo"]},{"damage_healed":0,"gold_gain":0,"player_choice":"Stole Relic","damage_taken":0,"relics_obtained":["Matryoshka"],"max_hp_gain":0,"max_hp_loss":0,"event_name":"Addict","floor":20,"gold_loss":0,"cards_obtained":["Shame"]}],"is_beta":true,"boss_relics":[{"not_picked":["FrozenCore","Black Star"],"picked":"Empty Cage"}],"items_purged_floors":[4],"is_endless":false,"potions_floor_spawned":[1,12,14],"killed_by":"Centurion and Healer","ascension_level":18}