{"gold_per_floor":[114,289,21,21,39,100,100,127,127,142,152,185,200,200],"floor_reached":14,"playtime":585,"items_purged":["Doubt"],"score":121,"play_id":"0318aff4-1e91-48fb-99a8-3711b0296df7","local_time":"20190311044059","is_ascension_mode":true,"campfire_choices":[{"data":"Impervious","floor":7,"key":"SMITH"}],"neow_cost":"NONE","seed_source_timestamp":251941245692896,"circlet_count":0,"master_deck":["Strike_R","Strike_R","Strike_R","Strike_R","Defend_R","Defend_R","Defend_R","Defend_R","Bash","Juggernaut","Dual Wield","Carnage","Twin Strike","Impervious+1","Bludgeon","Searing Blow"],"relics":["Burning Blood","Brimstone","Tiny Chest","Lantern","Blue Candle","Anchor"],"potions_floor_usage":[8,10,11,13],"damage_taken":[{"damage":1,"enemies":"Cultist","floor":1,"turns":4},{"damage":0,"enemies":"Small Slimes","floor":5,"turns":3},{"damage":47,"enemies":"3 Sentries","floor":6,"turns":8},{"damage":16,"enemies":"Gremlin Nob","floor":8,"turns":3},{"damage":0,"enemies":"Jaw Worm","floor":10,"turns":2},{"damage":0,"enemies":"Exordium Wildlife","floor":11,"turns":2},{"damage":23,"enemies":"3 Sentries","floor":12,"turns":6},{"damage":0,"enemies":"Large Slime","floor":13,"turns":3},{"damage":30,"enemies":"Lots of Slimes","floor":14,"turns":3}],"seed_played":"8506870315881810405","potions_obtained":[{"floor":1,"key":"SneckoOil"},{"floor":6,"key":"PowerPotion"},{"floor":8,"key":"SkillPotion"},{"floor":10,"key":"AttackPotion"},{"floor":12,"key":"SkillPotion"}],"is_trial":false,"path_per_floor":["M","?","$","?","M","E","R","E","T","M","M","E","M","M"],"character_chosen":"IRONCLAD","items_purchased":["Brimstone"],"campfire_rested":0,"item_purchase_floors":[3],"current_hp_per_floor":[80,80,80,80,80,39,39,29,29,35,41,24,30,0],"gold":200,"neow_bonus":"ONE_RANDOM_RARE_CARD","is_prod":false,"is_daily":false,"chose_seed":false,"campfire_upgraded":1,"win_rate":0,"timestamp":1552304459,"path_taken":["M","?","$","?","M","E","R","E","T","?","M","E","M","M"],"build_version":"2019-01-23","purchased_purges":1,"victory":false,"max_hp_per_floor":[80,80,80,80,80,80,80,80,80,80,80,80,80,80],"card_choices":[{"not_picked":["Sever Soul","Clash"],"picked":"Dual Wield","floor":1},{"not_picked":["Blood for Blood","Anger"],"picked":"Twin Strike","floor":5},{"not_picked":["Disarm","Fire Breathing"],"picked":"Impervious","floor":6},{"not_picked":["Wild Strike","Flex","Corruption"],"picked":"SKIP","floor":8},{"not_picked":["Armaments","Infernal Blade"],"picked":"Bludgeon","floor":10},{"not_picked":["Fire Breathing","Warcry","Sentinel"],"picked":"SKIP","floor":11},{"not_picked":["Pummel","Warcry","Iron Wave"],"picked":"SKIP","floor":12},{"not_picked":["Warcry","Sword Boomerang"],"picked":"Searing Blow","floor":13}],"player_experience":321423,"relics_obtained":[{"floor":6,"key":"Tiny Chest"},{"floor":8,"key":"Lantern"},{"floor":9,"key":"Blue Candle"},{"floor":12,"key":"Anchor"}],"event_choices":[{"damage_healed":0,"gold_gain":175,"player_choice":"AGREE","damage_taken":0,"max_hp_gain":0,"max_hp_loss":0,"event_name":"Liars Game","floor":2,"gold_loss":0,"cards_obtained":["Doubt"]},{"damage_healed":0,"gold_gain":0,"cards_transformed":["Strike_R"],"player_choice":"Transformed","damage_taken":0,"max_hp_gain":0,"max_hp_loss":0,"event_name":"Transmorgrifier","floor":4,"gold_loss":0,"cards_obtained":["Carnage"]}],"is_beta":false,"boss_relics":[],"items_purged_floors":[3],"is_endless":false,"potions_floor_spawned":[1,6,8,10,12],"killed_by":"Lots of Slimes","ascension_level":2}