{"gold_per_floor":[112,112,22,22,41,41,76,76,102,102,113,113,113],"floor_reached":13,"playtime":255,"items_purged":[],"score":212,"play_id":"08903000-0089-4b39-929d-19bcbe37b78a","local_time":"20180921232730","is_ascension_mode":true,"campfire_choices":[{"data":"Hologram","floor":6,"key":"SMITH"},{"data":"Zap","floor":10,"key":"SMITH"},{"data":"Coolheaded","floor":12,"key":"SMITH"}],"neow_cost":"NONE","seed_source_timestamp":744010103218127,"circlet_count":0,"master_deck":["Strike_B","Strike_B+1","Strike_B","Strike_B","Defend_B","Defend_B","Defend_B+1","Defend_B","Zap+1","Dualcast","AscendersBane","Defragment+1","Hologram+1","Gash","Coolheaded+1"],"relics":["Cracked Core","NeowsBlessing","Meat on the Bone","Omamori","Vajra"],"potions_floor_usage":[13],"damage_taken":[{"damage":0,"enemies":"Small Slimes","floor":1,"turns":1},{"damage":0,"enemies":"Jaw Worm","floor":5,"turns":1},{"damage":0,"enemies":"Gremlin Nob","floor":7,"turns":1},{"damage":3,"enemies":"2 Louse","floor":11,"turns":3},{"damage":40,"enemies":"Gremlin Gang","floor":13,"turns":3}],"seed_played":"4681045091764542085","potions_obtained":[{"floor":5,"key":"Energy Potion"}],"is_trial":false,"path_per_floor":["M","?","?","$","M","R","E","?","T","R","M","R"],"character_chosen":"DEFECT","items_purchased":[],"campfire_rested":0,"item_purchase_floors":[],"current_hp_per_floor":[64,64,64,64,64,64,64,43,43,43,40,40,0],"gold":113,"neow_bonus":"THREE_ENEMY_KILL","is_prod":false,"is_daily":false,"chose_seed":false,"campfire_upgraded":3,"win_rate":0,"timestamp":1537586850,"path_taken":["M","?","?","$","M","R","E","?","T","R","?","R","M"],"build_version":"2018-09-20","purchased_purges":0,"victory":false,"max_hp_per_floor":[71,71,71,71,71,71,71,71,71,71,71,71,71],"card_choices":[{"not_picked":["Turbo","Leap"],"picked":"Defragment","floor":1},{"not_picked":["Rebound","Redo"],"picked":"Hologram","floor":5},{"not_picked":["Turbo","Meteor Strike"],"picked":"Gash","floor":7},{"not_picked":["Steam","Force Field"],"picked":"Coolheaded","floor":11}],"player_experience":882179,"relics_obtained":[{"floor":7,"key":"Omamori"},{"floor":9,"key":"Vajra"}],"event_choices":[{"event_name":"Living Wall","player_choice":"Grow","floor":2,"damage_taken":0},{"event_name":"WeMeetAgain","player_choice":"Gold","floor":3,"damage_taken":0},{"event_name":"Shining Light","player_choice":"Entered Light","floor":8,"damage_taken":0}],"is_beta":false,"boss_relics":[],"items_purged_floors":[],"is_endless":false,"potions_floor_spawned":[5],"killed_by":"Gremlin Gang","ascension_level":20}