{"path_per_floor":["M","?","M","M","?","E","R","E","T","M","R","M","M","M","R","B",null,"M","$","?","?","?","E","R","M","T","E","M","M","R","M","R","B",null,"M","M","?","M"],"character_chosen":"THE_SILENT","items_purchased":[],"gold_per_floor":[99,65,65,65,65,65,65,65,65,65,65,65,65,35,35,35,35,0,0,0,0,0,0,0,0,0,0,0,0,0,0,0,0,0,0,0,0,0],"floor_reached":39,"campfire_rested":3,"playtime":3447,"current_hp_per_floor":[70,70,70,68,68,51,51,43,43,43,43,37,37,34,55,51,70,51,51,51,51,51,14,35,35,35,43,43,40,40,33,54,27,70,66,66,66,29],"items_purged":[],"gold":0,"play_id":"6fc2d9a9-0b5b-4683-b3e2-fe244f976dbb","is_prod":false,"is_daily":false,"is_ascension_mode":true,"campfire_upgraded":3,"path_taken":["M","?","M","M","?","E","R","E","T","?","R","M","M","M","R","BOSS","M","$","?","?","?","E","R","?","T","E","M","M","R","M","R","BOSS","M","M","?","M","M"],"build_version":"2018-01-25-PROD3","purchased_purges":0,"victory":false,"master_deck":["Defend_G","Defend_G","Defend_G","Strike_G","Strike_G","Strike_G+1","Strike_G","Survivor","Neutralize+1","Cloak And Dagger","Footwork+1","Sucker Punch+1","Dagger Spray+1","Predator+1","Tools of the Trade","Cloak And Dagger","Caltrops","Heel Hook","Grand Finale","Outmaneuver+1","Endless Agony+1","Outmaneuver+1","Dagger Throw","Acrobatics+1","Predator+1","Terror","Backflip+1","Adrenaline","Backflip+1","Flying Knee","Prepared+1","Burst","Blur+1","Dagger Throw","Neutralize"],"max_hp_per_floor":[70,70,70,70,70,70,70,70,70,70,70,70,70,70,70,70,70,70,70,70,70,70,70,70,70,70,70,70,70,70,70,70,70,70,70,70,70,70],"relics":["Ectoplasm","Molten Egg","Mummified Hand","Whetstone","Astrolabe","Letter Opener","Bottled Tornado","Sundial","Runic Pyramid"],"card_choices":[{"not_picked":["Deflect","Prepared"],"picked":"Cloak And Dagger"},{"not_picked":["Escape Plan","Dagger Spray"],"picked":"Footwork"},{"not_picked":["Reflex","Dodge and Roll"],"picked":"Sucker Punch"},{"not_picked":["Blade Dance","Sucker Punch"],"picked":"Dagger Spray"},{"not_picked":["Bane","Sucker Punch"],"picked":"Predator"},{"not_picked":["Bane","Deadly Poison"],"picked":"Tools of the Trade"},{"not_picked":["Slice","Deflect"],"picked":"Cloak And Dagger"},{"not_picked":["Bane","Quick Slash"],"picked":"Caltrops"},{"not_picked":["Bane","Sucker Punch"],"picked":"Heel Hook"},{"not_picked":["After Image","Glass Knife"],"picked":"Grand Finale"},{"not_picked":["Masterful Stab","PiercingWail"],"picked":"Dagger Throw"},{"not_picked":["Infinite Blades","Slice"],"picked":"Terror"},{"not_picked":["PiercingWail","Eviscerate"],"picked":"Backflip"},{"not_picked":["Predator","Outmaneuver"],"picked":"Adrenaline"},{"not_picked":["Infinite Blades","Crippling Poison"],"picked":"Backflip"},{"not_picked":["Dagger Throw","Sucker Punch"],"picked":"Flying Knee"},{"not_picked":["Poisoned Stab","Dagger Throw"],"picked":"Prepared"},{"not_picked":["Unload","Wraith Form"],"picked":"Burst"},{"not_picked":["Catalyst","Underhanded Strike"],"picked":"Blur"},{"not_picked":["Concentrate","Cloak And Dagger"],"picked":"Dagger Throw"}],"player_experience":142827,"potions_floor_usage":[6,8,16,23,23,27,27,33],"damage_taken":[{"damage":0,"enemies":"2 Louse","floor":1,"turns":2},{"damage":0,"enemies":"Cultist","floor":3,"turns":5},{"damage":2,"enemies":"Blue Slaver","floor":4,"turns":4},{"damage":17,"enemies":"Gremlin Nob","floor":6,"turns":5},{"damage":8,"enemies":"3 Sentries","floor":8,"turns":7},{"damage":0,"enemies":"Large Slime","floor":10,"turns":3},{"damage":6,"enemies":"Red Slaver","floor":12,"turns":3},{"damage":0,"enemies":"2 Fungi Beasts","floor":13,"turns":2},{"damage":3,"enemies":"Looter","floor":14,"turns":3},{"damage":4,"enemies":"Slime Boss","floor":16,"turns":9},{"damage":19,"enemies":"2 Thieves","floor":18,"turns":4},{"damage":52,"enemies":"Gremlin Leader","floor":23,"turns":8},{"damage":0,"enemies":"Chosen","floor":25,"turns":3},{"damage":4,"enemies":"Book of Stabbing","floor":27,"turns":5},{"damage":0,"enemies":"3 Cultists","floor":28,"turns":3},{"damage":3,"enemies":"Centurion and Healer","floor":29,"turns":4},{"damage":7,"enemies":"Snecko","floor":31,"turns":4},{"damage":27,"enemies":"Automaton","floor":33,"turns":8},{"damage":4,"enemies":"3 Shapes","floor":35,"turns":4},{"damage":0,"enemies":"Orb Walker","floor":36,"turns":3},{"damage":37,"enemies":"3 Darklings","floor":38,"turns":5},{"damage":34,"enemies":"4 Shapes","floor":39,"turns":4}],"event_choices":[{"event_name":"World of Goop","player_choice":"Left","floor":2,"damage_taken":0},{"event_name":"Accursed Blacksmith","player_choice":"Forge","floor":5,"damage_taken":0},{"event_name":"The Library","player_choice":"Read","floor":20,"damage_taken":0},{"event_name":"Duplicator","player_choice":"One dupe","floor":21,"damage_taken":0},{"event_name":"Addict","player_choice":"Ignored","floor":22,"damage_taken":0},{"event_name":"Match and Keep!","player_choice":"1 cards matched","floor":37,"damage_taken":0}],"boss_relics":[{"not_picked":["Calling Bell","White Beast Statue"],"picked":"Astrolabe"},{"not_picked":["Snecko Eye","Question Card"],"picked":"Runic Pyramid"}],"potions_floor_spawned":[3,4,6,12,13,23,25,28,29,35],"seed_played":"4899902801958597847","killed_by":"4 Shapes","ascension_level":2,"is_trial":false}