{"path_per_floor":["M","?","M","M","M","R","E","$","T","E","R","?","R","?","R","B",null,"M","M","$","M","M","R","M","R","T","R"],"character_chosen":"DEFECT","items_purchased":["Hologram","Bag of Marbles","Capacitor"],"gold_per_floor":[116,66,86,105,122,122,154,25,25,51,51,51,51,51,51,177,177,196,211,40,55,71,71,94,94,94,94,94],"floor_reached":28,"campfire_rested":1,"playtime":1063,"current_hp_per_floor":[68,68,58,55,50,50,28,28,28,12,12,12,12,12,32,13,68,61,56,56,39,31,31,23,23,23,23,0],"items_purged":["Strike_B"],"gold":94,"score":228,"play_id":"2d390d2b-c574-40b3-b0e2-bb1080b3ce44","local_time":"20180503154545","is_prod":false,"is_daily":false,"chose_seed":false,"is_ascension_mode":false,"campfire_upgraded":6,"timestamp":1525376745,"path_taken":["M","?","M","M","M","R","E","$","T","E","R","?","R","?","R","BOSS","M","M","$","M","M","R","M","R","T","R","M"],"build_version":"2018-05-02","seed_source_timestamp":59607119890336,"purchased_purges":1,"victory":false,"master_deck":["Strike_B","Strike_B","Defend_B","Defend_B","Defend_B","Defend_B","Zap+1","Dualcast","Defragment+1","Ball Lightning","Streamline","Beam Cell+1","Fission+1","Hologram+1","Auto Shields","Injury","Thunder Strike+1","Impulse+1","Ball Lightning+1","Capacitor","Consume+1","Glacier","Go for the Eyes+1"],"max_hp_per_floor":[68,68,68,68,68,68,68,68,68,68,68,68,68,68,68,68,68,68,68,68,68,68,68,68,68,68,68,68],"relics":["Cracked Core","Ginger","Bronze Scales","Anchor","Molten Egg 2","Golden Idol","Runic Dome","Bag of Marbles","Bottled Tornado"],"card_choices":[{"not_picked":["Ball Lightning","Self Repair"],"picked":"Defragment","floor":1},{"not_picked":["Tempest","Self Repair"],"picked":"Ball Lightning","floor":3},{"not_picked":["Steam Power","Conserve Battery"],"picked":"Streamline","floor":4},{"not_picked":["Lockon","Loop"],"picked":"Beam Cell","floor":5},{"not_picked":["Barrage","Skim"],"picked":"Fission","floor":7},{"not_picked":["Aggregate","Capacitor"],"picked":"Auto Shields","floor":10},{"not_picked":["Fission","Creative AI"],"picked":"Thunder Strike","floor":16},{"not_picked":["Rip and Tear","Hologram"],"picked":"Impulse","floor":18},{"not_picked":["Barrage","Streamline"],"picked":"Ball Lightning","floor":19},{"not_picked":["Reinforced Body","Doom and Gloom"],"picked":"Consume","floor":21},{"not_picked":["Cold Snap","Ball Lightning"],"picked":"Glacier","floor":22},{"not_picked":["Steam Power","Stack"],"picked":"Go for the Eyes","floor":24}],"player_experience":81561,"potions_floor_usage":[16,22],"damage_taken":[{"damage":0,"enemies":"Cultist","floor":1,"turns":3},{"damage":10,"enemies":"Small Slimes","floor":3,"turns":3},{"damage":3,"enemies":"Jaw Worm","floor":4,"turns":3},{"damage":5,"enemies":"Red Slaver","floor":5,"turns":4},{"damage":22,"enemies":"3 Sentries","floor":7,"turns":5},{"damage":16,"enemies":"Gremlin Nob","floor":10,"turns":3},{"damage":19,"enemies":"Slime Boss","floor":16,"turns":7},{"damage":7,"enemies":"3 Byrds","floor":18,"turns":3},{"damage":5,"enemies":"2 Thieves","floor":19,"turns":3},{"damage":17,"enemies":"Centurion and Healer","floor":21,"turns":4},{"damage":8,"enemies":"Chosen and Byrds","floor":22,"turns":5},{"damage":8,"enemies":"Snake Plant","floor":24,"turns":3},{"damage":25,"enemies":"3 Cultists","floor":28,"turns":4}],"event_choices":[{"event_name":"The Cleric","player_choice":"Card Removal","floor":2,"damage_taken":0},{"event_name":"The Lab","player_choice":"Got Potions","floor":12,"damage_taken":0},{"event_name":"Golden Idol","player_choice":"Take Wound","floor":14,"damage_taken":0}],"boss_relics":[{"not_picked":["Eternal Feather","Lizard Tail"],"picked":"Runic Dome"}],"potions_floor_spawned":[3,5,18,22],"seed_played":"4904934148426234941","killed_by":"3 Cultists","ascension_level":0,"is_trial":false}