{"gold_per_floor":[109,126,51,326,342,372,372,388,388,406,406,306,322,341,341,442,442,452,472,387,387,400,400],"floor_reached":23,"playtime":626,"items_purged":["Strike_R","Regret"],"score":220,"play_id":"ddeda590-1a5f-49f9-bc22-79042374075f","local_time":"20190316111810","is_ascension_mode":false,"campfire_choices":[{"data":"Uppercut","floor":7,"key":"SMITH"},{"data":"1","floor":11,"key":"LIFT"},{"data":"2","floor":15,"key":"LIFT"}],"neow_cost":"NONE","seed_source_timestamp":283917536209409,"circlet_count":0,"master_deck":["Strike_R","Strike_R","Strike_R","Strike_R","Defend_R","Defend_R","Defend_R","Bash","Uppercut+1","Spot Weakness","Feed"],"relics":["Burning Blood","Singing Bowl","Girya","Sozu","Charon\u0027s Ashes"],"potions_floor_usage":[6,16,16,23],"damage_taken":[{"damage":1,"enemies":"Cultist","floor":1,"turns":3},{"damage":6,"enemies":"Jaw Worm","floor":2,"turns":3},{"damage":4,"enemies":"2 Louse","floor":5,"turns":2},{"damage":50,"enemies":"3 Sentries","floor":6,"turns":8},{"damage":7,"enemies":"Large Slime","floor":8,"turns":5},{"damage":12,"enemies":"Red Slaver","floor":10,"turns":2},{"damage":9,"enemies":"Blue Slaver","floor":13,"turns":4},{"damage":7,"enemies":"Exordium Wildlife","floor":14,"turns":3},{"damage":17,"enemies":"Hexaghost","floor":16,"turns":9},{"damage":19,"enemies":"Spheric Guardian","floor":18,"turns":4},{"damage":14,"enemies":"Shell Parasite","floor":19,"turns":4},{"damage":21,"enemies":"Snake Plant","floor":22,"turns":4},{"damage":37,"enemies":"Slavers","floor":23,"turns":3}],"seed_played":"-3905817326306038128","potions_obtained":[{"floor":1,"key":"SteroidPotion"},{"floor":6,"key":"Dexterity Potion"},{"floor":8,"key":"Poison Potion"},{"floor":13,"key":"SkillPotion"}],"is_trial":false,"path_per_floor":["M","M","$","?","M","E","R","M","T","M","R","$","M","M","R","B",null,"M","M","?","?","M","E"],"character_chosen":"IRONCLAD","items_purchased":[],"campfire_rested":0,"item_purchase_floors":[],"current_hp_per_floor":[80,80,80,80,80,38,38,39,39,35,35,35,34,35,35,24,90,82,77,77,98,88,54],"gold":400,"neow_bonus":"REMOVE_CARD","is_prod":false,"is_daily":false,"chose_seed":false,"campfire_upgraded":1,"win_rate":0,"timestamp":1552749490,"path_taken":["M","M","?","?","M","E","R","M","T","M","R","$","M","?","R","BOSS","M","M","?","?","?","E"],"build_version":"2019-03-15","purchased_purges":2,"victory":false,"max_hp_per_floor":[80,80,80,80,80,82,82,84,84,86,86,86,88,90,90,90,90,95,98,98,98,103,106],"card_choices":[{"not_picked":["True Grit","Twin Strike"],"picked":"Uppercut","floor":1},{"not_picked":["Power Through","Dual Wield","Warcry"],"picked":"SKIP","floor":2},{"not_picked":["Sever Soul","Armaments"],"picked":"Spot Weakness","floor":5},{"not_picked":["Twin Strike","Shockwave","Warcry"],"picked":"Singing Bowl","floor":6},{"not_picked":["Blood for Blood","Second Wind","Flame Barrier"],"picked":"Singing Bowl","floor":8},{"not_picked":["Sword Boomerang","Armaments","Sever Soul"],"picked":"Singing Bowl","floor":10},{"not_picked":["Shockwave","Havoc","Burning Pact"],"picked":"Singing Bowl","floor":13},{"not_picked":["Wild Strike","Cleave","Hemokinesis"],"picked":"Singing Bowl","floor":14},{"not_picked":["Immolate","Impervious"],"picked":"Feed","floor":16},{"not_picked":["Bloodletting","Heavy Blade","True Grit"],"picked":"Singing Bowl","floor":18},{"not_picked":["Wild Strike","Clash"],"picked":"Intimidate","floor":19},{"not_picked":["Rampage","Clash","Seeing Red"],"picked":"Singing Bowl","floor":22}],"player_experience":1103538,"relics_obtained":[{"floor":6,"key":"Singing Bowl"},{"floor":9,"key":"Girya"}],"event_choices":[{"damage_healed":0,"gold_gain":275,"player_choice":"Desecrate","damage_taken":0,"max_hp_gain":0,"max_hp_loss":0,"event_name":"Golden Shrine","floor":4,"gold_loss":0,"cards_obtained":["Regret"]},{"damage_healed":0,"gold_gain":0,"player_choice":"Obtained Relic","damage_taken":0,"relics_obtained":["Charon\u0027s Ashes"],"max_hp_gain":0,"max_hp_loss":0,"event_name":"Addict","floor":20,"gold_loss":85},{"cards_removed":["Intimidate"],"damage_healed":21,"gold_gain":0,"player_choice":"Offered Uncommon","damage_taken":0,"max_hp_gain":0,"max_hp_loss":0,"event_name":"Bonfire Elementals","floor":21,"gold_loss":0}],"is_beta":true,"boss_relics":[{"not_picked":["White Beast Statue","Cursed Key"],"picked":"Sozu"}],"items_purged_floors":[3,12],"is_endless":false,"potions_floor_spawned":[1,6,8,13,14,18],"killed_by":"Slavers","ascension_level":0}