{"path_per_floor":["M","M","M","M","M","E","?","R","T","M","R","$","?","?","R","B",null,"M","?","M","M"],"character_chosen":"THE_SILENT","items_purchased":["Blur","Escape Plan"],"gold_per_floor":[112,123,136,150,161,187,187,187,213,232,232,41,141,141,141,244,244,256,256,266,284],"floor_reached":22,"campfire_rested":0,"playtime":2081,"current_hp_per_floor":[64,64,64,62,61,42,47,47,47,47,47,47,47,47,47,45,75,73,57,49,6],"items_purged":["Defend_G"],"gold":284,"play_id":"b7851503-fa82-4706-9703-264b0b21ab74","is_prod":false,"is_daily":false,"campfire_rituals":0,"campfire_upgraded":3,"is_hardmode":false,"path_taken":["M","M","M","M","M","E","?","R","T","M","R","$","?","?","R","BOSS","M","?","M","?","M"],"build_version":"2018-01-18-PROD4","purchased_purges":1,"victory":false,"master_deck":["Defend_G","Defend_G","Defend_G","Defend_G","Strike_G","Strike_G","Strike_G","Strike_G","Strike_G","Survivor","Neutralize","Escape Plan","Leg Sweep","Backflip","Footwork","Dagger Spray","Footwork","Well Laid Plans","Bouncing Flask","Blur","Escape Plan","Envenom","Terror","Necronomicurse","Infinite Blades","Riddle With Holes"],"max_hp_per_floor":[70,70,70,70,70,70,75,75,75,75,75,75,75,75,75,75,75,75,75,75,75],"relics":["Ring of the Snake","Toxic Egg","Happy Flower","Black Star","Necronomicon"],"campfire_meditates":0,"card_choices":[{"not_picked":["Backflip","Underhanded Strike"],"picked":"Escape Plan"},{"not_picked":["All Out Attack","Quick Slash"],"picked":"Leg Sweep"},{"not_picked":["Underhanded Strike","Catalyst"],"picked":"Backflip"},{"not_picked":["Caltrops","Sucker Punch"],"picked":"Footwork"},{"not_picked":["Phantasmal Killer","Poisoned Stab"],"picked":"Dagger Spray"},{"not_picked":["Outmaneuver","Cloak And Dagger"],"picked":"Footwork"},{"not_picked":["Backflip","Dodge and Roll"],"picked":"Well Laid Plans"},{"not_picked":["Malaise","Dagger Throw"],"picked":"Bouncing Flask"},{"not_picked":["Tactician","After Image"],"picked":"Envenom"},{"not_picked":["Calculated Gamble","Skewer"],"picked":"Terror"},{"not_picked":["Quick Slash","Acrobatics"],"picked":"Infinite Blades"},{"not_picked":["PiercingWail","Dagger Spray"],"picked":"Riddle With Holes"}],"player_experience":99908,"potions_floor_usage":[16,16,18,18,21],"damage_taken":[{"damage":6,"enemies":"Cultist","floor":1,"turns":3},{"damage":0,"enemies":"Small Slimes","floor":2,"turns":4},{"damage":0,"enemies":"2 Louse","floor":3,"turns":3},{"damage":2,"enemies":"Large Slime","floor":4,"turns":18},{"damage":1,"enemies":"Red Slaver","floor":5,"turns":5},{"damage":19,"enemies":"Gremlin Nob","floor":6,"turns":7},{"damage":0,"enemies":"2 Fungi Beasts","floor":10,"turns":4},{"damage":2,"enemies":"The Guardian","floor":16,"turns":9},{"damage":2,"enemies":"2 Thieves","floor":18,"turns":5},{"damage":8,"enemies":"Spheric Guardian","floor":20,"turns":6},{"damage":43,"enemies":"3 Cultists","floor":21,"turns":6},{"damage":0,"enemies":"Centurion and Healer","floor":22,"turns":1}],"event_choices":[{"event_name":"Big Fish","player_choice":"Donut","floor":7,"damage_taken":0},{"event_name":"Golden Shrine","player_choice":"Pray","floor":13,"damage_taken":0},{"event_name":"Liars Game","player_choice":"disagreed","floor":14,"damage_taken":0},{"event_name":"Cursed Tome","player_choice":"Obtained Book","floor":19,"damage_taken":0}],"boss_relics":[{"not_picked":["Runic Pyramid","Cursed Key"],"picked":"Black Star"}],"potions_floor_spawned":[1,3,5,16,20,21],"seed_played":"-1153134543328314704","killed_by":"Centurion and Healer","is_trial":false}