{"gold_per_floor":[113,113,263,338,352,352,378,393,393,393],"floor_reached":10,"playtime":266,"items_purged":[],"score":132,"play_id":"4d0fc2c2-b8d3-4a59-bb99-67a65d89d561","local_time":"20190221214400","is_ascension_mode":true,"campfire_choices":[{"data":"Static Discharge","floor":6,"key":"SMITH"}],"neow_cost":"TEN_PERCENT_HP_LOSS","seed_source_timestamp":706066818649751,"circlet_count":0,"master_deck":["AscendersBane","Strike_B","Strike_B","Strike_B","Strike_B","Defend_B","Defend_B","Defend_B","Defend_B","Zap","Dualcast","Rebound","Doubt","Static Discharge+1","Reinforced Body","Conserve Battery"],"relics":["Cracked Core","Peace Pipe","Nunchaku","Blood Vial","Ornamental Fan"],"potions_floor_usage":[5,10],"damage_taken":[{"damage":6,"enemies":"2 Louse","floor":1,"turns":2},{"damage":2,"enemies":"Small Slimes","floor":5,"turns":3},{"damage":25,"enemies":"3 Sentries","floor":7,"turns":5},{"damage":7,"enemies":"Jaw Worm","floor":8,"turns":4},{"damage":25,"enemies":"Gremlin Nob","floor":10,"turns":5}],"seed_played":"-1949996273750414348","potions_obtained":[{"floor":1,"key":"Energy Potion"},{"floor":8,"key":"AttackPotion"}],"is_trial":false,"path_per_floor":["M","?","?","?","M","R","E","M","T","E"],"character_chosen":"DEFECT","items_purchased":[],"campfire_rested":0,"item_purchase_floors":[],"current_hp_per_floor":[58,47,47,36,34,34,9,4,4,0],"gold":393,"neow_bonus":"ONE_RARE_RELIC","is_prod":false,"is_daily":false,"chose_seed":false,"campfire_upgraded":1,"win_rate":0,"timestamp":1550803440,"path_taken":["M","?","?","?","M","R","E","M","T","E"],"build_version":"2019-02-06","purchased_purges":0,"victory":false,"max_hp_per_floor":[64,64,64,64,64,64,64,64,64,64],"card_choices":[{"not_picked":["Double Energy","Redo"],"picked":"Rebound","floor":1},{"not_picked":["Aggregate","Recycle"],"picked":"Static Discharge","floor":5},{"not_picked":["Redo","Compile Driver"],"picked":"Reinforced Body","floor":7},{"not_picked":["Barrage","Chaos"],"picked":"Conserve Battery","floor":8}],"player_experience":965734,"relics_obtained":[{"floor":7,"key":"Blood Vial"},{"floor":9,"key":"Ornamental Fan"}],"event_choices":[{"damage_healed":0,"gold_gain":0,"player_choice":"Success","damage_taken":11,"relics_obtained":["Nunchaku"],"max_hp_gain":0,"max_hp_loss":0,"event_name":"Scrap Ooze","floor":2,"gold_loss":0},{"damage_healed":0,"gold_gain":150,"player_choice":"AGREE","damage_taken":0,"max_hp_gain":0,"max_hp_loss":0,"event_name":"Liars Game","floor":3,"gold_loss":0,"cards_obtained":["Doubt"]},{"damage_healed":0,"gold_gain":75,"player_choice":"Gather Gold","damage_taken":11,"max_hp_gain":0,"max_hp_loss":0,"event_name":"World of Goop","floor":4,"gold_loss":0}],"is_beta":true,"boss_relics":[],"items_purged_floors":[],"is_endless":false,"potions_floor_spawned":[1,8],"killed_by":"Gremlin Nob","ascension_level":20}