{"gold_per_floor":[111,127,302,255,255,255,290,290,344,344,124,142,159,8,8,113,113,131,231,243,263,12,12,12],"floor_reached":24,"playtime":460,"items_purged":["Doubt","Parasite"],"score":241,"play_id":"5e1578ef-7567-4991-8764-2fed0f149467","local_time":"20190311052312","is_ascension_mode":true,"campfire_choices":[{"data":"Thunderclap","floor":6,"key":"SMITH"},{"data":"Pommel Strike","floor":8,"key":"SMITH"},{"data":"Wild Strike","floor":15,"key":"SMITH"},{"data":"Twin Strike","floor":23,"key":"SMITH"}],"neow_cost":"NONE","seed_source_timestamp":254599180373970,"circlet_count":0,"master_deck":["Strike_R","Strike_R","Strike_R","Strike_R","Strike_R","Defend_R","Defend_R","Defend_R","Defend_R","Bash","Perfected Strike+1","Thunderclap+1","Wild Strike","Pommel Strike+1","Wild Strike+1","Demon Form","Pommel Strike","Heavy Blade","Twin Strike+1"],"relics":["Burning Blood","NeowsBlessing","Blue Candle","Blood Vial","Oddly Smooth Stone","Bronze Scales","White Beast Statue","Vajra"],"potions_floor_usage":[16,20,20,21,24,24],"damage_taken":[{"damage":0,"enemies":"Jaw Worm","floor":1,"turns":1},{"damage":0,"enemies":"2 Louse","floor":2,"turns":1},{"damage":0,"enemies":"Lagavulin","floor":7,"turns":1},{"damage":0,"enemies":"Small Slimes","floor":12,"turns":2},{"damage":5,"enemies":"Gremlin Gang","floor":13,"turns":3},{"damage":44,"enemies":"Hexaghost","floor":16,"turns":7},{"damage":22,"enemies":"Spheric Guardian","floor":18,"turns":4},{"damage":26,"enemies":"Shell Parasite","floor":20,"turns":3},{"damage":42,"enemies":"Snake Plant","floor":21,"turns":3},{"damage":37,"enemies":"Slavers","floor":24,"turns":3}],"seed_played":"6633048292581378376","potions_obtained":[{"floor":7,"key":"Block Potion"},{"floor":13,"key":"BloodPotion"},{"floor":16,"key":"Dexterity Potion"},{"floor":18,"key":"Regen Potion"},{"floor":20,"key":"SkillPotion"},{"floor":21,"key":"EssenceOfSteel"}],"is_trial":false,"path_per_floor":["M","M","?","$","?","R","E","R","T","?","$","M","M","$","R","B",null,"M","?","M","M","$","R","E"],"character_chosen":"IRONCLAD","items_purchased":["Wild Strike","Oddly Smooth Stone","Bronze Scales","Vajra"],"campfire_rested":0,"item_purchase_floors":[4,11,14,22],"current_hp_per_floor":[80,80,80,80,80,80,80,80,80,80,80,80,80,80,80,42,80,64,64,63,29,29,29,0],"gold":12,"neow_bonus":"THREE_ENEMY_KILL","is_prod":false,"is_daily":false,"chose_seed":false,"campfire_upgraded":4,"win_rate":0,"timestamp":1552306992,"path_taken":["M","M","?","?","?","R","E","R","T","?","?","M","M","$","R","BOSS","M","?","?","M","$","R","E"],"build_version":"2019-01-23","purchased_purges":2,"victory":false,"max_hp_per_floor":[80,80,80,80,80,80,80,80,80,80,80,80,80,80,80,80,80,80,80,80,80,77,77,77],"card_choices":[{"not_picked":["Clothesline","Hemokinesis"],"picked":"Perfected Strike","floor":1},{"not_picked":["Flex","Burning Pact"],"picked":"Thunderclap","floor":2},{"not_picked":["Barricade","Cleave"],"picked":"Pommel Strike","floor":7},{"not_picked":["Seeing Red","Havoc","Clothesline"],"picked":"SKIP","floor":12},{"not_picked":["Clothesline","Warcry"],"picked":"Wild Strike","floor":13},{"not_picked":["Offering","Immolate"],"picked":"Demon Form","floor":16},{"not_picked":["Body Slam+1","Iron Wave"],"picked":"Pommel Strike","floor":18},{"not_picked":["Clash","Evolve+1"],"picked":"Heavy Blade","floor":20},{"not_picked":["Armaments","Iron Wave"],"picked":"Twin Strike","floor":21}],"player_experience":324047,"relics_obtained":[{"floor":7,"key":"Blue Candle"},{"floor":9,"key":"Blood Vial"}],"event_choices":[{"damage_healed":0,"gold_gain":175,"player_choice":"AGREE","damage_taken":0,"max_hp_gain":0,"max_hp_loss":0,"event_name":"Liars Game","floor":3,"gold_loss":0,"cards_obtained":["Doubt"]},{"damage_healed":0,"gold_gain":0,"player_choice":"Grow","damage_taken":0,"max_hp_gain":0,"max_hp_loss":0,"event_name":"Living Wall","floor":5,"gold_loss":0,"cards_upgraded":["Perfected Strike"]},{"damage_healed":20,"gold_gain":0,"player_choice":"Healed and dodged fight","damage_taken":0,"max_hp_gain":0,"max_hp_loss":0,"event_name":"Mushrooms","floor":10,"gold_loss":0,"cards_obtained":["Parasite"]},{"damage_healed":0,"gold_gain":100,"player_choice":"Pray","damage_taken":0,"max_hp_gain":0,"max_hp_loss":0,"event_name":"Golden Shrine","floor":19,"gold_loss":0}],"is_beta":false,"boss_relics":[{"not_picked":["Fusion Hammer","Philosopher\u0027s Stone"],"picked":"White Beast Statue"}],"items_purged_floors":[11,22],"is_endless":false,"potions_floor_spawned":[7,13,16,18,20,21],"killed_by":"Slavers","ascension_level":2}