{"gold_per_floor":[17,17,17,27,27,27,38,72,121,121,121,155,167,52,52,52],"floor_reached":16,"playtime":687,"items_purged":["Strike_R"],"score":162,"play_id":"e106c972-22b1-4411-802d-ef2e0a2cf805","local_time":"20190130030218","is_ascension_mode":true,"campfire_choices":[{"data":"Armaments","floor":6,"key":"SMITH"},{"data":"Dropkick","floor":10,"key":"SMITH"},{"data":"True Grit","floor":15,"key":"SMITH"}],"neow_cost":"NO_GOLD","seed_source_timestamp":37801205862537,"circlet_count":0,"master_deck":["AscendersBane","Strike_R","Strike_R","Defend_R","Defend_R","Bash","Armaments+1","Burning Pact","Whirlwind","Dropkick+1","Uppercut","Shrug It Off","True Grit+1"],"relics":["Burning Blood","Lantern","Vajra","The Courier","Omamori"],"potions_floor_usage":[16,16,16],"damage_taken":[{"damage":10,"enemies":"Small Slimes","floor":1,"turns":4},{"damage":4,"enemies":"Jaw Worm","floor":4,"turns":4},{"damage":1,"enemies":"Cultist","floor":7,"turns":3},{"damage":55,"enemies":"Lagavulin","floor":8,"turns":6},{"damage":8,"enemies":"Gremlin Nob","floor":12,"turns":3},{"damage":1,"enemies":"Exordium Wildlife","floor":13,"turns":2},{"damage":34,"enemies":"Slime Boss","floor":16,"turns":9}],"seed_played":"5406974913013226361","potions_obtained":[{"floor":8,"key":"Ancient Potion"},{"floor":12,"key":"Explosive Potion"},{"floor":13,"key":"Fire Potion"}],"is_trial":false,"path_per_floor":["M","?","?","M","?","R","M","E","T","R","T","E","M","$","R","B"],"character_chosen":"IRONCLAD","items_purchased":["Shrug It Off","True Grit"],"campfire_rested":0,"item_purchase_floors":[14,14],"current_hp_per_floor":[68,68,73,75,75,75,80,31,31,31,31,29,34,34,34,0],"gold":52,"neow_bonus":"REMOVE_TWO","is_prod":false,"is_daily":false,"chose_seed":false,"campfire_upgraded":3,"win_rate":0,"timestamp":1548835338,"path_taken":["M","?","?","M","?","R","?","E","T","R","?","E","M","?","R","BOSS"],"build_version":"2019-01-23","purchased_purges":1,"victory":false,"max_hp_per_floor":[80,80,85,85,85,85,85,85,85,85,85,85,85,85,85,85],"card_choices":[{"not_picked":["Havoc","Anger"],"picked":"Armaments","floor":1},{"not_picked":["Evolve","Twin Strike"],"picked":"Burning Pact","floor":4},{"not_picked":["Headbutt","Sword Boomerang"],"picked":"Whirlwind","floor":7},{"not_picked":["Wild Strike","Perfected Strike"],"picked":"Dropkick","floor":8},{"not_picked":["Entrench","Burning Pact","Uppercut"],"picked":"SKIP","floor":12},{"not_picked":["Entrench","Burning Pact"],"picked":"Uppercut","floor":12},{"not_picked":["Searing Blow","Evolve","Feel No Pain"],"picked":"SKIP","floor":13}],"player_experience":300115,"relics_obtained":[{"floor":8,"key":"Lantern"},{"floor":9,"key":"Vajra"},{"floor":11,"key":"The Courier"},{"floor":12,"key":"Omamori"}],"event_choices":[{"cards_removed":["Strike_R"],"damage_healed":0,"gold_gain":0,"player_choice":"Forget","damage_taken":0,"max_hp_gain":0,"max_hp_loss":0,"event_name":"Living Wall","floor":2,"gold_loss":0},{"damage_healed":0,"gold_gain":0,"player_choice":"Donut","damage_taken":0,"max_hp_gain":5,"max_hp_loss":0,"event_name":"Big Fish","floor":3,"gold_loss":0},{"cards_removed":["Defend_R"],"damage_healed":0,"gold_gain":0,"player_choice":"Offered Basic","damage_taken":0,"max_hp_gain":0,"max_hp_loss":0,"event_name":"Bonfire Elementals","floor":5,"gold_loss":0}],"is_beta":true,"boss_relics":[],"items_purged_floors":[14],"is_endless":false,"potions_floor_spawned":[8,12,13],"killed_by":"Slime Boss","ascension_level":10}