{"path_per_floor":["M","M","M","M","$","E","R","?","T","?","E","M","R","$","R"],"character_chosen":"THE_SILENT","items_purchased":["Panacea","Outmaneuver","Flying Knee"],"gold_per_floor":[118,132,142,158,35,65,65,65,65,65,91,102,102,48,48],"floor_reached":16,"campfire_rested":1,"playtime":847,"current_hp_per_floor":[69,69,69,68,68,29,29,29,29,29,8,8,8,8,29],"items_purged":[],"gold":48,"score":116,"play_id":"7c72ee8f-110f-451b-92eb-0d05877847d1","local_time":"20180313030757","is_prod":false,"is_daily":false,"is_ascension_mode":true,"campfire_upgraded":1,"timestamp":1520924877,"path_taken":["M","M","M","M","$","E","R","?","T","?","E","M","R","$","R","BOSS"],"build_version":"2018-03-08-BETA","purchased_purges":0,"victory":false,"master_deck":["Defend_G","Defend_G","Defend_G","Defend_G","Defend_G","Strike_G+1","Strike_G+1","Strike_G","Strike_G","Survivor","Neutralize+1","Escape Plan","Calculated Gamble","Acrobatics","Leg Sweep","Panacea","Outmaneuver","Expertise","Unload","Backflip","Choke","Flying Knee"],"max_hp_per_floor":[70,70,70,70,70,70,70,70,70,70,70,70,70,70,70],"relics":["Ring of the Snake","Juzu Bracelet","Shovel","Whetstone","Pen Nib"],"card_choices":[{"not_picked":["Finisher","All Out Attack"],"picked":"Escape Plan"},{"not_picked":["All Out Attack","Reflex"],"picked":"Calculated Gamble"},{"not_picked":["Escape Plan","Reflex"],"picked":"Acrobatics"},{"not_picked":["Bane","Dagger Spray"],"picked":"Leg Sweep"},{"not_picked":["Quick Slash","Dagger Spray"],"picked":"Expertise"},{"not_picked":["Poisoned Stab","Flechettes"],"picked":"Backflip"},{"not_picked":["Dagger Throw","Acrobatics"],"picked":"Choke"}],"player_experience":57754,"potions_floor_usage":[4,6,6,16],"damage_taken":[{"damage":1,"enemies":"Cultist","floor":1,"turns":4},{"damage":0,"enemies":"2 Louse","floor":2,"turns":3},{"damage":0,"enemies":"Small Slimes","floor":3,"turns":3},{"damage":1,"enemies":"2 Fungi Beasts","floor":4,"turns":2},{"damage":39,"enemies":"Lagavulin","floor":6,"turns":12},{"damage":21,"enemies":"3 Sentries","floor":11,"turns":12},{"damage":0,"enemies":"Blue Slaver","floor":12,"turns":5},{"damage":30,"enemies":"Hexaghost","floor":16,"turns":12}],"event_choices":[{"event_name":"Liars Game","player_choice":"disagreed","floor":8,"damage_taken":0},{"event_name":"Living Wall","player_choice":"Change","floor":10,"damage_taken":0}],"boss_relics":[],"potions_floor_spawned":[1,3,4,6,12],"seed_played":"2591996973277424926","killed_by":"Hexaghost","ascension_level":1,"is_trial":false}