{"gold_per_floor":[110,137,137,147,147,180,180,15,15,25,56,206,206,232,232,232],"floor_reached":16,"playtime":506,"items_purged":[],"score":232,"play_id":"3f6832e4-43a9-4193-963d-d9cc8be2e1ff","local_time":"20190310111550","is_ascension_mode":true,"campfire_choices":[{"floor":7.0,"key":"REST"},{"floor":13,"key":"REST"},{"data":"1","floor":15,"key":"LIFT"}],"neow_cost":"NONE","seed_source_timestamp":286905129091947,"circlet_count":0,"master_deck":["AscendersBane","Defend_G","Defend_G","Defend_G","Defend_G","Defend_G","Strike_G","Strike_G","Strike_G","Strike_G","Survivor","Neutralize","Blur","Escape Plan","Die Die Die","Backstab","Doubt","Dodge and Roll"],"special_seed":0,"relics":["Fusion Hammer","Bag of Preparation","Ninja Scroll","Art of War","Sundial","Lantern","Girya"],"potions_floor_usage":[11,11],"damage_taken":[{"damage":2.0,"enemies":"Cultist","floor":1.0,"turns":5.0},{"damage":2.0,"enemies":"Jaw Worm","floor":4.0,"turns":5.0},{"damage":37.0,"enemies":"3 Sentries","floor":6.0,"turns":16.0},{"damage":0,"enemies":"Small Slimes","floor":10,"turns":2},{"damage":20,"enemies":"Gremlin Nob","floor":11,"turns":4},{"damage":15,"enemies":"3 Sentries","floor":14,"turns":9},{"damage":22,"enemies":"The Guardian","floor":16,"turns":6}],"seed_played":"-15637449467155717","potions_obtained":[{"floor":1.0,"key":"SpeedPotion"},{"floor":4.0,"key":"AttackPotion"},{"floor":6.0,"key":"Poison Potion"}],"is_trial":false,"path_per_floor":["M","T","?","M","?","E","R","$","T","M","E","?","R","E","R","B"],"character_chosen":"THE_SILENT","items_purchased":["Art of War"],"campfire_rested":2,"item_purchase_floors":[8],"current_hp_per_floor":[57,57,50,48,48,11,30,30,30,30,10,10,29,14,14,0],"gold":232,"neow_bonus":"BOSS_RELIC","is_prod":false,"is_daily":false,"chose_seed":false,"campfire_upgraded":0,"win_rate":0,"timestamp":1552230950,"path_taken":["M","?","?","?","?","E","R","$","T","M","E","?","R","E","R","BOSS"],"build_version":"2019-02-06","purchased_purges":0,"victory":false,"max_hp_per_floor":[66,66,66,66,66,66,66,66,66,66,66,66,66,66,66,66],"card_choices":[{"not_picked":["Eviscerate","Distraction"],"picked":"Blur","floor":1.0},{"not_picked":["Prepared","Deflect"],"picked":"Escape Plan","floor":4.0},{"not_picked":["Predator","Underhanded Strike"],"picked":"Die Die Die","floor":6.0},{"not_picked":["Underhanded Strike","Blade Dance","Slice"],"picked":"SKIP","floor":10},{"not_picked":["Blade Dance","Bane"],"picked":"Backstab","floor":11},{"not_picked":["Calculated Gamble","Expertise"],"picked":"Dodge and Roll","floor":14}],"player_experience":1069459,"relics_obtained":[{"floor":2.0,"key":"Bag of Preparation"},{"floor":6.0,"key":"Ninja Scroll"},{"floor":9,"key":"Sundial"},{"floor":11,"key":"Lantern"},{"floor":14,"key":"Girya"}],"event_choices":[{"cards_removed":["Strike_G"],"damage_healed":0.0,"max_hp_gain":0.0,"max_hp_loss":0.0,"gold_gain":0.0,"event_name":"Golden Wing","player_choice":"Card Removal","floor":3.0,"gold_loss":0.0,"damage_taken":7.0},{"damage_healed":0.0,"max_hp_gain":0.0,"max_hp_loss":0.0,"gold_gain":0.0,"event_name":"The Cleric","player_choice":"Leave","floor":5.0,"gold_loss":0.0,"damage_taken":0.0},{"damage_healed":0,"gold_gain":150,"player_choice":"AGREE","damage_taken":0,"max_hp_gain":0,"max_hp_loss":0,"event_name":"Liars Game","floor":12,"gold_loss":0,"cards_obtained":["Doubt"]}],"is_beta":true,"boss_relics":[],"items_purged_floors":[],"is_endless":false,"potions_floor_spawned":[1,4,6],"killed_by":"The Guardian","ascension_level":20}