{"gold_per_floor":[116,132,282,282,293,323,323,323,393,410,410,445,457,491,491,491],"floor_reached":16,"playtime":628,"items_purged":[],"score":222,"play_id":"bfdb68a4-a438-4763-9200-595a3decf681","local_time":"20181030194617","is_ascension_mode":true,"campfire_choices":[{"floor":7,"key":"REST"},{"floor":11,"key":"REST"},{"data":"Defragment","floor":15,"key":"SMITH"}],"neow_cost":"NONE","seed_source_timestamp":38298292424094,"circlet_count":0,"master_deck":["Strike_B","Strike_B","Strike_B","Strike_B","Defend_B","Defend_B","Defend_B","Defend_B","Zap+1","Dualcast","AscendersBane","Glacier","Cold Snap","Doubt","Sweeping Beam","Reinforced Body","BootSequence","Melter","Defragment+1","Conserve Battery"],"special_seed":0,"relics":["Cracked Core","Oddly Smooth Stone","Smiling Mask","Matryoshka","WingedGreaves","Potion Belt"],"potions_floor_usage":[6,12,16],"damage_taken":[{"damage":0.0,"enemies":"Cultist","floor":1.0,"turns":4.0},{"damage":0.0,"enemies":"2 Louse","floor":2.0,"turns":3.0},{"damage":6,"enemies":"Jaw Worm","floor":5,"turns":3},{"damage":35,"enemies":"Gremlin Nob","floor":6,"turns":6},{"damage":5,"enemies":"Blue Slaver","floor":10,"turns":4},{"damage":14,"enemies":"Lagavulin","floor":12,"turns":9},{"damage":5,"enemies":"Exordium Wildlife","floor":13,"turns":3},{"damage":12,"enemies":"3 Sentries","floor":14,"turns":7},{"damage":20,"enemies":"Hexaghost","floor":16,"turns":14}],"seed_played":"5663341500970663483","potions_obtained":[{"floor":1.0,"key":"Block Potion"},{"floor":6,"key":"PowerPotion"},{"floor":10,"key":"Dexterity Potion"},{"floor":14,"key":"FearPotion"}],"is_trial":false,"path_per_floor":["M","M","?","T","M","E","R","?","T","M","R","E","M","E","R"],"character_chosen":"DEFECT","items_purchased":[],"campfire_rested":2,"item_purchase_floors":[],"current_hp_per_floor":[64,64,64,64,58,23,44,44,44,39,60,46,41,29,29,9],"gold":491,"neow_bonus":"UPGRADE_CARD","is_prod":false,"is_daily":false,"chose_seed":false,"campfire_upgraded":1,"win_rate":0,"timestamp":1540943177,"path_taken":["M","?","?","?","M","E","R","?","T","?","R","E","M","E","R","BOSS"],"build_version":"2018-10-29v2","purchased_purges":0,"victory":false,"max_hp_per_floor":[71,71,71,71,71,71,71,71,71,71,71,71,71,71,71,71],"card_choices":[{"not_picked":["Reinforced Body","Fusion"],"picked":"Glacier","floor":1.0},{"not_picked":["Skim","Steam Power"],"picked":"Cold Snap","floor":2.0},{"not_picked":["Tempest","Steam"],"picked":"Sweeping Beam","floor":5},{"not_picked":["Turbo","Darkness"],"picked":"Reinforced Body","floor":6},{"not_picked":["Echo Form","Stack"],"picked":"BootSequence","floor":10},{"not_picked":["Turbo","Gash"],"picked":"Melter","floor":12},{"not_picked":["Coolheaded","Fusion"],"picked":"Defragment","floor":13},{"not_picked":["Ball Lightning","Compile Driver"],"picked":"Conserve Battery","floor":14}],"player_experience":788523,"relics_obtained":[{"floor":4.0,"key":"Oddly Smooth Stone"},{"floor":6,"key":"Smiling Mask"},{"floor":9,"key":"Matryoshka"},{"floor":12,"key":"WingedGreaves"},{"floor":14,"key":"Potion Belt"}],"event_choices":[{"damage_healed":0.0,"max_hp_gain":0.0,"max_hp_loss":0.0,"gold_gain":150.0,"event_name":"Liars Game","player_choice":"AGREE","floor":3.0,"gold_loss":0.0,"damage_taken":0.0,"cards_obtained":["Doubt"]},{"damage_healed":0,"gold_gain":0,"player_choice":"Ignored","damage_taken":0,"max_hp_gain":0,"max_hp_loss":0,"event_name":"Golden Idol","floor":8,"gold_loss":0}],"is_beta":true,"boss_relics":[],"items_purged_floors":[],"is_endless":false,"potions_floor_spawned":[1,6,10,14],"killed_by":"Hexaghost","ascension_level":17}