{"gold_per_floor":[119,269,284,303,316,316,152,152,175,203,203,213,228,259,259,259],"floor_reached":16,"playtime":563,"items_purged":["Doubt"],"score":224,"play_id":"cfe46713-93d6-4f77-a44b-8ab11a8d664d","local_time":"20181118125931","is_ascension_mode":true,"campfire_choices":[{"data":"Static Discharge","floor":6,"key":"SMITH"},{"data":"Sunder","floor":8,"key":"SMITH"},{"floor":15,"key":"REST"}],"neow_cost":"NONE","seed_source_timestamp":320493645366479,"circlet_count":0,"master_deck":["AscendersBane","Strike_B","Strike_B","Strike_B","Strike_B","Defend_B","Defend_B","Defend_B","Defend_B","Zap","Dualcast","Static Discharge+1","Lockon","Leap","White Noise","Sunder+1","Sweeping Beam","Loop","FTL","Amplify"],"relics":["Cracked Core","Anchor","Dream Catcher","Question Card"],"potions_floor_usage":[10,10,14,16,16],"damage_taken":[{"damage":7,"enemies":"Small Slimes","floor":1,"turns":3},{"damage":6,"enemies":"2 Louse","floor":3,"turns":4},{"damage":1,"enemies":"Cultist","floor":4,"turns":3},{"damage":6,"enemies":"Blue Slaver","floor":5,"turns":4},{"damage":2,"enemies":"Gremlin Nob","floor":10,"turns":3},{"damage":0,"enemies":"Red Slaver","floor":12,"turns":2},{"damage":0,"enemies":"2 Fungi Beasts","floor":13,"turns":2},{"damage":25,"enemies":"Lagavulin","floor":14,"turns":6},{"damage":30,"enemies":"The Guardian","floor":16,"turns":8}],"seed_played":"-8078677771239601417","potions_obtained":[{"floor":3,"key":"FearPotion"},{"floor":4,"key":"SkillPotion"},{"floor":12,"key":"SpeedPotion"},{"floor":13,"key":"PowerPotion"},{"floor":14,"key":"Block Potion"}],"is_trial":false,"path_per_floor":["M","?","M","M","M","R","$","R","T","E","?","M","M","E","R","B"],"character_chosen":"DEFECT","items_purchased":["Sunder"],"campfire_rested":1,"item_purchase_floors":[7],"current_hp_per_floor":[64,64,58,57,51,51,51,51,51,49,38,38,38,13,36,6],"gold":259,"neow_bonus":"TEN_PERCENT_HP_BONUS","is_prod":false,"is_daily":false,"chose_seed":false,"campfire_upgraded":2,"win_rate":0,"timestamp":1542563971,"path_taken":["M","?","M","M","M","R","$","R","T","E","?","M","M","E","R","BOSS"],"build_version":"2018-11-15","purchased_purges":1,"victory":false,"max_hp_per_floor":[78,78,78,78,78,78,78,78,78,78,78,78,78,78,78,78],"card_choices":[{"not_picked":["Leap","Scrape"],"picked":"Static Discharge","floor":1},{"not_picked":["Heatsinks","Gash"],"picked":"Lockon","floor":3},{"not_picked":["Beam Cell","Skim"],"picked":"Leap","floor":4},{"not_picked":["Storm","Compile Driver"],"picked":"White Noise","floor":5},{"not_picked":["Sunder","Tempest"],"picked":"Sweeping Beam","floor":10},{"not_picked":["Redo","Hello World"],"picked":"Loop","floor":12},{"not_picked":["Chaos","Gash"],"picked":"FTL","floor":13},{"not_picked":["Consume","Blizzard"],"picked":"Amplify","floor":14}],"player_experience":885936,"relics_obtained":[{"floor":9,"key":"Anchor"},{"floor":10,"key":"Dream Catcher"},{"floor":14,"key":"Question Card"}],"event_choices":[{"damage_healed":0,"gold_gain":150,"player_choice":"AGREE","damage_taken":0,"max_hp_gain":0,"max_hp_loss":0,"event_name":"Liars Game","floor":2,"gold_loss":0,"cards_obtained":["Doubt"]},{"damage_healed":0,"gold_gain":0,"player_choice":"Damaged","damage_taken":11,"max_hp_gain":0,"max_hp_loss":0,"event_name":"Wheel of Change","floor":11,"gold_loss":0}],"is_beta":true,"boss_relics":[],"items_purged_floors":[7],"is_endless":false,"potions_floor_spawned":[3,4,12,13,14],"killed_by":"The Guardian","ascension_level":20}