{"gold_per_floor":[115,115,126,126,138,138,171,187,233,233],"floor_reached":10,"playtime":376,"items_purged":[],"score":68,"play_id":"798f7ce5-4bc8-4254-975f-4aea9f5d5388","local_time":"20190203053349","is_ascension_mode":false,"campfire_choices":[{"data":"Corruption","floor":6,"key":"SMITH"}],"neow_cost":"NONE","seed_source_timestamp":599962180063877,"circlet_count":0,"master_deck":["Strike_R","Strike_R","Strike_R","Strike_R","Defend_R","Defend_R","Defend_R","Defend_R","Bash+1","Corruption+1","Iron Wave","Iron Wave","Carnage"],"relics":["Burning Blood","Anchor","Letter Opener","Regal Pillow"],"potions_floor_usage":[7,10],"damage_taken":[{"damage":0,"enemies":"2 Louse","floor":1,"turns":3},{"damage":5,"enemies":"Small Slimes","floor":3,"turns":4},{"damage":4,"enemies":"Cultist","floor":5,"turns":4},{"damage":56,"enemies":"3 Sentries","floor":7,"turns":12},{"damage":5,"enemies":"3 Louse","floor":8,"turns":6},{"damage":36,"enemies":"Lagavulin","floor":10,"turns":5}],"seed_played":"-3334224501177821282","potions_obtained":[{"floor":1,"key":"Ancient Potion"},{"floor":8,"key":"EssenceOfSteel"}],"is_trial":false,"path_per_floor":["M","?","M","?","M","R","E","M","T","E"],"character_chosen":"IRONCLAD","items_purchased":[],"campfire_rested":0,"item_purchase_floors":[],"current_hp_per_floor":[80,80,80,80,80,80,30,31,31,0],"gold":233,"neow_bonus":"RANDOM_COMMON_RELIC","is_prod":false,"is_daily":false,"chose_seed":false,"campfire_upgraded":1,"win_rate":0,"timestamp":1549200829,"path_taken":["M","?","M","?","M","R","E","M","T","E"],"build_version":"2019-01-23","purchased_purges":0,"victory":false,"max_hp_per_floor":[80,80,80,80,80,80,80,80,80,80],"card_choices":[{"not_picked":["Dropkick","Clash","Warcry"],"picked":"SKIP","floor":1},{"not_picked":["Hemokinesis","Wild Strike"],"picked":"Corruption","floor":3},{"not_picked":["Sever Soul","Headbutt"],"picked":"Iron Wave","floor":5},{"not_picked":["Reckless Charge","Demon Form"],"picked":"Iron Wave","floor":7},{"not_picked":["Iron Wave","Anger"],"picked":"Carnage","floor":8}],"player_experience":237614,"relics_obtained":[{"floor":7,"key":"Letter Opener"},{"floor":9,"key":"Regal Pillow"}],"event_choices":[{"damage_healed":0,"gold_gain":0,"player_choice":"Grow","damage_taken":0,"max_hp_gain":0,"max_hp_loss":0,"event_name":"Living Wall","floor":2,"gold_loss":0,"cards_upgraded":["Bash"]},{"cards_removed":["Strike_R"],"damage_healed":0,"gold_gain":0,"player_choice":"Purged","damage_taken":0,"max_hp_gain":0,"max_hp_loss":0,"event_name":"Purifier","floor":4,"gold_loss":0}],"is_beta":false,"boss_relics":[],"items_purged_floors":[],"is_endless":false,"potions_floor_spawned":[1,8],"killed_by":"Lagavulin","ascension_level":0}