{"gold_per_floor":[119,194,194,210,210,238,238,256,256,256,271,283,283,32,32,109,109,123,137,52,52,69,96,96,124,147,176,176,176,204,216,216,290,290,303,33,43,43,55,55,55,55,55,80,80,90,90,105,105,105,105],"floor_reached":51,"playtime":2762,"items_purged":["Regret","Clumsy"],"score":1431,"play_id":"49887388-4e19-476b-8e90-abad657c8775","local_time":"20180922034547","is_ascension_mode":true,"campfire_choices":[{"floor":7.0,"key":"REST"},{"data":"Streamline","floor":10.0,"key":"SMITH"},{"data":"Buffer","floor":13.0,"key":"SMITH"},{"floor":15.0,"key":"REST"},{"floor":24,"key":"REST"},{"floor":28,"key":"REST"},{"floor":32,"key":"REST"},{"data":"Consume","floor":40,"key":"SMITH"},{"data":"Coolheaded","floor":42,"key":"SMITH"},{"data":"Coolheaded","floor":45,"key":"SMITH"},{"data":"Loop","floor":47,"key":"SMITH"},{"floor":49,"key":"REST"}],"neow_cost":"CURSE","seed_source_timestamp":756731459230363,"circlet_count":0,"master_deck":["Strike_B+1","Strike_B","Strike_B","Strike_B+1","Defend_B","Defend_B","Defend_B","Defend_B","Zap","Dualcast","AscendersBane","Undo","Streamline+1","Biased Cognition","Coolheaded+1","Self Repair","Buffer+1","Electrodynamics","Consume+1","Cold Snap","Coolheaded+1","Sweeping Beam+1","Cold Snap","Stack","Cold Snap","Cold Snap","Recycle+1","Loop+1"],"special_seed":0,"relics":["FrozenCore","Bronze Scales","Anchor","Potion Belt","Bottled Flame","Regal Pillow","Inserter","Mummified Hand","Whetstone","Omamori","Ancient Tea Set","Juzu Bracelet","Emotion Chip","Symbiotic Virus","Unceasing Top","Meat on the Bone","Boot"],"potions_floor_usage":[23,23,27,27,27,39,44,44,50,51],"damage_taken":[{"damage":3.0,"enemies":"2 Louse","floor":1.0,"turns":3.0},{"damage":7.0,"enemies":"Jaw Worm","floor":4.0,"turns":3.0},{"damage":35.0,"enemies":"3 Sentries","floor":6.0,"turns":11.0},{"damage":5.0,"enemies":"Small Slimes","floor":8.0,"turns":3.0},{"damage":3.0,"enemies":"Exordium Wildlife","floor":11.0,"turns":3.0},{"damage":7.0,"enemies":"Looter","floor":12.0,"turns":2.0},{"damage":21,"enemies":"Slime Boss","floor":16,"turns":12},{"damage":18,"enemies":"Shell Parasite","floor":18,"turns":7},{"damage":24,"enemies":"Chosen","floor":19,"turns":7},{"damage":5,"enemies":"3 Cultists","floor":22,"turns":4},{"damage":25,"enemies":"Slavers","floor":23,"turns":3},{"damage":30,"enemies":"Gremlin Leader","floor":25,"turns":6},{"damage":3,"enemies":"Book of Stabbing","floor":27,"turns":5},{"damage":17,"enemies":"Slavers","floor":30,"turns":3},{"damage":25,"enemies":"Shelled Parasite and Fungi","floor":31,"turns":5},{"damage":56,"enemies":"Automaton","floor":33,"turns":15},{"damage":27,"enemies":"3 Darklings","floor":35,"turns":6},{"damage":8,"enemies":"3 Shapes","floor":37,"turns":4},{"damage":13,"enemies":"Spire Growth","floor":39,"turns":7},{"damage":0,"enemies":"Mind Bloom Boss Battle","floor":41,"turns":11},{"damage":20,"enemies":"2 Orb Walkers","floor":44,"turns":5},{"damage":0,"enemies":"Sphere and 2 Shapes","floor":46,"turns":4},{"damage":13,"enemies":"3 Darklings","floor":48,"turns":5},{"damage":71,"enemies":"Time Eater","floor":50,"turns":35},{"damage":41,"enemies":"Donu and Deca","floor":51,"turns":6}],"seed_played":"-717410525213185473","potions_obtained":[{"floor":4.0,"key":"SpeedPotion"},{"floor":6.0,"key":"EssenceOfSteel"},{"floor":8.0,"key":"SneckoOil"},{"floor":16,"key":"FearPotion"},{"floor":22,"key":"SkillPotion"},{"floor":25,"key":"AttackPotion"},{"floor":31,"key":"GamblersBrew"},{"floor":39,"key":"Swift Potion"},{"floor":48,"key":"Fire Potion"}],"is_trial":false,"path_per_floor":["M","?","T","M","?","E","R","M","T","R","M","M","R","$","R","B",null,"M","M","?","T","M","E","R","E","T","E","R","?","E","M","R","B",null,"M","$","M","?","M","R","?","R","T","E","R","M","R","M","R","B"],"character_chosen":"DEFECT","items_purchased":["Regal Pillow","Fire Potion","Explosive Potion","Dexterity Potion"],"campfire_rested":6,"item_purchase_floors":[14,36,36,36],"current_hp_per_floor":[75,64,64,57,57,22,47,42,42,42,39,32,32,32,72,58,78,67,43,43,43,38,20,60,30,30,34,74,74,64,46,85,36,73,53,53,52,69,63,63,70,70,70,57,57,64,64,58,85,33,0],"gold":105,"neow_bonus":"TWENTY_PERCENT_HP_BONUS","is_prod":false,"is_daily":false,"chose_seed":false,"campfire_upgraded":6,"win_rate":0,"timestamp":1537602347,"path_taken":["M","?","?","M","?","E","R","M","T","R","M","M","R","?","R","BOSS","M","?","?","?","?","E","R","E","T","E","R","?","E","M","R","BOSS","M","$","M","?","M","R","?","R","T","E","R","M","R","M","R","BOSS","BOSS"],"build_version":"2018-09-20","purchased_purges":2,"victory":false,"max_hp_per_floor":[85,85,85,85,85,85,85,85,85,85,85,85,85,85,85,85,85,85,85,85,85,85,85,85,85,85,85,85,85,85,85,85,85,85,85,85,85,85,85,85,85,85,85,85,85,85,85,85,85,85,85],"card_choices":[{"not_picked":["Gash","Rebound"],"picked":"Undo","floor":1.0},{"not_picked":["Gash","Rebound"],"picked":"Streamline","floor":4.0},{"not_picked":["Hologram","Barrage"],"picked":"Biased Cognition","floor":6.0},{"not_picked":["Stack","Rebound"],"picked":"Coolheaded","floor":8.0},{"not_picked":["Barrage","Glacier"],"picked":"Self Repair","floor":11.0},{"not_picked":["Sunder","Fusion"],"picked":"Buffer","floor":12.0},{"not_picked":["Fission","All For One"],"picked":"Electrodynamics","floor":16},{"not_picked":["Reprogram","Stack"],"picked":"Consume","floor":18},{"not_picked":["Stack","Steam+1"],"picked":"Cold Snap","floor":19},{"not_picked":["Capacitor","Sweeping Beam"],"picked":"Coolheaded","floor":22},{"not_picked":["Creative AI","Melter"],"picked":"Sweeping Beam+1","floor":23},{"not_picked":["Heatsinks","Redo","Doom and Gloom"],"picked":"SKIP","floor":25},{"not_picked":["Amplify","Compile Driver","Barrage"],"picked":"SKIP","floor":27},{"not_picked":["Steam Power","Sunder"],"picked":"Stack","floor":30},{"not_picked":["Barrage","Steam+1","Auto Shields+1"],"picked":"SKIP","floor":31},{"not_picked":["Leap","Turbo","Barrage+1"],"picked":"SKIP","floor":35},{"not_picked":["Sweeping Beam","Go for the Eyes"],"picked":"Cold Snap","floor":37},{"not_picked":["Compile Driver","Ball Lightning"],"picked":"Cold Snap","floor":39},{"not_picked":["Tempest","Thunder Strike"],"picked":"Recycle+1","floor":44},{"not_picked":["Scrape","Barrage"],"picked":"Loop","floor":46},{"not_picked":["Steam","Barrage+1","Gash"],"picked":"SKIP","floor":48}],"player_experience":885839,"relics_obtained":[{"floor":3.0,"key":"Bronze Scales"},{"floor":6.0,"key":"Potion Belt"},{"floor":9.0,"key":"Bottled Flame"},{"floor":21,"key":"Whetstone"},{"floor":23,"key":"Omamori"},{"floor":25,"key":"Ancient Tea Set"},{"floor":26,"key":"Juzu Bracelet"},{"floor":27,"key":"Emotion Chip"},{"floor":30,"key":"Symbiotic Virus"},{"floor":41,"key":"Unceasing Top"},{"floor":43,"key":"Meat on the Bone"},{"floor":44,"key":"Boot"}],"event_choices":[{"event_name":"World of Goop","player_choice":"Gather Gold","floor":2.0,"damage_taken":0.0},{"event_name":"Big Fish","player_choice":"Box","floor":5.0,"damage_taken":0.0},{"event_name":"Addict","player_choice":"Obtained Relic","floor":20,"damage_taken":0},{"event_name":"The Library","player_choice":"Read","floor":29,"damage_taken":0},{"event_name":"Winding Halls","player_choice":"Writhe","floor":38,"damage_taken":0},{"event_name":"MindBloom","player_choice":"Fight","floor":41,"damage_taken":0}],"is_beta":false,"boss_relics":[{"not_picked":["Empty Cage","Black Star"],"picked":"Inserter"},{"not_picked":["Busted Crown","Eternal Feather"],"picked":"FrozenCore"}],"items_purged_floors":[14,36],"is_endless":false,"potions_floor_spawned":[4,6,8,16,22,25,31,37,39,41,48],"killed_by":"Donu and Deca","ascension_level":20}