{"gold_per_floor":[113,113,125,10,10,43,43,43,43,43,43,66,104,125,125,254,254,269,269,11,34,53,93,93,116,171,212,212,55,55,55,55,184,184,202,202,535,546,243,243,256,256,281,281,281,314,314,345,357,369,381,393,11,40,40],"floor_reached":56,"playtime":4607,"items_purged":["Strike_B"],"score":1524,"play_id":"aa8f4fdf-01e2-4e97-b614-2a4a09c286d8","local_time":"20181122002743","is_ascension_mode":true,"campfire_choices":[{"data":"Zap","floor":8.0,"key":"SMITH"},{"floor":15.0,"key":"REST"},{"data":"Consume","floor":24.0,"key":"SMITH"},{"data":"Creative AI","floor":28.0,"key":"SMITH"},{"data":"Capacitor","floor":30.0,"key":"SMITH"},{"floor":32.0,"key":"RECALL"},{"data":"Hologram","floor":40.0,"key":"SMITH"},{"data":"Streamline","floor":42.0,"key":"SMITH"},{"data":"Meteor Strike","floor":44.0,"key":"SMITH"},{"data":"The Bomb","floor":49.0,"key":"SMITH"},{"data":"Loop","floor":52,"key":"SMITH"}],"neow_cost":"NONE","seed_source_timestamp":0,"circlet_count":0,"master_deck":["Strike_B","Strike_B","Defend_B","Defend_B","Defend_B","Defend_B","Zap+1","Dualcast+1","Coolheaded+1","FTL","All For One","Streamline+1","Core Surge","Capacitor+1","Undo","Loop+1","Creative AI+1","Conserve Battery","Consume+1","Cold Snap","Double Energy","Meteor Strike+1","Redo","Compile Driver+1","Hologram+1","The Bomb+1","Stack+1","All For One","Glacier+1","Meteor Strike+1"],"special_seed":0,"relics":["Cracked Core","NeowsBlessing","Pantograph","Oddly Smooth Stone","Bottled Lightning","Bird Faced Urn","Nuclear Battery","Sundial","Ancient Tea Set","Tiny Chest","Blood Vial","Bronze Scales","Snecko Eye","Juzu Bracelet","Gambling Chip","Turnip","MawBank","DollysMirror","Regal Pillow"],"potions_floor_usage":[50,50,50,55,55,55],"damage_taken":[{"damage":0.0,"enemies":"Cultist","floor":1.0,"turns":1.0},{"damage":0.0,"enemies":"Small Slimes","floor":3.0,"turns":1.0},{"damage":0.0,"enemies":"3 Sentries","floor":6.0,"turns":1.0},{"damage":4.0,"enemies":"Jaw Worm","floor":12.0,"turns":2.0},{"damage":20.0,"enemies":"Lagavulin","floor":13.0,"turns":7.0},{"damage":0.0,"enemies":"Exordium Wildlife","floor":14.0,"turns":2.0},{"damage":39.0,"enemies":"Hexaghost","floor":16.0,"turns":8.0},{"damage":6.0,"enemies":"3 Byrds","floor":18.0,"turns":4.0},{"damage":6.0,"enemies":"Chosen","floor":21.0,"turns":5.0},{"damage":18.0,"enemies":"Shelled Parasite and Fungi","floor":22.0,"turns":7.0},{"damage":25.0,"enemies":"Book of Stabbing","floor":23.0,"turns":6.0},{"damage":3.0,"enemies":"Snecko","floor":25.0,"turns":5.0},{"damage":40.0,"enemies":"Slavers","floor":27.0,"turns":9.0},{"damage":34.0,"enemies":"Automaton","floor":33.0,"turns":9.0},{"damage":9.0,"enemies":"Orb Walker","floor":35.0,"turns":2.0},{"damage":32.0,"enemies":"3 Darklings","floor":38.0,"turns":6.0},{"damage":8.0,"enemies":"Transient","floor":41.0,"turns":3.0},{"damage":21.0,"enemies":"Giant Head","floor":46.0,"turns":8.0},{"damage":5.0,"enemies":"Jaw Worm Horde","floor":48.0,"turns":3.0},{"damage":31,"enemies":"Time Eater","floor":50,"turns":7},{"damage":0,"enemies":"Shield and Spear","floor":54,"turns":3},{"damage":14,"enemies":"The Heart","floor":55,"turns":9}],"seed_played":"-46064096608301079","potions_obtained":[{"floor":1.0,"key":"LiquidBronze"},{"floor":3.0,"key":"AttackPotion"},{"floor":12.0,"key":"FocusPotion"},{"floor":13.0,"key":"Swift Potion"},{"floor":21.0,"key":"Explosive Potion"},{"floor":22.0,"key":"Swift Potion"},{"floor":25.0,"key":"AttackPotion"},{"floor":27.0,"key":"SteroidPotion"},{"floor":41.0,"key":"Weak Potion"},{"floor":46.0,"key":"Energy Potion"}],"is_trial":false,"path_per_floor":["M","T","M","$","?","E","?","R","T","$","$","M","E","M","R","B",null,"M","?","$","M","M","E","R","M","T","E","R","$","R","?","R","B",null,"M","T","?","M","$","R","M","R","T","R","T","E","T","M","R","B",null,"R","$","E","B",null],"character_chosen":"DEFECT","items_purchased":["All For One","Streamline","Sundial","Bronze Scales","Hologram","The Bomb","SpeedPotion","DollysMirror","LiquidBronze","Ancient Potion"],"campfire_rested":1,"item_purchase_floors":[4,4,20,29,39,39,53,53,53,53],"current_hp_per_floor":[75,75,75,75,68,68,50,50,50,50,50,46,26,26,48,38,66,68,68,68,71,69,54,54,61,61,49,49,49,49,49,49,49,69,64,64,64,60,60,60,58,58,58,58,58,49,49,54,54,56,70,70,70,75,75],"gold":40,"neow_bonus":"THREE_ENEMY_KILL","is_prod":false,"is_daily":false,"chose_seed":false,"campfire_upgraded":9,"win_rate":0,"timestamp":1542864463,"path_taken":["M","?","?","$","?","E","?","R","T","?","$","?","E","M","R","BOSS","M","?","$","M","M","E","R","?","T","E","R","$","R","?","R","BOSS","M","?","?","M","$","R","M","R","T","R","?","E","?","M","R","BOSS","R","$","E","BOSS"],"build_version":"2018-11-15","purchased_purges":1,"victory":true,"max_hp_per_floor":[75,75,75,75,75,75,75,75,75,75,75,75,75,75,75,75,75,75,75,75,75,75,75,75,75,75,75,75,75,75,75,75,75,75,75,75,75,75,75,75,75,75,75,75,75,75,75,75,75,75,75,75,75,75,75],"card_choices":[{"not_picked":["Darkness","Rebound"],"picked":"Coolheaded","floor":1.0},{"not_picked":["Barrage","Turbo"],"picked":"FTL","floor":3.0},{"not_picked":["Static Discharge","Chaos"],"picked":"Core Surge","floor":6.0},{"not_picked":["Barrage","Darkness"],"picked":"Capacitor","floor":12.0},{"not_picked":["Force Field","Hello World"],"picked":"Undo","floor":13.0},{"not_picked":["Sweeping Beam","Rebound"],"picked":"Loop","floor":14.0},{"not_picked":["Reboot","Buffer"],"picked":"Creative AI","floor":16.0},{"not_picked":["Cold Snap","Darkness+1"],"picked":"Conserve Battery","floor":18.0},{"not_picked":["Beam Cell","Turbo","Auto Shields"],"picked":"SKIP","floor":21.0},{"not_picked":["Steam","Scrape","Barrage+1"],"picked":"SKIP","floor":22.0},{"not_picked":["Sunder","Machine Learning"],"picked":"Consume","floor":23.0},{"not_picked":["Double Energy+1","Genetic Algorithm"],"picked":"Cold Snap","floor":25.0},{"not_picked":["Tempest","Ball Lightning+1"],"picked":"Double Energy","floor":27.0},{"not_picked":["Thunder Strike","All For One"],"picked":"Meteor Strike","floor":33.0},{"not_picked":["Conserve Battery+1","Self Repair+1"],"picked":"Redo","floor":35.0},{"not_picked":["Darkness+1","Leap+1"],"picked":"Compile Driver+1","floor":38.0},{"not_picked":["Genetic Algorithm","Go for the Eyes"],"picked":"Stack+1","floor":41.0},{"not_picked":["FTL","Streamline"],"picked":"All For One","floor":46.0},{"not_picked":["Scrape+1","Leap+1"],"picked":"Glacier+1","floor":48.0},{"not_picked":["Leap","Turbo+1","Fusion+1"],"picked":"SKIP","floor":54}],"player_experience":213807,"relics_obtained":[{"floor":2.0,"key":"Pantograph"},{"floor":6.0,"key":"Oddly Smooth Stone"},{"floor":9.0,"key":"Bottled Lightning"},{"floor":13.0,"key":"Bird Faced Urn"},{"floor":23.0,"key":"Ancient Tea Set"},{"floor":26.0,"key":"Tiny Chest"},{"floor":27.0,"key":"Blood Vial"},{"floor":43.0,"key":"Juzu Bracelet"},{"floor":45.0,"key":"Gambling Chip"},{"floor":46.0,"key":"Turnip"},{"floor":47.0,"key":"MawBank"},{"floor":54,"key":"Regal Pillow"}],"event_choices":[{"cards_removed":["Strike_B"],"damage_healed":0.0,"max_hp_gain":0.0,"max_hp_loss":0.0,"gold_gain":0.0,"event_name":"Golden Wing","player_choice":"Card Removal","floor":5.0,"gold_loss":0.0,"damage_taken":7.0},{"damage_healed":0.0,"max_hp_gain":0.0,"max_hp_loss":0.0,"gold_gain":0.0,"event_name":"Golden Idol","player_choice":"Take Damage","floor":7.0,"gold_loss":0.0,"damage_taken":18.0,"relics_obtained":["Golden Idol"]},{"damage_healed":0.0,"max_hp_gain":0.0,"max_hp_loss":0.0,"gold_gain":0.0,"event_name":"Upgrade Shrine","player_choice":"Upgraded","floor":19.0,"gold_loss":0.0,"damage_taken":0.0,"cards_upgraded":["Dualcast"]},{"damage_healed":0.0,"max_hp_gain":0.0,"max_hp_loss":0.0,"gold_gain":0.0,"event_name":"Accursed Blacksmith","player_choice":"Forge","floor":31.0,"gold_loss":0.0,"damage_taken":0.0,"cards_upgraded":["Coolheaded"]},{"damage_healed":0.0,"max_hp_gain":0.0,"max_hp_loss":0.0,"gold_gain":333.0,"event_name":"The Moai Head","player_choice":"Gave Idol","floor":37.0,"relics_lost":["Golden Idol"],"gold_loss":0.0,"damage_taken":0.0}],"is_beta":false,"boss_relics":[{"not_picked":["Fusion Hammer","Empty Cage"],"picked":"Nuclear Battery"},{"not_picked":["Velvet Choker","FrozenCore"],"picked":"Snecko Eye"}],"items_purged_floors":[39],"is_endless":false,"potions_floor_spawned":[1,3,12,13,21,22,25,27,41,46,48,54],"ascension_level":5}