{"gold_per_floor":[113,123,189,189,29,29,58,0,24,24,40,40,71,91,91,190,190,206,206,220,220,301,301,320,320,347,347,372,372,385,60,60,156,156,173,193,75,75,75,75],"floor_reached":40,"playtime":1102,"items_purged":["Strike_R"],"score":476,"play_id":"0f9c4c00-5089-453f-8220-786ac20e28ed","local_time":"20190320040425","is_ascension_mode":true,"campfire_choices":[{"data":"Reaper","floor":6,"key":"SMITH"},{"data":"Madness","floor":10,"key":"SMITH"},{"data":"Demon Form","floor":15,"key":"SMITH"},{"data":"Reaper","floor":23,"key":"SMITH"},{"data":"Uppercut","floor":25,"key":"SMITH"},{"floor":27,"key":"RECALL"},{"floor":29,"key":"REST"},{"floor":32,"key":"REST"}],"neow_cost":"PERCENT_DAMAGE","seed_source_timestamp":328504081195485,"circlet_count":0,"master_deck":["Strike_R","Strike_R","Strike_R","Strike_R","Defend_R","Defend_R","Defend_R","Defend_R","Bash","Reaper+1","Uppercut+1","Headbutt","Madness+1","Clash","Demon Form+1","Cleave","Immolate","Reaper+1","Shrug It Off","Madness","Demon Form","Corruption+1","Madness","Madness"],"relics":["Burning Blood","The Courier","Bronze Scales","Lantern","White Beast Statue","Omamori","Self Forming Clay","Meat on the Bone","Red Skull","Blood Vial","Busted Crown","PreservedInsect"],"potions_floor_usage":[7,7,13,13,18,28,28,30,33,33,35,36,40],"damage_taken":[{"damage":3,"enemies":"Jaw Worm","floor":1,"turns":5},{"damage":7,"enemies":"Small Slimes","floor":2,"turns":3},{"damage":36,"enemies":"3 Sentries","floor":7,"turns":8},{"damage":0,"enemies":"2 Louse","floor":11,"turns":2},{"damage":15,"enemies":"Lagavulin","floor":13,"turns":3},{"damage":0,"enemies":"Red Slaver","floor":14,"turns":1},{"damage":49,"enemies":"Hexaghost","floor":16,"turns":5},{"damage":11,"enemies":"Spheric Guardian","floor":18,"turns":3},{"damage":34,"enemies":"2 Thieves","floor":20,"turns":3},{"damage":17,"enemies":"Centurion and Healer","floor":24,"turns":5},{"damage":47,"enemies":"Book of Stabbing","floor":28,"turns":4},{"damage":27,"enemies":"Snake Plant","floor":30,"turns":3},{"damage":60,"enemies":"Champ","floor":33,"turns":9},{"damage":48,"enemies":"3 Darklings","floor":35,"turns":4},{"damage":30,"enemies":"Orb Walker","floor":36,"turns":3},{"damage":63,"enemies":"Time Eater","floor":40,"turns":4}],"seed_played":"530869022172657030","potions_obtained":[{"floor":1,"key":"Weak Potion"},{"floor":2,"key":"PowerPotion"},{"floor":7,"key":"Fire Potion"},{"floor":12,"key":"AttackPotion"},{"floor":12,"key":"Explosive Potion"},{"floor":18,"key":"Dexterity Potion"},{"floor":20,"key":"Explosive Potion"},{"floor":24,"key":"PowerPotion"},{"floor":28,"key":"Fire Potion"},{"floor":30,"key":"Energy Potion"},{"floor":33,"key":"AttackPotion"},{"floor":35,"key":"LiquidBronze"},{"floor":36,"key":"AttackPotion"}],"is_trial":false,"path_per_floor":["M","M","?","?","$","R","E","$","T","R","M","?","E","M","R","B",null,"M","?","M","?","T","R","M","R","T","R","E","R","M","$","R","B",null,"M","M","$","?","?","B"],"character_chosen":"IRONCLAD","items_purchased":["Madness","Demon Form","Red Skull","Blood Vial","Madness","PreservedInsect"],"campfire_rested":2,"item_purchase_floors":[5,8,31,31,31,37],"current_hp_per_floor":[61,63,63,68,68,68,59,59,59,59,65,65,58,64,64,37,85,80,80,57,57,57,57,51,51,51,51,10,35,31,31,56,37,85,55,51,51,40,40,0],"gold":75,"neow_bonus":"THREE_RARE_CARDS","is_prod":false,"is_daily":false,"chose_seed":false,"campfire_upgraded":5,"win_rate":0,"timestamp":1553079865,"path_taken":["M","M","?","?","$","R","E","?","T","R","M","?","E","?","R","BOSS","M","?","?","?","?","R","?","R","T","R","E","R","M","$","R","BOSS","M","M","$","?","?","BOSS"],"build_version":"2019-01-23","purchased_purges":1,"victory":false,"max_hp_per_floor":[80,80,80,85,85,85,85,85,85,85,85,85,85,85,85,85,85,85,85,85,85,85,85,85,85,85,85,85,85,85,85,85,85,85,85,85,85,85,85,85],"card_choices":[{"not_picked":["Exhume","Immolate"],"picked":"Reaper","floor":0},{"not_picked":["Anger","Ghostly Armor"],"picked":"Uppercut","floor":1},{"not_picked":["Iron Wave","Combust"],"picked":"Headbutt","floor":2},{"not_picked":["Anger","Clothesline"],"picked":"Clash","floor":7},{"not_picked":["Feel No Pain","True Grit"],"picked":"Cleave","floor":11},{"not_picked":["Headbutt","Pummel"],"picked":"Immolate","floor":13},{"not_picked":["Uppercut","Wild Strike","Anger"],"picked":"SKIP","floor":14},{"not_picked":["Offering","Dark Embrace"],"picked":"Reaper","floor":16},{"not_picked":["Flex","Rupture","Thunderclap"],"picked":"SKIP","floor":18},{"not_picked":["Pummel+1","Flex","Intimidate"],"picked":"SKIP","floor":20},{"not_picked":["Flex","Feel No Pain+1","True Grit"],"picked":"SKIP","floor":24},{"not_picked":["True Grit+1","Clash+1","Juggernaut"],"picked":"SKIP","floor":28},{"not_picked":["Perfected Strike","Wild Strike"],"picked":"Shrug It Off","floor":30},{"not_picked":["Berserk","Juggernaut"],"picked":"Demon Form","floor":33},{"not_picked":[],"picked":"Corruption+1","floor":35},{"not_picked":["Sword Boomerang+1"],"picked":"SKIP","floor":36}],"player_experience":369260,"relics_obtained":[{"floor":7,"key":"The Courier"},{"floor":9,"key":"Bronze Scales"},{"floor":13,"key":"Lantern"},{"floor":22,"key":"Self Forming Clay"},{"floor":28,"key":"Meat on the Bone"}],"event_choices":[{"damage_healed":0,"gold_gain":66,"player_choice":"Gained Gold","damage_taken":0,"max_hp_gain":0,"max_hp_loss":0,"event_name":"Golden Wing","floor":3,"gold_loss":0},{"damage_healed":0,"gold_gain":0,"player_choice":"Donut","damage_taken":0,"max_hp_gain":5,"max_hp_loss":0,"event_name":"Big Fish","floor":4,"gold_loss":0},{"damage_healed":0,"gold_gain":0,"player_choice":"Got Potions","damage_taken":0,"max_hp_gain":0,"max_hp_loss":0,"event_name":"Lab","floor":12,"gold_loss":0},{"damage_healed":0,"gold_gain":0,"player_choice":"0 cards matched","damage_taken":0,"max_hp_gain":0,"max_hp_loss":0,"event_name":"Match and Keep!","floor":19,"gold_loss":0,"cards_obtained":[]},{"damage_healed":0,"gold_gain":0,"player_choice":"Opened","damage_taken":0,"relics_obtained":["Omamori"],"max_hp_gain":0,"max_hp_loss":0,"event_name":"The Mausoleum","floor":21,"gold_loss":0},{"damage_healed":0,"gold_gain":0,"player_choice":"Embrace Madness","damage_taken":11,"max_hp_gain":0,"max_hp_loss":0,"event_name":"Winding Halls","floor":38,"gold_loss":0,"cards_obtained":["Madness","Madness"]},{"damage_healed":0,"gold_gain":0,"player_choice":"Took Portal","damage_taken":0,"max_hp_gain":0,"max_hp_loss":0,"event_name":"SecretPortal","floor":39,"gold_loss":0}],"is_beta":false,"boss_relics":[{"not_picked":["Cursed Key","Runic Pyramid"],"picked":"White Beast Statue"},{"not_picked":["Black Star","Fusion Hammer"],"picked":"Busted Crown"}],"items_purged_floors":[5],"is_endless":false,"potions_floor_spawned":[1,2,7,18,20,24,28,30,33,35,36],"killed_by":"Time Eater","ascension_level":2}