{"gold_per_floor":[366,385,310,320,320,320,50,50,75,90,108,141,141,156,156,254,254,272,293,81,131,150,150,171,171,224,224,224],"floor_reached":28,"playtime":1410,"items_purged":["Regret"],"score":429,"play_id":"31f1d70c-249e-418f-850f-c5f381add48e","local_time":"20190320214351","is_ascension_mode":true,"campfire_choices":[{"data":"Bash","floor":6,"key":"SMITH"},{"data":"Demon Form","floor":8,"key":"SMITH"},{"data":"Body Slam","floor":15,"key":"SMITH"},{"floor":23,"key":"REST"},{"floor":27,"key":"REST"}],"neow_cost":"TEN_PERCENT_HP_LOSS","seed_source_timestamp":99838492546119,"circlet_count":0,"master_deck":["AscendersBane","Strike_R","Strike_R","Strike_R","Strike_R","Defend_R","Defend_R","Defend_R","Defend_R","Bash+1","Dropkick","Evolve","Cleave","Demon Form+1","Flame Barrier","Body Slam+1","True Grit","Injury","Shrug It Off","Ghostly Armor","Corruption","Cloak And Dagger+1","Acrobatics","Ghostly","Ghostly","Ghostly"],"relics":["Burning Blood","Pocketwatch","Lantern","Matryoshka","Golden Idol","Fusion Hammer","PrismaticShard","Tiny Chest","Bottled Lightning"],"potions_floor_usage":[16,16,22],"damage_taken":[{"damage":4,"enemies":"2 Louse","floor":1,"turns":3},{"damage":4,"enemies":"Small Slimes","floor":2,"turns":4},{"damage":7,"enemies":"Cultist","floor":4,"turns":4},{"damage":12,"enemies":"Looter","floor":10,"turns":3},{"damage":1,"enemies":"2 Fungi Beasts","floor":11,"turns":3},{"damage":23,"enemies":"Lagavulin","floor":12,"turns":6},{"damage":6,"enemies":"Lots of Slimes","floor":14,"turns":3},{"damage":13,"enemies":"Slime Boss","floor":16,"turns":7},{"damage":36,"enemies":"Spheric Guardian","floor":18,"turns":8},{"damage":23,"enemies":"Shell Parasite","floor":19,"turns":6},{"damage":28,"enemies":"Shelled Parasite and Fungi","floor":22,"turns":5},{"damage":14,"enemies":"Centurion and Healer","floor":24,"turns":6},{"damage":33,"enemies":"Gremlin Leader","floor":28,"turns":5}],"seed_played":"1686299367711827594","potions_obtained":[{"floor":4,"key":"PowerPotion"},{"floor":10,"key":"Energy Potion"},{"floor":16,"key":"Explosive Potion"},{"floor":18,"key":"FairyPotion"},{"floor":24,"key":"BloodPotion"}],"is_trial":false,"path_per_floor":["M","M","?","M","?","R","$","R","T","M","M","E","?","M","R","B",null,"M","M","$","?","M","R","M","?","T","R","E"],"character_chosen":"IRONCLAD","items_purchased":["Demon Form","Flame Barrier","PrismaticShard"],"campfire_rested":2,"item_purchase_floors":[7,7,20],"current_hp_per_floor":[68,68,68,67,67,67,67,67,67,61,66,49,49,49,49,42,62,32,15,15,15,9,29,21,21,21,31,0],"gold":224,"neow_bonus":"TWO_FIFTY_GOLD","is_prod":false,"is_daily":false,"chose_seed":false,"campfire_upgraded":3,"win_rate":0,"timestamp":1553132631,"path_taken":["M","M","?","M","?","R","$","R","T","M","M","E","?","M","R","BOSS","M","M","$","?","M","R","?","?","T","R","E"],"build_version":"2019-03-15","purchased_purges":1,"victory":false,"max_hp_per_floor":[68,68,68,68,68,68,68,68,68,68,68,68,68,68,68,68,68,68,68,68,68,68,68,68,34,34,34,34],"card_choices":[{"not_picked":["Perfected Strike","Iron Wave"],"picked":"Dropkick","floor":1},{"not_picked":["Flex","Warcry"],"picked":"Evolve","floor":2},{"not_picked":["Armaments","Battle Trance"],"picked":"Cleave","floor":4},{"not_picked":["Havoc","Bloodletting","Power Through"],"picked":"SKIP","floor":10},{"not_picked":["Warcry","Feel No Pain"],"picked":"Body Slam","floor":11},{"not_picked":["Sever Soul","Exhume"],"picked":"True Grit","floor":12},{"not_picked":["Intimidate","Anger"],"picked":"Shrug It Off","floor":14},{"not_picked":["Armaments","Body Slam"],"picked":"Ghostly Armor","floor":18},{"not_picked":["Ghostly Armor","Havoc"],"picked":"Corruption","floor":19},{"not_picked":["Havoc","Seeing Red"],"picked":"Cloak And Dagger+1","floor":22},{"not_picked":["Dagger Throw","Slice"],"picked":"Acrobatics","floor":24}],"player_experience":597499,"relics_obtained":[{"floor":9,"key":"Lantern"},{"floor":12,"key":"Matryoshka"},{"floor":26,"key":"Tiny Chest"},{"floor":26,"key":"Bottled Lightning"}],"event_choices":[{"cards_removed":["Strike_R"],"damage_healed":0,"gold_gain":0,"player_choice":"Card Removal","damage_taken":0,"max_hp_gain":0,"max_hp_loss":0,"event_name":"The Cleric","floor":3,"gold_loss":75},{"damage_healed":0,"gold_gain":0,"player_choice":"Box","damage_taken":0,"relics_obtained":["Pocketwatch"],"max_hp_gain":0,"max_hp_loss":0,"event_name":"Big Fish","floor":5,"gold_loss":0,"cards_obtained":["Regret"]},{"damage_healed":0,"gold_gain":0,"player_choice":"Take Wound","damage_taken":0,"relics_obtained":["Golden Idol"],"max_hp_gain":0,"max_hp_loss":0,"event_name":"Golden Idol","floor":13,"gold_loss":0,"cards_obtained":["Injury"]},{"damage_healed":0,"gold_gain":100,"player_choice":"Bet on Murderer","damage_taken":0,"max_hp_gain":0,"max_hp_loss":0,"event_name":"The Joust","floor":21,"gold_loss":50},{"damage_healed":0,"gold_gain":0,"player_choice":"Became a Ghost","damage_taken":0,"max_hp_gain":0,"max_hp_loss":34,"event_name":"Ghosts","floor":25,"gold_loss":0,"cards_obtained":["Ghostly","Ghostly","Ghostly"]}],"is_beta":true,"boss_relics":[{"not_picked":["Cursed Key","Philosopher\u0027s Stone"],"picked":"Fusion Hammer"}],"items_purged_floors":[7],"is_endless":false,"potions_floor_spawned":[4,10,11,14,16,18,24],"killed_by":"Gremlin Leader","ascension_level":19}