{"path_per_floor":["M","M","M","$","T","R","?","R","T","R","M","M","M","M","R","B",null,"M","M","M","$","M","R","M","?","T","M","E","R","M","M","R","B",null,"M","M","$","M","$","R"],"character_chosen":"DEFECT","items_purchased":["Hologram","Blizzard","Defragment","Ball Lightning","Beam Cell","Skim","Pen Nib","Art of War","Rebound"],"gold_per_floor":[116,126,138,44,44,44,44,44,44,44,54,65,85,104,104,209,209,220,236,248,60,80,80,99,99,124,140,175,175,187,206,206,302,302,317,329,9,26,26,26,26],"floor_reached":41,"campfire_rested":1,"playtime":2916,"current_hp_per_floor":[75,75,71,71,71,71,71,71,71,71,66,66,66,66,66,66,75,75,75,70,70,40,40,40,40,40,39,36,36,36,26,63,60,75,60,55,55,35,35,35,0],"items_purged":[],"gold":26,"score":486,"play_id":"179e7b6b-b94b-4cb2-84f8-5f635cc7d69b","local_time":"20180507164905","is_prod":false,"is_daily":false,"chose_seed":false,"is_ascension_mode":false,"campfire_upgraded":7,"timestamp":1525726145,"path_taken":["M","M","M","?","?","R","?","R","T","R","M","M","M","?","R","BOSS","M","M","M","$","M","R","M","?","T","M","E","R","M","M","R","BOSS","M","M","$","M","$","R","M"],"build_version":"2018-05-03","seed_source_timestamp":30440708841324,"purchased_purges":0,"victory":false,"master_deck":["Strike_B","Strike_B","Strike_B","Strike_B","Defend_B","Defend_B","Defend_B","Defend_B","Zap","Dualcast","Coolheaded+1","Buffer+1","Aggregate","Hologram+1","Blizzard","Chaos+1","Leap","Cold Snap","Axe Kick","Prime+1","Stack+1","Streamline","Leap","Defragment+1","Ball Lightning","Beam Cell","Skim","Glacier","Rebound","Hologram+1","Capacitor+1","Loop","Stack","Creative AI+1","Cold Snap+1","Defragment","Rebound+1","Blizzard+1"],"max_hp_per_floor":[75,75,75,75,75,75,75,75,75,75,75,75,75,75,75,75,75,75,75,75,75,75,75,75,75,75,75,75,75,75,75,75,75,75,75,75,75,75,75,75,75],"relics":["Cracked Core","Bag of Preparation","Thread and Needle","Regal Pillow","Omamori","Nuclear Battery","Happy Flower","Molten Egg 2","Runic Pyramid","Pen Nib","Art of War"],"card_choices":[{"not_picked":["Impulse","Go for the Eyes"],"picked":"Coolheaded","floor":1},{"not_picked":["Rebound","Capacitor"],"picked":"Buffer","floor":2},{"not_picked":["Sweeping Beam","Skim"],"picked":"Aggregate","floor":3},{"not_picked":["Capacitor","Force Field"],"picked":"Chaos","floor":11},{"not_picked":["Turbo","Skim"],"picked":"Leap","floor":12},{"not_picked":["Scrape","Barrage"],"picked":"Cold Snap","floor":13},{"not_picked":["Skim","Amplify"],"picked":"Axe Kick","floor":14},{"not_picked":["Seek","Creative AI"],"picked":"Prime","floor":16},{"not_picked":["Darkness","Genetic Algorithm"],"picked":"Stack","floor":18},{"not_picked":["Axe Kick","Sunder"],"picked":"Streamline","floor":19},{"not_picked":["Axe Kick","Impulse"],"picked":"Leap","floor":20},{"not_picked":["Skim","Sweeping Beam"],"picked":"Glacier","floor":22},{"not_picked":["Impulse","Sweeping Beam"],"picked":"Rebound","floor":24},{"not_picked":["FTL","Coolheaded"],"picked":"Hologram","floor":27},{"not_picked":["Beam Cell","Melter"],"picked":"Capacitor","floor":28},{"not_picked":["Biased Cognition","Go for the Eyes"],"picked":"Loop","floor":30},{"not_picked":["Coolheaded","Axe Kick"],"picked":"Stack","floor":31},{"not_picked":["Fission","Fusion"],"picked":"Creative AI","floor":33},{"not_picked":["Ball Lightning","Sweeping Beam"],"picked":"Cold Snap","floor":35},{"not_picked":["Ball Lightning","Chill"],"picked":"Defragment","floor":36},{"not_picked":["Self Repair","Hologram"],"picked":"Blizzard","floor":38}],"player_experience":87246,"potions_floor_usage":[16,20,28,28,33,33,33,35],"damage_taken":[{"damage":0,"enemies":"Cultist","floor":1,"turns":4},{"damage":0,"enemies":"2 Louse","floor":2,"turns":3},{"damage":4,"enemies":"Jaw Worm","floor":3,"turns":4},{"damage":5,"enemies":"3 Louse","floor":11,"turns":5},{"damage":0,"enemies":"Blue Slaver","floor":12,"turns":6},{"damage":0,"enemies":"Large Slime","floor":13,"turns":9},{"damage":0,"enemies":"Red Slaver","floor":14,"turns":5},{"damage":0,"enemies":"Slime Boss","floor":16,"turns":10},{"damage":0,"enemies":"2 Thieves","floor":18,"turns":5},{"damage":0,"enemies":"Shell Parasite","floor":19,"turns":7},{"damage":5,"enemies":"Snake Plant","floor":20,"turns":6},{"damage":30,"enemies":"3 Cultists","floor":22,"turns":8},{"damage":0,"enemies":"Sentry and Sphere","floor":24,"turns":8},{"damage":1,"enemies":"Cultist and Chosen","floor":27,"turns":7},{"damage":3,"enemies":"Slavers","floor":28,"turns":6},{"damage":0,"enemies":"Centurion and Healer","floor":30,"turns":5},{"damage":10,"enemies":"Slaver and Parasite","floor":31,"turns":6},{"damage":3,"enemies":"Champ","floor":33,"turns":10},{"damage":15,"enemies":"3 Darklings","floor":35,"turns":9},{"damage":5,"enemies":"Orb Walker","floor":36,"turns":7},{"damage":20,"enemies":"3 Darklings","floor":38,"turns":6},{"damage":51,"enemies":"4 Shapes","floor":41,"turns":3}],"event_choices":[{"event_name":"Dead Adventurer","player_choice":"Searched \u00271\u0027 times","floor":7,"damage_taken":0},{"event_name":"Upgrade Shrine","player_choice":"Upgraded","floor":25,"damage_taken":0}],"boss_relics":[{"not_picked":["Calling Bell","Orrery"],"picked":"Nuclear Battery"},{"not_picked":["Snecko Eye","Lizard Tail"],"picked":"Runic Pyramid"}],"potions_floor_spawned":[11,12,13,16,18,22,27,28,30,33],"seed_played":"6949981863155755541","killed_by":"4 Shapes","ascension_level":0,"is_trial":false}