{"gold_per_floor":[117,67,77,88,35,35,94,94,121,121,121,150,163,195,195,291,291,302,316,87,103,3,3,3,3,3,36,56,56,88,104,104,208,208,225,241,260,0,0,0,35,35,112,112,128,160,160,160,160,160,160,160,12,47,47],"floor_reached":55,"playtime":5009,"items_purged":["Pain","Strike_R"],"score":857,"play_id":"ac08bb16-31c0-45c8-b35d-ebb9bdef83b8","local_time":"20190324185157","is_ascension_mode":true,"campfire_choices":[{"data":"Iron Wave","floor":6.0,"key":"SMITH"},{"data":"Clothesline","floor":8.0,"key":"SMITH"},{"data":"Spot Weakness","floor":11.0,"key":"SMITH"},{"floor":15.0,"key":"REST"},{"data":"Reaper","floor":23,"key":"SMITH"},{"floor":25,"key":"REST"},{"floor":32,"key":"REST"},{"data":"Immolate","floor":40,"key":"SMITH"},{"floor":42,"key":"REST"},{"floor":44,"key":"RECALL"},{"floor":49,"key":"REST"},{"data":"Shrug It Off","floor":52,"key":"SMITH"}],"neow_cost":"NONE","seed_source_timestamp":0,"circlet_count":0,"master_deck":["Strike_R+1","Strike_R","Strike_R","Defend_R","Defend_R","Defend_R","Defend_R","Bash","Spot Weakness+1","Clothesline+1","Thunderclap+1","Iron Wave+1","Twin Strike","Offering","Uppercut","Juggernaut","Immolate+1","Iron Wave+1","Reaper+1","Disarm","Havoc+1","True Grit+1","Secret Weapon","Swift Strike","Warcry+1","Anger+1","Shrug It Off+1","Madness","Madness","Rage+1"],"special_seed":0,"relics":["Burning Blood","Tiny Chest","Whetstone","WarpedTongs","Mummified Hand","Omamori","Mark of Pain","Ginger","Bottled Lightning","Nilry\u0027s Codex","Bag of Marbles","Runic Cube","Red Mask","Peace Pipe","Pear","Vajra","Dodecahedron"],"potions_floor_usage":[28,30,33,33,50,54,55,55],"damage_taken":[{"damage":0.0,"enemies":"Small Slimes","floor":1.0,"turns":3.0},{"damage":11.0,"enemies":"2 Louse","floor":3.0,"turns":3.0},{"damage":1.0,"enemies":"Cultist","floor":4.0,"turns":4.0},{"damage":32.0,"enemies":"Lagavulin","floor":7.0,"turns":7.0},{"damage":17.0,"enemies":"Gremlin Nob","floor":12.0,"turns":4.0},{"damage":6.0,"enemies":"Red Slaver","floor":13.0,"turns":3.0},{"damage":21.0,"enemies":"Lagavulin","floor":14.0,"turns":3.0},{"damage":39.0,"enemies":"The Guardian","floor":16.0,"turns":10.0},{"damage":30.0,"enemies":"2 Thieves","floor":18.0,"turns":4.0},{"damage":40.0,"enemies":"3 Byrds","floor":19.0,"turns":5.0},{"damage":16.0,"enemies":"Centurion and Healer","floor":21.0,"turns":4.0},{"damage":40,"enemies":"Book of Stabbing","floor":27,"turns":5},{"damage":6,"enemies":"Snake Plant","floor":28,"turns":3},{"damage":6,"enemies":"Gremlin Leader","floor":30,"turns":5},{"damage":28,"enemies":"Shelled Parasite and Fungi","floor":31,"turns":4},{"damage":61,"enemies":"Champ","floor":33,"turns":9},{"damage":23,"enemies":"3 Darklings","floor":35,"turns":4},{"damage":6,"enemies":"Orb Walker","floor":36,"turns":2},{"damage":46,"enemies":"Spire Growth","floor":37,"turns":5},{"damage":32,"enemies":"Nemesis","floor":41,"turns":5},{"damage":21,"enemies":"Jaw Worm Horde","floor":45,"turns":4},{"damage":18,"enemies":"Giant Head","floor":46,"turns":7},{"damage":57,"enemies":"Awakened One","floor":50,"turns":10},{"damage":42,"enemies":"Shield and Spear","floor":54,"turns":6},{"damage":85,"enemies":"The Heart","floor":55,"turns":5}],"seed_played":"3550835110675945180","potions_obtained":[{"floor":1.0,"key":"Regen Potion"},{"floor":14.0,"key":"GamblersBrew"},{"floor":27,"key":"Energy Potion"},{"floor":28,"key":"FearPotion"},{"floor":31,"key":"AttackPotion"},{"floor":35,"key":"EssenceOfSteel"},{"floor":41,"key":"Energy Potion"},{"floor":45,"key":"LiquidBronze"}],"is_trial":false,"path_per_floor":["M","?","M","M","$","R","E","R","T","?","R","E","M","E","R","B",null,"M","M","$","M","$","R","T","R","T","E","M","?","E","M","R","B",null,"M","M","M","?","?","R","E","R","T","R","M","E","?","$","R","B",null,"R","$","E","B"],"character_chosen":"IRONCLAD","items_purchased":["Iron Wave","Reaper","Fruit Juice","Strength Potion"],"campfire_rested":5,"item_purchase_floors":[5,20,22,53],"current_hp_per_floor":[88,88,83,88,88,88,71,71,71,71,71,60,60,45,71,38,88,64,30,30,28,28,28,28,54,54,33,37,21,26,18,45,9,93,76,83,50,50,45,45,19,46,56,56,51,61,48,48,78,54,103,103,103,85,0],"gold":47,"neow_bonus":"TEN_PERCENT_HP_BONUS","is_prod":false,"is_daily":false,"chose_seed":false,"campfire_upgraded":6,"win_rate":0,"timestamp":1553433717,"path_taken":["M","?","M","M","$","R","E","R","T","?","R","E","?","E","R","BOSS","M","M","$","M","?","R","?","R","T","E","M","?","E","M","R","BOSS","M","M","M","?","?","R","E","R","T","R","M","E","?","$","R","BOSS","R","$","E","BOSS"],"build_version":"2019-01-23","purchased_purges":2,"victory":false,"max_hp_per_floor":[88,88,88,88,88,88,88,88,88,88,88,88,88,88,88,88,88,88,88,88,88,88,88,88,88,88,88,88,88,93,93,93,93,93,93,93,93,93,93,93,93,93,103,103,103,103,103,103,103,103,103,103,103,103,103],"card_choices":[{"not_picked":["Thunderclap","Perfected Strike"],"picked":"Spot Weakness","floor":1.0},{"not_picked":["Entrench","Power Through"],"picked":"Clothesline","floor":3.0},{"not_picked":["Searing Blow","Blood for Blood"],"picked":"Thunderclap","floor":4.0},{"not_picked":["Rupture","Headbutt"],"picked":"Twin Strike","floor":7.0},{"not_picked":["Bludgeon","Flex"],"picked":"Offering","floor":12.0},{"not_picked":["Pummel","Iron Wave"],"picked":"Uppercut","floor":13.0},{"not_picked":["Wild Strike","Flame Barrier"],"picked":"Juggernaut","floor":14.0},{"not_picked":["Dark Embrace","Brutality"],"picked":"Immolate","floor":16.0},{"not_picked":["Body Slam","True Grit"],"picked":"Iron Wave+1","floor":18.0},{"not_picked":["Uppercut","Anger","Spot Weakness"],"picked":"SKIP","floor":19.0},{"not_picked":["Perfected Strike","Second Wind+1","Thunderclap"],"picked":"SKIP","floor":21},{"not_picked":["Clash","Armaments","Juggernaut"],"picked":"SKIP","floor":27},{"not_picked":["Hemokinesis","Cleave"],"picked":"Disarm","floor":28},{"not_picked":["Warcry","Clothesline","Shrug It Off"],"picked":"SKIP","floor":30},{"not_picked":["Sword Boomerang","Whirlwind","Armaments"],"picked":"SKIP","floor":31},{"not_picked":["Pommel Strike+1","Flame Barrier+1"],"picked":"Havoc+1","floor":35},{"not_picked":["Perfected Strike+1","Second Wind+1"],"picked":"True Grit+1","floor":36},{"not_picked":["Havoc","Headbutt","Flex"],"picked":"SKIP","floor":37},{"not_picked":["Deep Breath","Trip"],"picked":"Secret Weapon","floor":39},{"not_picked":["Mind Blast","Blind"],"picked":"Swift Strike","floor":39},{"not_picked":["Armaments+1","Uppercut"],"picked":"Warcry+1","floor":41},{"not_picked":["Thunderclap+1","Entrench"],"picked":"Anger+1","floor":45},{"not_picked":["Combust+1","Metallicize"],"picked":"Shrug It Off","floor":46},{"not_picked":["Havoc+1","Seeing Red"],"picked":"Rage+1","floor":54}],"player_experience":102670,"relics_obtained":[{"floor":7.0,"key":"Tiny Chest"},{"floor":9.0,"key":"Whetstone"},{"floor":12.0,"key":"Mummified Hand"},{"floor":14.0,"key":"Omamori"},{"floor":24,"key":"Ginger"},{"floor":27,"key":"Bottled Lightning"},{"floor":29,"key":"Nilry\u0027s Codex"},{"floor":30,"key":"Bag of Marbles"},{"floor":41,"key":"Peace Pipe"},{"floor":43,"key":"Pear"},{"floor":46,"key":"Vajra"},{"floor":54,"key":"Dodecahedron"}],"event_choices":[{"cards_removed":["Strike_R"],"damage_healed":0.0,"max_hp_gain":0.0,"max_hp_loss":0.0,"gold_gain":0.0,"event_name":"The Cleric","player_choice":"Card Removal","floor":2.0,"gold_loss":50.0,"damage_taken":0.0},{"damage_healed":0.0,"max_hp_gain":0.0,"max_hp_loss":0.0,"gold_gain":0.0,"event_name":"Accursed Blacksmith","player_choice":"Rummage","floor":10.0,"gold_loss":0.0,"damage_taken":0.0,"relics_obtained":["WarpedTongs"],"cards_obtained":["Pain"]},{"damage_healed":0,"gold_gain":0,"player_choice":"Obtained Book","damage_taken":16,"max_hp_gain":0,"max_hp_loss":0,"event_name":"Cursed Tome","floor":29,"gold_loss":0},{"damage_healed":0,"gold_gain":0,"player_choice":"Paid","damage_taken":0,"relics_obtained":["Red Mask"],"max_hp_gain":0,"max_hp_loss":0,"event_name":"Tomb of Lord Red Mask","floor":38,"gold_loss":260},{"damage_healed":0,"gold_gain":0,"player_choice":"Memory 2","damage_taken":5,"max_hp_gain":0,"max_hp_loss":0,"event_name":"SensoryStone","floor":39,"gold_loss":0},{"damage_healed":0,"gold_gain":0,"player_choice":"Embrace Madness","damage_taken":13,"max_hp_gain":0,"max_hp_loss":0,"event_name":"Winding Halls","floor":47,"gold_loss":0,"cards_obtained":["Madness","Madness"]}],"is_beta":false,"boss_relics":[{"not_picked":["Black Star","Fusion Hammer"],"picked":"Mark of Pain"},{"not_picked":["Pandora\u0027s Box","Busted Crown"],"picked":"Runic Cube"}],"items_purged_floors":[20,53],"is_endless":false,"potions_floor_spawned":[1,14,27,28,31,35,41,45,46],"killed_by":"The Heart","ascension_level":2}