{"gold_per_floor":[119,135,135,135,135,153,153,187,187,228,246,287,312,356,356,455,455,479,479,493,516,560,591,591,506,506,556,597,621,642,312,312,408,408,433,457,473,473,318,361,361,376,376,411,411,411,120,135,135,135,135,135,135,39,79,79],"floor_reached":56,"playtime":4013,"items_purged":["Strike_R","Writhe"],"score":2025,"play_id":"fcbe3d5b-95fd-49ad-80aa-c662bec5c175","local_time":"20190324214527","is_ascension_mode":true,"campfire_choices":[{"data":"Brutality","floor":7.0,"key":"SMITH"},{"data":"Shockwave","floor":15.0,"key":"SMITH"},{"data":"Corruption","floor":24.0,"key":"SMITH"},{"data":"Metallicize","floor":32.0,"key":"SMITH"},{"data":"Barricade","floor":41,"key":"SMITH"},{"floor":45,"key":"RECALL"},{"data":"Feel No Pain","floor":49,"key":"SMITH"},{"data":"Flame Barrier","floor":53,"key":"SMITH"}],"neow_cost":"NONE","seed_source_timestamp":1009189112616278,"circlet_count":0,"master_deck":["AscendersBane","Strike_R","Defend_R","Defend_R","Defend_R","Defend_R","Bash","Brutality+1","Shrug It Off","Inflame","Rupture","Flame Barrier+1","Headbutt+1","Thunderclap+1","Shockwave+1","Metallicize+1","Corruption+1","Reaper+1","Heavy Blade+1","Pain","Metallicize","Feel No Pain+1","Rupture","Battle Trance+1","Rupture","Discovery+1","Barricade+1","Burning Pact+1","Sword Boomerang+1","Feel No Pain+1","Warcry+1","True Grit+1","Dark Shackles+1","Body Slam+1","Uppercut+1","Exhume+1"],"special_seed":0,"relics":["Burning Blood","Golden Idol","Darkstone Periapt","Molten Egg 2","Meat on the Bone","Oddly Smooth Stone","Anchor","Ancient Tea Set","Mark of Pain","WarpedTongs","Red Mask","Bag of Preparation","Happy Flower","Toxic Egg 2","Red Skull","Runic Dome","Potion Belt","Blood Vial","Art of War","Lantern"],"potions_floor_usage":[40,56,56],"damage_taken":[{"damage":7.0,"enemies":"Small Slimes","floor":1.0,"turns":5.0},{"damage":8.0,"enemies":"Cultist","floor":2.0,"turns":4.0},{"damage":0.0,"enemies":"2 Louse","floor":6.0,"turns":3.0},{"damage":59.0,"enemies":"Gremlin Nob","floor":8.0,"turns":6.0},{"damage":5.0,"enemies":"Lagavulin","floor":10.0,"turns":6.0},{"damage":2.0,"enemies":"2 Fungi Beasts","floor":11.0,"turns":3.0},{"damage":31.0,"enemies":"3 Sentries","floor":12.0,"turns":9.0},{"damage":9.0,"enemies":"Large Slime","floor":13.0,"turns":5.0},{"damage":12.0,"enemies":"Lagavulin","floor":14.0,"turns":7.0},{"damage":29.0,"enemies":"Hexaghost","floor":16.0,"turns":9.0},{"damage":17.0,"enemies":"3 Byrds","floor":18.0,"turns":5.0},{"damage":22.0,"enemies":"Chosen","floor":20.0,"turns":5.0},{"damage":35.0,"enemies":"Sentry and Sphere","floor":21.0,"turns":7.0},{"damage":38.0,"enemies":"Masked Bandits","floor":22.0,"turns":6.0},{"damage":58.0,"enemies":"Slavers","floor":23.0,"turns":6.0},{"damage":16.0,"enemies":"Book of Stabbing","floor":28.0,"turns":6.0},{"damage":8.0,"enemies":"3 Cultists","floor":29.0,"turns":5.0},{"damage":31.0,"enemies":"Chosen and Byrds","floor":30.0,"turns":8.0},{"damage":31.0,"enemies":"Collector","floor":33.0,"turns":7.0},{"damage":25,"enemies":"Orb Walker","floor":35,"turns":6},{"damage":26,"enemies":"3 Darklings","floor":36,"turns":5},{"damage":36,"enemies":"Sphere and 2 Shapes","floor":37,"turns":5},{"damage":62,"enemies":"Reptomancer","floor":40,"turns":8},{"damage":29,"enemies":"Transient","floor":42,"turns":6},{"damage":34,"enemies":"Nemesis","floor":44,"turns":7},{"damage":11,"enemies":"Jaw Worm Horde","floor":48,"turns":4},{"damage":55,"enemies":"Time Eater","floor":50,"turns":9},{"damage":49,"enemies":"Donu and Deca","floor":51,"turns":8},{"damage":64,"enemies":"Shield and Spear","floor":55,"turns":8},{"damage":79,"enemies":"The Heart","floor":56,"turns":3}],"seed_played":"2007895574076226185","potions_obtained":[{"floor":2.0,"key":"Dexterity Potion"},{"floor":11.0,"key":"SteroidPotion"},{"floor":12.0,"key":"Explosive Potion"},{"floor":13.0,"key":"Poison Potion"},{"floor":23.0,"key":"SpeedPotion"},{"floor":28.0,"key":"Energy Potion"},{"floor":35,"key":"SkillPotion"},{"floor":44,"key":"AttackPotion"},{"floor":55,"key":"SpeedPotion"}],"is_trial":false,"path_per_floor":["M","M","?","?","?","M","R","E","T","E","M","E","M","E","R","B",null,"M","?","M","M","?","E","R","?","T","?","E","M","M","$","R","B",null,"M","M","M","?","$","E","R","M","T","E","R","?","$","M","R","B","B",null,"R","$","E","B"],"character_chosen":"IRONCLAD","items_purchased":["Rupture","Red Skull","Discovery+1","Feel No Pain","Dark Shackles+1","LiquidBronze","PowerPotion","Uppercut+1"],"campfire_rested":0,"item_purchase_floors":[31,31,31,39,47,47,54,54],"current_hp_per_floor":[67,65,65,65,60,66,66,13,13,26,42,29,38,44,44,33,59,54,60,52,47,36,35,35,35,35,28,36,70,74,74,74,74,74,74,64,74,74,74,47,47,69,69,74,74,80,80,80,80,80,75,79,79,79,77,0],"gold":79,"neow_bonus":"TRANSFORM_CARD","is_prod":false,"is_daily":false,"chose_seed":false,"campfire_upgraded":7,"win_rate":0,"timestamp":1553478327,"path_taken":["M","M","?","?","?","M","R","E","T","E","M","E","M","E","R","BOSS","M","?","?","?","?","E","R","?","T","?","E","?","M","$","R","BOSS","BOSS","M","M","M","?","$","E","R","?","T","E","R","?","$","M","R","BOSS","BOSS","R","$","E","BOSS"],"build_version":"2019-03-15","purchased_purges":2,"victory":false,"max_hp_per_floor":[75,75,75,68,68,68,68,68,68,68,68,68,68,68,68,68,68,68,74,74,74,74,74,74,74,74,74,74,74,74,74,74,74,74,74,74,74,74,74,74,74,74,74,74,74,80,80,80,80,80,80,80,80,80,80,80],"card_choices":[{"not_picked":["Anger","Carnage"],"picked":"Shrug It Off","floor":1.0},{"not_picked":["Pummel","Body Slam"],"picked":"Inflame","floor":2.0},{"not_picked":["Clash","Headbutt"],"picked":"Flame Barrier","floor":6.0},{"not_picked":["Wild Strike","Clash"],"picked":"Headbutt","floor":8.0},{"not_picked":["Flex","Perfected Strike+1"],"picked":"Thunderclap+1","floor":10.0},{"not_picked":["Thunderclap+1","Iron Wave+1"],"picked":"Shockwave","floor":11.0},{"not_picked":["Armaments","Clash+1","Thunderclap+1"],"picked":"SKIP","floor":12.0},{"not_picked":["Evolve","Blood for Blood+1"],"picked":"Metallicize","floor":13.0},{"not_picked":["Armaments","Carnage+1"],"picked":"Corruption","floor":14.0},{"not_picked":["Impervious","Double Tap"],"picked":"Reaper+1","floor":16.0},{"not_picked":["Wild Strike+1","Clothesline+1"],"picked":"Heavy Blade+1","floor":18.0},{"not_picked":["Armaments","Clothesline+1"],"picked":"Metallicize","floor":20.0},{"not_picked":["Iron Wave+1","Body Slam+1"],"picked":"Feel No Pain+1","floor":21.0},{"not_picked":["Infernal Blade","Reckless Charge+1"],"picked":"Rupture","floor":22.0},{"not_picked":["Armaments","Headbutt+1","Rage"],"picked":"SKIP","floor":23.0},{"not_picked":["Shrug It Off","Blood for Blood+1"],"picked":"Battle Trance","floor":28.0},{"not_picked":["Hemokinesis+1","Flex+1","Corruption"],"picked":"SKIP","floor":29.0},{"not_picked":["Headbutt+1","Berserk","Body Slam+1"],"picked":"SKIP","floor":30.0},{"not_picked":["Reaper+1","Double Tap+1"],"picked":"Barricade","floor":33},{"not_picked":["Twin Strike+1","Flex+1"],"picked":"Burning Pact+1","floor":35},{"not_picked":["Clash+1","Body Slam+1","Cleave+1"],"picked":"SKIP","floor":36},{"not_picked":["True Grit+1","Power Through+1"],"picked":"Sword Boomerang+1","floor":37},{"not_picked":["Twin Strike+1","Cleave+1","Perfected Strike+1"],"picked":"SKIP","floor":40},{"not_picked":["Headbutt+1","Sword Boomerang+1"],"picked":"Warcry+1","floor":42},{"not_picked":["Sword Boomerang+1","Flex+1"],"picked":"True Grit+1","floor":44},{"not_picked":["Clothesline+1","Armaments+1"],"picked":"Body Slam+1","floor":48},{"not_picked":["Ghostly Armor+1","Hemokinesis+1"],"picked":"Exhume+1","floor":55}],"player_experience":1244083,"relics_obtained":[{"floor":8.0,"key":"Molten Egg 2"},{"floor":9.0,"key":"Meat on the Bone"},{"floor":10.0,"key":"Oddly Smooth Stone"},{"floor":12.0,"key":"Anchor"},{"floor":14.0,"key":"Ancient Tea Set"},{"floor":22.0,"key":"Red Mask"},{"floor":23.0,"key":"Bag of Preparation"},{"floor":28.0,"key":"Toxic Egg 2"},{"floor":40,"key":"Potion Belt"},{"floor":43,"key":"Blood Vial"},{"floor":44,"key":"Art of War"},{"floor":55,"key":"Lantern"}],"event_choices":[{"damage_healed":0.0,"max_hp_gain":0.0,"max_hp_loss":0.0,"gold_gain":0.0,"cards_transformed":["Strike_R"],"event_name":"Living Wall","player_choice":"Change","floor":3.0,"gold_loss":0.0,"damage_taken":0.0,"cards_obtained":["Rupture"]},{"damage_healed":0.0,"max_hp_gain":0.0,"max_hp_loss":7.0,"gold_gain":0.0,"event_name":"Golden Idol","player_choice":"Lose Max HP","floor":4.0,"gold_loss":0.0,"damage_taken":0.0,"relics_obtained":["Golden Idol"]},{"damage_healed":0.0,"max_hp_gain":0.0,"max_hp_loss":0.0,"gold_gain":0.0,"event_name":"Scrap Ooze","player_choice":"Success","floor":5.0,"gold_loss":0.0,"damage_taken":5.0,"relics_obtained":["Darkstone Periapt"]},{"damage_healed":0.0,"max_hp_gain":0.0,"max_hp_loss":0.0,"gold_gain":0.0,"event_name":"Accursed Blacksmith","player_choice":"Rummage","floor":19.0,"gold_loss":0.0,"damage_taken":0.0,"relics_obtained":["WarpedTongs"],"cards_obtained":["Pain"]},{"damage_healed":0.0,"max_hp_gain":0.0,"max_hp_loss":0.0,"gold_gain":0.0,"event_name":"Masked Bandits","player_choice":"Fought Bandits","floor":22.0,"gold_loss":0.0,"damage_taken":0.0},{"damage_healed":0.0,"max_hp_gain":0.0,"max_hp_loss":0.0,"gold_gain":0.0,"event_name":"Addict","player_choice":"Obtained Relic","floor":25.0,"gold_loss":85.0,"damage_taken":0.0,"relics_obtained":["Happy Flower"]},{"damage_healed":0.0,"max_hp_gain":0.0,"max_hp_loss":0.0,"gold_gain":50.0,"event_name":"FaceTrader","player_choice":"Touch","floor":27.0,"gold_loss":0.0,"damage_taken":7.0},{"cards_removed":["Strike_R"],"damage_healed":0,"gold_gain":0,"player_choice":"Purged","damage_taken":0,"max_hp_gain":0,"max_hp_loss":0,"event_name":"Purifier","floor":38,"gold_loss":0},{"damage_healed":15,"gold_gain":0,"player_choice":"Writhe","damage_taken":0,"max_hp_gain":0,"max_hp_loss":0,"event_name":"Winding Halls","floor":46,"gold_loss":0,"cards_obtained":["Writhe"]}],"is_beta":true,"boss_relics":[{"not_picked":["Astrolabe","Calling Bell"],"picked":"Mark of Pain"},{"not_picked":["Velvet Choker","Philosopher\u0027s Stone"],"picked":"Runic Dome"}],"items_purged_floors":[39,47],"is_endless":false,"potions_floor_spawned":[2,11,12,13,23,28,33,35,36,44,55],"killed_by":"The Heart","ascension_level":20}