{"gold_per_floor":[116,116,126,139,104,104,138,150,176,204,204,217,127,202,202,275,275,290,290,301,11,27,27,27,27,27,27,37,69,69,101,101,175,175,190,190,190,203,217,217,246,246,246,246,258,258,258,269,269,269,269],"floor_reached":51,"playtime":2358,"items_purged":[],"score":1346,"play_id":"449ef288-abad-4d82-b329-e8b5cc2ff08c","local_time":"20190310171836","is_ascension_mode":true,"campfire_choices":[{"data":"Deadly Poison","floor":6.0,"key":"SMITH"},{"data":"Leg Sweep","floor":11.0,"key":"SMITH"},{"data":"Well Laid Plans","floor":15.0,"key":"SMITH"},{"data":"Malaise","floor":23,"key":"SMITH"},{"data":"Noxious Fumes","floor":25,"key":"SMITH"},{"floor":27,"key":"REST"},{"floor":30,"key":"REST"},{"data":"Malaise","floor":32,"key":"SMITH"},{"data":"Neutralize","floor":40,"key":"SMITH"},{"floor":49,"key":"RECALL"}],"neow_cost":"NONE","seed_source_timestamp":306806508179645,"circlet_count":0,"master_deck":["AscendersBane","Defend_G","Defend_G","Defend_G","Defend_G","Defend_G","Strike_G+1","Survivor","Neutralize+1","Deadly Poison+1","Deflect+1","Dagger Spray","Dash+1","Leg Sweep+1","Catalyst+1","Well Laid Plans+1","Malaise+1","Blur+1","Dagger Spray+1","Bane+1","Backstab","Noxious Fumes+1","Dodge and Roll","Backflip","Dodge and Roll","Malaise+1","Adrenaline","Crippling Poison+1","Dash","PiercingWail","Bouncing Flask","Finesse+1","Calculated Gamble+1"],"special_seed":0,"relics":["Ring of the Snake","Boot","Bronze Scales","Strawberry","Whetstone","War Paint","Astrolabe","Enchiridion","TwistedFunnel","Regal Pillow","Happy Flower","Philosopher\u0027s Stone","Art of War","Frozen Egg 2","Toxic Egg 2"],"potions_floor_usage":[29,31,35,51],"damage_taken":[{"damage":0.0,"enemies":"Cultist","floor":1.0,"turns":4.0},{"damage":11.0,"enemies":"Small Slimes","floor":3.0,"turns":5.0},{"damage":2.0,"enemies":"Jaw Worm","floor":4.0,"turns":4.0},{"damage":33.0,"enemies":"3 Sentries","floor":7.0,"turns":7.0},{"damage":9.0,"enemies":"2 Fungi Beasts","floor":8.0,"turns":3.0},{"damage":1.0,"enemies":"Lagavulin","floor":10.0,"turns":6.0},{"damage":4.0,"enemies":"Large Slime","floor":12.0,"turns":5.0},{"damage":15.0,"enemies":"Hexaghost","floor":16.0,"turns":9.0},{"damage":10,"enemies":"Shell Parasite","floor":18,"turns":7},{"damage":1,"enemies":"3 Byrds","floor":20,"turns":2},{"damage":0,"enemies":"Snake Plant","floor":22,"turns":3},{"damage":0,"enemies":"3 Cultists","floor":28,"turns":4},{"damage":19,"enemies":"Book of Stabbing","floor":29,"turns":4},{"damage":9,"enemies":"Gremlin Leader","floor":31,"turns":5},{"damage":38,"enemies":"Collector","floor":33,"turns":8},{"damage":0,"enemies":"3 Shapes","floor":35,"turns":3},{"damage":6,"enemies":"3 Darklings","floor":38,"turns":5},{"damage":6,"enemies":"Maw","floor":39,"turns":6},{"damage":43,"enemies":"Giant Head","floor":41,"turns":10},{"damage":3,"enemies":"Writhing Mass","floor":45,"turns":3},{"damage":2,"enemies":"Spire Growth","floor":48,"turns":5},{"damage":45,"enemies":"Time Eater","floor":50,"turns":13},{"damage":10,"enemies":"Donu and Deca","floor":51,"turns":2}],"seed_played":"8520569033372632371","potions_obtained":[{"floor":4.0,"key":"GhostInAJar"},{"floor":7.0,"key":"Energy Potion"},{"floor":10.0,"key":"Regen Potion"},{"floor":16.0,"key":"Fire Potion"},{"floor":29,"key":"Weak Potion"},{"floor":31,"key":"SkillPotion"},{"floor":38,"key":"GamblersBrew"}],"is_trial":false,"path_per_floor":["M","?","M","M","?","R","E","M","T","E","R","M","$","?","R","B",null,"M","?","M","$","M","R","?","R","T","R","M","E","R","E","R","B",null,"M","?","?","M","M","R","E","?","T","T","M","?","?","M","R","B","B"],"character_chosen":"THE_SILENT","items_purchased":["Well Laid Plans","TwistedFunnel","Noxious Fumes"],"campfire_rested":2,"item_purchase_floors":[13,21,21],"current_hp_per_floor":[59,59,48,46,62,62,36,27,27,26,26,22,22,11,11,11,58,48,27,26,26,26,26,26,26,26,47,47,28,64,55,55,17,59,59,59,59,53,47,47,4,4,4,4,1,57,57,55,55,10,0],"gold":269,"neow_bonus":"RANDOM_COMMON_RELIC","is_prod":false,"is_daily":false,"chose_seed":false,"campfire_upgraded":7,"win_rate":0,"timestamp":1552252716,"path_taken":["M","?","?","M","?","R","E","M","T","E","R","M","$","?","R","BOSS","M","?","M","$","M","R","?","R","T","R","?","E","R","E","R","BOSS","M","?","?","M","?","R","E","?","T","?","M","?","?","M","R","BOSS","BOSS"],"build_version":"2019-02-06","purchased_purges":0,"victory":false,"max_hp_per_floor":[66,66,66,66,66,66,73,73,73,73,73,73,73,73,73,73,73,73,73,73,73,73,73,73,73,73,73,73,73,73,73,73,73,73,73,69,69,69,69,69,69,69,69,69,69,57,57,57,57,57,57],"card_choices":[{"not_picked":["Slice","Reflex"],"picked":"Deadly Poison","floor":1.0},{"not_picked":["Masterful Stab","Prepared"],"picked":"Deflect","floor":3.0},{"not_picked":["Underhanded Strike","Acrobatics"],"picked":"Dagger Spray","floor":4.0},{"not_picked":["Venomology","Eviscerate"],"picked":"Dash","floor":7.0},{"not_picked":["Dagger Throw","Quick Slash"],"picked":"Leg Sweep","floor":8.0},{"not_picked":["Dodge and Roll","Sucker Punch"],"picked":"Catalyst","floor":10.0},{"not_picked":["Bane","Deflect","Prepared"],"picked":"SKIP","floor":12.0},{"not_picked":["Grand Finale","Burst"],"picked":"Malaise","floor":16.0},{"not_picked":["Deflect","Flying Knee","Distraction"],"picked":"SKIP","floor":18},{"not_picked":["Deflect","Flying Knee","Distraction"],"picked":"SKIP","floor":18},{"not_picked":["Masterful Stab","Backstab","Choke"],"picked":"SKIP","floor":20},{"not_picked":["Masterful Stab","Choke"],"picked":"Backstab","floor":20},{"not_picked":["Flying Knee","Concentrate"],"picked":"Dodge and Roll","floor":22},{"not_picked":["Outmaneuver","Poisoned Stab"],"picked":"Dodge and Roll","floor":28},{"not_picked":["Storm of Steel","Eviscerate"],"picked":"Malaise","floor":29},{"not_picked":["Heel Hook","Dagger Throw","Blade Dance+1"],"picked":"SKIP","floor":31},{"not_picked":["Phantasmal Killer","Glass Knife"],"picked":"Adrenaline","floor":33},{"not_picked":["Underhanded Strike","Prepared"],"picked":"Crippling Poison+1","floor":35},{"not_picked":["Cloak And Dagger","Dodge and Roll"],"picked":"PiercingWail","floor":38},{"not_picked":["Crippling Poison+1","Quick Slash+1","Backstab"],"picked":"SKIP","floor":39},{"not_picked":["Bullet Time","Reflex"],"picked":"Bouncing Flask","floor":41},{"not_picked":["Quick Slash","Blade Dance+1","Masterful Stab"],"picked":"SKIP","floor":45},{"not_picked":["Impatience+1","Magnetism+1"],"picked":"Finesse+1","floor":47},{"not_picked":["Acrobatics+1","Skewer"],"picked":"Calculated Gamble+1","floor":48}],"player_experience":1079110,"relics_obtained":[{"floor":2.0,"key":"Bronze Scales"},{"floor":7.0,"key":"Strawberry"},{"floor":9.0,"key":"Whetstone"},{"floor":10.0,"key":"War Paint"},{"floor":19,"key":"Enchiridion"},{"floor":29,"key":"Regal Pillow"},{"floor":31,"key":"Happy Flower"},{"floor":41,"key":"Art of War"},{"floor":43,"key":"Frozen Egg 2"},{"floor":44,"key":"Toxic Egg 2"}],"event_choices":[{"damage_healed":0.0,"max_hp_gain":0.0,"max_hp_loss":0.0,"gold_gain":0.0,"event_name":"Wheel of Change","player_choice":"Relic","floor":2.0,"gold_loss":0.0,"damage_taken":0.0},{"damage_healed":16.0,"max_hp_gain":0.0,"max_hp_loss":0.0,"gold_gain":0.0,"event_name":"The Cleric","player_choice":"Healed","floor":5.0,"gold_loss":35.0,"damage_taken":0.0},{"damage_healed":0.0,"max_hp_gain":0.0,"max_hp_loss":0.0,"gold_gain":75.0,"event_name":"World of Goop","player_choice":"Gather Gold","floor":14.0,"gold_loss":0.0,"damage_taken":11.0},{"damage_healed":0,"gold_gain":0,"player_choice":"Obtained Book","damage_taken":21,"max_hp_gain":0,"max_hp_loss":0,"event_name":"Cursed Tome","floor":19,"gold_loss":0},{"damage_healed":0,"gold_gain":0,"player_choice":"1 cards matched","damage_taken":0,"max_hp_gain":0,"max_hp_loss":0,"event_name":"Match and Keep!","floor":24,"gold_loss":0,"cards_obtained":["Backflip"]},{"damage_healed":0,"gold_gain":0,"player_choice":"Max HP","damage_taken":0,"max_hp_gain":0,"max_hp_loss":4,"event_name":"Winding Halls","floor":36,"gold_loss":0},{"damage_healed":0,"gold_gain":0,"cards_transformed":["Strike_G"],"player_choice":"Transformed","damage_taken":0,"max_hp_gain":0,"max_hp_loss":0,"event_name":"Transmorgrifier","floor":37,"gold_loss":0,"cards_obtained":["Dash"]},{"damage_healed":0,"gold_gain":0,"player_choice":"Ignored","damage_taken":0,"max_hp_gain":0,"max_hp_loss":0,"event_name":"Tomb of Lord Red Mask","floor":42,"gold_loss":0},{"damage_healed":57,"gold_gain":0,"player_choice":"Heal","damage_taken":0,"max_hp_gain":0,"max_hp_loss":12,"event_name":"The Moai Head","floor":46,"gold_loss":0},{"damage_healed":0,"gold_gain":0,"player_choice":"Memory 1","damage_taken":0,"max_hp_gain":0,"max_hp_loss":0,"event_name":"SensoryStone","floor":47,"gold_loss":0}],"is_beta":true,"boss_relics":[{"not_picked":["White Beast Statue","Calling Bell"],"picked":"Astrolabe"},{"not_picked":["Ring of the Serpent","Coffee Dripper"],"picked":"Philosopher\u0027s Stone"}],"items_purged_floors":[],"is_endless":false,"potions_floor_spawned":[4,7,10,16,18,22,29,31,38,39,48],"killed_by":"Donu and Deca","ascension_level":20}