{"gold_per_floor":[109,59,74,84,101,101,131,131,155,186,186,205,231,245,245,245],"floor_reached":16,"playtime":819,"items_purged":[],"score":177,"play_id":"e481264e-a07b-42cf-a2d5-95944507b50e","local_time":"20190126151238","is_ascension_mode":true,"campfire_choices":[{"data":"Armaments","floor":6,"key":"SMITH"},{"data":"Intimidate","floor":8,"key":"SMITH"},{"floor":15,"key":"REST"}],"neow_cost":"NONE","seed_source_timestamp":136104098030,"circlet_count":0,"master_deck":["Strike_R","Strike_R","Strike_R","Strike_R","Defend_R","Defend_R","Defend_R","Defend_R","Bash","Juggernaut","Armaments+1","Shrug It Off","Iron Wave+1","Intimidate+1","Rampage","Body Slam"],"relics":["Burning Blood","Bronze Scales","Blood Vial","Centennial Puzzle","Gremlin Horn"],"potions_floor_usage":[5,14,16],"damage_taken":[{"damage":0,"enemies":"Small Slimes","floor":1,"turns":3},{"damage":8,"enemies":"Jaw Worm","floor":3,"turns":5},{"damage":1,"enemies":"Cultist","floor":4,"turns":4},{"damage":13,"enemies":"Exordium Wildlife","floor":5,"turns":4},{"damage":32,"enemies":"3 Sentries","floor":7,"turns":9},{"damage":31,"enemies":"Gremlin Nob","floor":10,"turns":5},{"damage":0,"enemies":"Looter","floor":12,"turns":3},{"damage":20,"enemies":"Lagavulin","floor":13,"turns":6},{"damage":18,"enemies":"Exordium Thugs","floor":14,"turns":3},{"damage":45,"enemies":"Slime Boss","floor":16,"turns":8}],"seed_played":"8634101368989831227","potions_obtained":[{"floor":1,"key":"Energy Potion"},{"floor":3,"key":"GamblersBrew"},{"floor":12,"key":"Fire Potion"}],"is_trial":false,"path_per_floor":["M","?","M","M","M","R","E","R","T","E","?","M","E","M","R","B"],"character_chosen":"IRONCLAD","items_purchased":[],"campfire_rested":1,"item_purchase_floors":[],"current_hp_per_floor":[78,78,76,80,73,73,47,47,47,24,24,32,20,10,34,0],"gold":245,"neow_bonus":"ONE_RANDOM_RARE_CARD","is_prod":false,"is_daily":false,"chose_seed":false,"campfire_upgraded":2,"win_rate":0,"timestamp":1548533558,"path_taken":["M","?","M","M","M","R","E","R","T","E","?","M","E","M","R","BOSS"],"build_version":"2019-01-23","purchased_purges":0,"victory":false,"max_hp_per_floor":[80,80,80,80,80,80,80,80,80,80,80,80,80,80,80,80],"card_choices":[{"not_picked":["Second Wind","Wild Strike"],"picked":"Armaments","floor":1},{"not_picked":["Anger","Body Slam"],"picked":"Shrug It Off","floor":3},{"not_picked":["Heavy Blade","Second Wind"],"picked":"Iron Wave","floor":4},{"not_picked":["Exhume","Fire Breathing","Headbutt"],"picked":"SKIP","floor":5},{"not_picked":["Wild Strike","Reckless Charge"],"picked":"Intimidate","floor":7},{"not_picked":["Headbutt","Flex"],"picked":"Rampage","floor":10},{"not_picked":["Clash","Flex","Warcry"],"picked":"SKIP","floor":12},{"not_picked":["Power Through","Dropkick","Searing Blow"],"picked":"SKIP","floor":13},{"not_picked":["Double Tap","Shrug It Off"],"picked":"Body Slam","floor":14}],"player_experience":264023,"relics_obtained":[{"floor":7,"key":"Bronze Scales"},{"floor":9,"key":"Blood Vial"},{"floor":10,"key":"Centennial Puzzle"},{"floor":13,"key":"Gremlin Horn"}],"event_choices":[{"cards_removed":["Strike_R"],"damage_healed":0,"gold_gain":0,"player_choice":"Card Removal","damage_taken":0,"max_hp_gain":0,"max_hp_loss":0,"event_name":"The Cleric","floor":2,"gold_loss":50},{"damage_healed":0,"gold_gain":0,"player_choice":"Grow","damage_taken":0,"max_hp_gain":0,"max_hp_loss":0,"event_name":"Living Wall","floor":11,"gold_loss":0,"cards_upgraded":["Iron Wave"]}],"is_beta":true,"boss_relics":[],"items_purged_floors":[],"is_endless":false,"potions_floor_spawned":[1,3,12],"killed_by":"Slime Boss","ascension_level":9}