{"gold_per_floor":[114,33,44,55,68,68,97,109,134,145,47,107,107,120,120,192,192,203,117,144,144,217,217,15,40,40,69,69,99,99,112,112,189,189,202,302,302,302,313,313,338,338,391,391,411,411,411,441,441,441,441],"floor_reached":52,"playtime":4842,"items_purged":["Strike_R"],"score":1883,"play_id":"7962fc68-56d2-46bd-9a96-e41c86724817","local_time":"20190219025605","is_ascension_mode":true,"campfire_choices":[{"data":"Evolve","floor":6.0,"key":"SMITH"},{"data":"Feed","floor":13.0,"key":"SMITH"},{"data":"Power Through","floor":15.0,"key":"SMITH"},{"data":"Disarm","floor":23.0,"key":"SMITH"},{"data":"Exhume","floor":32.0,"key":"SMITH"},{"data":"Body Slam","floor":40.0,"key":"SMITH"},{"data":"Impervious","floor":47.0,"key":"SMITH"},{"data":"Metallicize","floor":49.0,"key":"SMITH"}],"neow_cost":"TEN_PERCENT_HP_LOSS","seed_source_timestamp":827051288652100,"circlet_count":0,"master_deck":["AscendersBane","Defend_R","Defend_R","Defend_R","Defend_R","Bash+1","Power Through+1","Intimidate","Evolve+1","Pommel Strike+1","Impervious+1","Shrug It Off","Headbutt","Feel No Pain+1","Flash of Steel","Feed+1","Flex","Exhume+1","Metallicize+1","Disarm+1","Shockwave+1","Warcry+1","Offering+1","Inflame","Uppercut","Offering+1","Corruption+1","Disarm+1","Double Tap+1","Body Slam+1","Corruption+1","Warcry+1","Dark Shackles+1","Chrysalis+1","Discovery+1","Entrench+1","Ghostly Armor+1","Battle Trance+1"],"special_seed":0,"relics":["Burning Blood","Orichalcum","Whetstone","Tiny Chest","Sozu","Bag of Marbles","Pantograph","Toxic Egg 2","Vajra","Bronze Scales","Juzu Bracelet","Boot","Orrery","Du-Vu Doll","Red Skull","Sundial"],"potions_floor_usage":[],"damage_taken":[{"damage":17.0,"enemies":"Cultist","floor":1.0,"turns":4.0},{"damage":2.0,"enemies":"Jaw Worm","floor":3.0,"turns":5.0},{"damage":0.0,"enemies":"Small Slimes","floor":4.0,"turns":4.0},{"damage":1.0,"enemies":"Exordium Wildlife","floor":5.0,"turns":4.0},{"damage":17.0,"enemies":"Lagavulin","floor":7.0,"turns":8.0},{"damage":0.0,"enemies":"2 Fungi Beasts","floor":8.0,"turns":4.0},{"damage":0.0,"enemies":"Blue Slaver","floor":10.0,"turns":5.0},{"damage":14.0,"enemies":"Gremlin Nob","floor":12.0,"turns":4.0},{"damage":6.0,"enemies":"Large Slime","floor":14.0,"turns":6.0},{"damage":8.0,"enemies":"Slime Boss","floor":16.0,"turns":12.0},{"damage":1.0,"enemies":"Spheric Guardian","floor":18.0,"turns":5.0},{"damage":2.0,"enemies":"Gremlin Leader","floor":27.0,"turns":8.0},{"damage":4.0,"enemies":"Book of Stabbing","floor":29.0,"turns":6.0},{"damage":6.0,"enemies":"Shell Parasite","floor":31.0,"turns":6.0},{"damage":50.0,"enemies":"Automaton","floor":33.0,"turns":13.0},{"damage":22.0,"enemies":"3 Darklings","floor":35.0,"turns":5.0},{"damage":6.0,"enemies":"Mind Bloom Boss Battle","floor":36.0,"turns":8.0},{"damage":12.0,"enemies":"Orb Walker","floor":39.0,"turns":2.0},{"damage":70.0,"enemies":"Reptomancer","floor":41.0,"turns":5.0},{"damage":6.0,"enemies":"Jaw Worm Horde","floor":45.0,"turns":3.0},{"damage":18.0,"enemies":"Nemesis","floor":48.0,"turns":5.0},{"damage":28,"enemies":"Awakened One","floor":50,"turns":11},{"damage":28,"enemies":"Time Eater","floor":51,"turns":9}],"seed_played":"-5928308586170292656","potions_obtained":[{"floor":3.0,"key":"SteroidPotion"},{"floor":4.0,"key":"SteroidPotion"},{"floor":8.0,"key":"Strength Potion"},{"floor":10.0,"key":"SteroidPotion"},{"floor":14.0,"key":"Fire Potion"}],"is_trial":false,"path_per_floor":["M","$","M","M","M","R","E","M","T","M","$","E","R","M","R","B",null,"M","$","T","T","T","R","$","T","T","E","?","E","?","M","R","B",null,"M","?","?","?","M","R","E","?","T","?","M","?","R","E","R","B","B",null],"character_chosen":"IRONCLAD","items_purchased":["Evolve","Flash of Steel","Disarm","Shockwave+1","Warcry+1"],"campfire_rested":0,"item_purchase_floors":[2,11,19,24,24],"current_hp_per_floor":[57,57,61,67,68,68,57,63,63,68,68,60,60,64,64,62,70,76,76,76,76,76,76,76,76,76,80,80,80,80,84,84,40,73,61,90,80,80,74,74,10,10,10,10,14,79,79,71,71,61,61],"gold":441,"neow_bonus":"TRANSFORM_TWO_CARDS","is_prod":false,"is_daily":false,"chose_seed":false,"campfire_upgraded":8,"win_rate":0,"timestamp":1550562965,"path_taken":["M","$","M","?","M","R","E","M","T","M","$","E","R","M","R","BOSS","M","$","?","?","?","R","$","?","T","E","?","E","?","M","R","BOSS","M","?","?","?","M","R","E","?","T","?","M","?","R","E","R","BOSS","BOSS"],"build_version":"2019-01-23","purchased_purges":1,"victory":true,"max_hp_per_floor":[68,68,68,68,68,68,68,68,68,68,68,68,68,72,72,72,72,76,76,76,76,76,76,76,76,76,80,80,80,80,84,84,84,84,88,92,92,92,92,92,92,92,92,92,96,79,79,83,83,83,83],"card_choices":[{"not_picked":["Warcry","Burning Pact","Cleave"],"picked":"SKIP","floor":1.0},{"not_picked":["Pummel","Shrug It Off"],"picked":"Clothesline","floor":3.0},{"not_picked":["Heavy Blade","Warcry"],"picked":"Pommel Strike","floor":4.0},{"not_picked":["Bloodletting","Pommel Strike"],"picked":"Impervious","floor":5.0},{"not_picked":["Havoc","Twin Strike"],"picked":"Shrug It Off","floor":7.0},{"not_picked":["Infernal Blade","Cleave"],"picked":"Headbutt","floor":8.0},{"not_picked":["Intimidate","Perfected Strike"],"picked":"Feel No Pain","floor":10.0},{"not_picked":["Limit Break","Dropkick"],"picked":"Feed","floor":12.0},{"not_picked":["Heavy Blade","Pommel Strike"],"picked":"Flex","floor":14.0},{"not_picked":["Feed","Double Tap"],"picked":"Exhume","floor":16.0},{"not_picked":["Infernal Blade","Spot Weakness"],"picked":"Metallicize","floor":18.0},{"not_picked":["Carnage","Rampage","Hemokinesis"],"picked":"SKIP","floor":27.0},{"not_picked":["Body Slam","Perfected Strike"],"picked":"Offering+1","floor":29.0},{"not_picked":["Sword Boomerang","Bludgeon","Infernal Blade+1"],"picked":"SKIP","floor":31.0},{"not_picked":["Reaper","Berserk"],"picked":"Offering+1","floor":33.0},{"not_picked":["Havoc+1","Blood for Blood"],"picked":"Corruption+1","floor":34.0},{"not_picked":["Seeing Red+1","Sword Boomerang"],"picked":"Disarm+1","floor":34.0},{"not_picked":["Heavy Blade","Flex+1"],"picked":"Double Tap+1","floor":34.0},{"not_picked":["Cleave","Intimidate+1"],"picked":"Body Slam","floor":34.0},{"not_picked":["Shrug It Off+1","Fire Breathing"],"picked":"Corruption+1","floor":35.0},{"not_picked":["Whirlwind+1","Iron Wave"],"picked":"Warcry+1","floor":36.0},{"not_picked":["Finesse+1","Forethought+1"],"picked":"Dark Shackles+1","floor":37.0},{"not_picked":["Purity+1","Dark Shackles+1"],"picked":"Chrysalis+1","floor":37.0},{"not_picked":["Secret Weapon+1","Panache"],"picked":"Discovery+1","floor":37.0},{"not_picked":["Twin Strike","Iron Wave"],"picked":"Entrench+1","floor":39.0},{"not_picked":["Sword Boomerang","Intimidate+1","Corruption"],"picked":"SKIP","floor":41.0},{"not_picked":["Wild Strike","Heavy Blade"],"picked":"Ghostly Armor+1","floor":45.0},{"not_picked":["Inflame","Wild Strike+1"],"picked":"Battle Trance+1","floor":48.0}],"player_experience":583801,"relics_obtained":[{"floor":7.0,"key":"Orichalcum"},{"floor":9.0,"key":"Whetstone"},{"floor":12.0,"key":"Tiny Chest"},{"floor":20.0,"key":"Bag of Marbles"},{"floor":21.0,"key":"Pantograph"},{"floor":22.0,"key":"Toxic Egg 2"},{"floor":25.0,"key":"Vajra"},{"floor":26.0,"key":"Bronze Scales"},{"floor":27.0,"key":"Juzu Bracelet"},{"floor":29.0,"key":"Boot"},{"floor":36.0,"key":"Du-Vu Doll"},{"floor":41.0,"key":"Red Skull"},{"floor":48.0,"key":"Sundial"}],"event_choices":[{"damage_healed":0.0,"max_hp_gain":0.0,"max_hp_loss":0.0,"gold_gain":0.0,"event_name":"The Mausoleum","player_choice":"Ignored","floor":28.0,"gold_loss":0.0,"damage_taken":0.0},{"damage_healed":0.0,"max_hp_gain":0.0,"max_hp_loss":0.0,"gold_gain":0.0,"cards_transformed":["Strike_R","Strike_R"],"event_name":"Drug Dealer","player_choice":"Became Test Subject","floor":30.0,"gold_loss":0.0,"damage_taken":0.0,"cards_obtained":["Inflame","Uppercut"]},{"damage_healed":0.0,"max_hp_gain":0.0,"max_hp_loss":0.0,"gold_gain":0.0,"event_name":"MindBloom","player_choice":"Fight","floor":36.0,"gold_loss":0.0,"damage_taken":0.0},{"damage_healed":0.0,"max_hp_gain":0.0,"max_hp_loss":0.0,"gold_gain":0.0,"event_name":"SensoryStone","player_choice":"Memory 3","floor":37.0,"gold_loss":0.0,"damage_taken":10.0},{"damage_healed":0.0,"max_hp_gain":0.0,"max_hp_loss":0.0,"gold_gain":0.0,"event_name":"Tomb of Lord Red Mask","player_choice":"Ignored","floor":38.0,"gold_loss":0.0,"damage_taken":0.0},{"cards_removed":["Clothesline"],"damage_healed":0.0,"max_hp_gain":0.0,"max_hp_loss":0.0,"gold_gain":0.0,"event_name":"Falling","player_choice":"Removed Attack","floor":42.0,"gold_loss":0.0,"damage_taken":0.0},{"damage_healed":0.0,"max_hp_gain":0.0,"max_hp_loss":0.0,"gold_gain":0.0,"event_name":"Upgrade Shrine","player_choice":"Upgraded","floor":44.0,"gold_loss":0.0,"damage_taken":0.0,"cards_upgraded":["Feel No Pain"]},{"damage_healed":79.0,"max_hp_gain":0.0,"max_hp_loss":17.0,"gold_gain":0.0,"event_name":"The Moai Head","player_choice":"Heal","floor":46.0,"gold_loss":0.0,"damage_taken":0.0}],"is_beta":false,"boss_relics":[{"not_picked":["Velvet Choker","Tiny House"],"picked":"Sozu"},{"not_picked":["Pandora\u0027s Box","Empty Cage"],"picked":"Orrery"}],"items_purged_floors":[24],"is_endless":false,"potions_floor_spawned":[3,4,8,10,14,27,33,35,36,45],"ascension_level":20}