{"gold_per_floor":[118,118,132,144,159,216,216,230,230,230,248,273,273,298,298,375,375,390,315,331,331,331,331,256,291,291,391,391,391,410,443,443,443],"floor_reached":33,"playtime":1457,"items_purged":["Strike_B"],"score":710,"play_id":"9540d6af-dca4-410d-abc8-cdf3de28973a","local_time":"20190302220035","is_ascension_mode":true,"campfire_choices":[{"floor":7.0,"key":"REST"},{"floor":10.0,"key":"REST"},{"data":"Coolheaded","floor":13.0,"key":"SMITH"},{"data":"Static Discharge","floor":15.0,"key":"SMITH"},{"data":"Sweeping Beam","floor":23.0,"key":"SMITH"},{"floor":28,"key":"REST"},{"floor":32,"key":"REST"}],"neow_cost":"NONE","seed_source_timestamp":693663234865922,"circlet_count":0,"master_deck":["AscendersBane","Strike_B","Strike_B","Defend_B","Defend_B","Defend_B","Defend_B","Zap+1","Dualcast","Auto Shields","Coolheaded+1","Gash","FTL","Sweeping Beam+1","Compile Driver","Gash","Core Surge","Static Discharge+1","All For One","Skim+1","Conserve Battery","Clumsy","Steam+1","Writhe","Barrage+1","Leap"],"special_seed":0,"relics":["Cracked Core","Tiny Chest","Cables","Bottled Flame","Cursed Key","Art of War","Question Card","Thread and Needle","Pear","Symbiotic Virus","Ancient Tea Set"],"potions_floor_usage":[27],"damage_taken":[{"damage":11.0,"enemies":"Jaw Worm","floor":1.0,"turns":4.0},{"damage":1.0,"enemies":"Cultist","floor":3.0,"turns":4.0},{"damage":0.0,"enemies":"Small Slimes","floor":4.0,"turns":2.0},{"damage":6.0,"enemies":"2 Fungi Beasts","floor":5.0,"turns":3.0},{"damage":36.0,"enemies":"Lagavulin","floor":6.0,"turns":7.0},{"damage":5.0,"enemies":"Large Slime","floor":8.0,"turns":7.0},{"damage":6.0,"enemies":"Exordium Thugs","floor":11.0,"turns":3.0},{"damage":0.0,"enemies":"3 Sentries","floor":12.0,"turns":4.0},{"damage":10.0,"enemies":"Lagavulin","floor":14.0,"turns":5.0},{"damage":25.0,"enemies":"The Guardian","floor":16.0,"turns":9.0},{"damage":1.0,"enemies":"3 Byrds","floor":18.0,"turns":4.0},{"damage":0.0,"enemies":"Chosen","floor":20.0,"turns":3.0},{"damage":0.0,"enemies":"Snake Plant","floor":22.0,"turns":1.0},{"damage":27.0,"enemies":"Book of Stabbing","floor":25.0,"turns":3.0},{"damage":11,"enemies":"Colosseum Slavers","floor":27,"turns":4},{"damage":20,"enemies":"Colosseum Nobs","floor":27,"turns":2},{"damage":7,"enemies":"Cultist and Chosen","floor":30,"turns":5},{"damage":0,"enemies":"Gremlin Leader","floor":31,"turns":5},{"damage":77,"enemies":"Collector","floor":33,"turns":7}],"seed_played":"7946645522266214952","potions_obtained":[{"floor":3.0,"key":"SteroidPotion"},{"floor":6.0,"key":"AttackPotion"},{"floor":11.0,"key":"FocusPotion"},{"floor":12.0,"key":"SmokeBomb"},{"floor":25.0,"key":"PowerPotion"}],"is_trial":false,"path_per_floor":["M","?","M","M","M","E","R","M","T","R","M","E","R","E","R","B",null,"M","$","M","?","M","R","?","E","T","?","R","?","M","E","R","B"],"character_chosen":"DEFECT","items_purchased":[],"campfire_rested":4,"item_purchase_floors":[],"current_hp_per_floor":[60,60,59,59,53,17,40,35,35,58,52,52,52,42,42,17,63,62,62,62,62,62,62,62,35,35,14,40,40,33,33,59,0],"gold":443,"neow_bonus":"TEN_PERCENT_HP_BONUS","is_prod":false,"is_daily":false,"chose_seed":false,"campfire_upgraded":3,"win_rate":0,"timestamp":1551582035,"path_taken":["M","?","M","M","M","E","R","?","T","R","M","E","R","E","R","BOSS","M","$","M","?","M","R","?","E","T","?","R","?","M","E","R","BOSS"],"build_version":"2019-02-06","purchased_purges":1,"victory":false,"max_hp_per_floor":[78,78,78,78,78,78,78,78,78,78,78,78,78,78,78,78,78,78,78,78,78,78,78,78,78,78,88,88,88,88,88,88,88],"card_choices":[{"not_picked":["Turbo","Capacitor"],"picked":"Auto Shields","floor":1.0},{"not_picked":["Turbo","Redo"],"picked":"Coolheaded","floor":3.0},{"not_picked":["Redo","Coolheaded"],"picked":"Gash","floor":4.0},{"not_picked":["Heatsinks","Reinforced Body"],"picked":"FTL","floor":5.0},{"not_picked":["Coolheaded","Leap"],"picked":"Sweeping Beam","floor":6.0},{"not_picked":["Rebound","Turbo"],"picked":"Compile Driver","floor":8.0},{"not_picked":["Blizzard","Recycle"],"picked":"Gash","floor":11.0},{"not_picked":["Thunder Strike","Steam"],"picked":"Core Surge","floor":12.0},{"not_picked":["Beam Cell","Streamline"],"picked":"Static Discharge","floor":14.0},{"not_picked":["Core Surge","Reboot"],"picked":"All For One","floor":16.0},{"not_picked":["Fusion","White Noise"],"picked":"Skim+1","floor":18.0},{"not_picked":["Coolheaded","Blizzard"],"picked":"Conserve Battery","floor":20.0},{"not_picked":["Static Discharge","Storm","Force Field"],"picked":"SKIP","floor":25.0},{"not_picked":["Beam Cell","Melter","Heatsinks"],"picked":"Steam+1","floor":27},{"not_picked":["Meteor Strike","Go for the Eyes","Redo"],"picked":"Barrage+1","floor":30},{"not_picked":["Turbo","Double Energy","Scrape"],"picked":"Leap","floor":31}],"player_experience":1033680,"relics_obtained":[{"floor":6.0,"key":"Tiny Chest"},{"floor":12.0,"key":"Cables"},{"floor":14.0,"key":"Bottled Flame"},{"floor":25.0,"key":"Art of War"},{"floor":26.0,"key":"Question Card"},{"floor":27,"key":"Thread and Needle"},{"floor":27,"key":"Pear"},{"floor":31,"key":"Ancient Tea Set"}],"event_choices":[{"damage_healed":0.0,"max_hp_gain":0.0,"max_hp_loss":0.0,"gold_gain":0.0,"event_name":"Upgrade Shrine","player_choice":"Upgraded","floor":2.0,"gold_loss":0.0,"damage_taken":0.0,"cards_upgraded":["Zap"]},{"damage_healed":0.0,"max_hp_gain":0.0,"max_hp_loss":0.0,"gold_gain":0.0,"event_name":"Vampires","player_choice":"Ignored","floor":21.0,"gold_loss":0.0,"damage_taken":0.0},{"cards_removed":["Strike_B"],"damage_healed":0.0,"max_hp_gain":0.0,"max_hp_loss":0.0,"gold_gain":0.0,"event_name":"Beggar","player_choice":"Gave Gold","floor":24.0,"gold_loss":75.0,"damage_taken":0.0},{"damage_healed":0,"gold_gain":0,"player_choice":"Fight","damage_taken":0,"max_hp_gain":0,"max_hp_loss":0,"event_name":"Colosseum","floor":27,"gold_loss":0},{"damage_healed":0,"gold_gain":0,"player_choice":"Fought Nobs","damage_taken":0,"max_hp_gain":0,"max_hp_loss":0,"event_name":"Colosseum","floor":27,"gold_loss":0},{"damage_healed":0,"gold_gain":0,"player_choice":"Opened","damage_taken":0,"relics_obtained":["Symbiotic Virus"],"max_hp_gain":0,"max_hp_loss":0,"event_name":"The Mausoleum","floor":29,"gold_loss":0,"cards_obtained":["Writhe"]}],"is_beta":true,"boss_relics":[{"not_picked":["Eternal Feather","Philosopher\u0027s Stone"],"picked":"Cursed Key"}],"items_purged_floors":[19],"is_endless":false,"potions_floor_spawned":[3,6,11,12,22,25,27],"killed_by":"Collector","ascension_level":20}