{"path_per_floor":["M","$","?","?","M","M","E","M","T","E","R","?","R","M","R","B",null,"M","?","?","?","?","R","E","M","T","?","R","M","E","M","R","B",null,"M","?"],"character_chosen":"THE_SILENT","items_purchased":["Noxious Fumes"],"gold_per_floor":[113,44,44,44,64,74,105,119,119,146,146,146,146,160,160,259,259,271,271,321,221,221,221,246,266,266,191,191,201,229,247,247,348,348,364,364,364],"floor_reached":37,"campfire_rested":2,"playtime":1893,"current_hp_per_floor":[75,75,60,60,60,60,57,57,57,48,48,67,67,67,67,59,77,77,77,77,77,77,77,48,36,36,36,58,32,19,8,30,20,74,53,53,0],"items_purged":[],"gold":364,"score":465,"play_id":"50e58cdb-08ba-4946-8a97-0ee49887181d","local_time":"20180331035955","is_prod":false,"is_daily":false,"is_ascension_mode":false,"campfire_upgraded":4,"timestamp":1522493995,"path_taken":["M","$","?","?","M","M","E","M","T","E","R","?","R","M","R","BOSS","M","?","?","?","?","R","E","M","T","?","R","M","E","M","R","BOSS","M","?","BOSS"],"build_version":"2018-03-29v2","purchased_purges":0,"victory":false,"master_deck":["Defend_G","Defend_G","Defend_G","Defend_G","Defend_G+1","Strike_G","Strike_G","Strike_G","Strike_G","Strike_G","Survivor","Neutralize+1","Sucker Punch","Noxious Fumes+1","Crippling Poison+1","Bouncing Flask+1","Slice","Catalyst+1","Deflect","Acrobatics","Die Die Die","Crippling Poison+1","J.A.X.","Crippling Poison","Deflect","Deflect","Outmaneuver","Outmaneuver+1","Adrenaline","Noxious Fumes+1","Tools of the Trade","Noxious Fumes+1","Poisoned Stab","Catalyst","Well Laid Plans","Acrobatics+1"],"max_hp_per_floor":[77,77,77,77,77,77,77,77,77,77,77,77,77,77,77,77,77,77,77,77,77,77,77,77,77,77,74,74,74,74,74,74,74,74,74,74,74],"relics":["Ring of the Snake","Juzu Bracelet","Torii","Paper Crane","The Specimen","Snake Skull","Dream Catcher","Art of War","Omamori","Orrery"],"card_choices":[{"not_picked":["Masterful Stab","Crippling Poison"],"picked":"Sucker Punch","floor":1},{"not_picked":["Finisher","Deflect"],"picked":"Crippling Poison","floor":5},{"not_picked":["Acrobatics","Outmaneuver"],"picked":"Bouncing Flask","floor":6},{"not_picked":["PiercingWail","Leg Sweep"],"picked":"Slice","floor":7},{"not_picked":["Dodge and Roll","Dagger Throw"],"picked":"Catalyst","floor":8},{"not_picked":["Predator","Tactician"],"picked":"Deflect","floor":10},{"not_picked":["Finisher","PiercingWail"],"picked":"Acrobatics","floor":14},{"not_picked":["Corpse Explosion","Night Terror"],"picked":"Die Die Die","floor":16},{"not_picked":["Sucker Punch","Predator"],"picked":"Crippling Poison","floor":18},{"not_picked":["Blur","Eviscerate"],"picked":"Crippling Poison","floor":24},{"not_picked":["Flechettes","Endless Agony"],"picked":"Deflect","floor":25},{"not_picked":["Masterful Stab","Accuracy"],"picked":"Deflect","floor":28},{"not_picked":["Dagger Spray","PiercingWail"],"picked":"Outmaneuver","floor":29},{"not_picked":["Slice","Finisher"],"picked":"Outmaneuver","floor":30},{"not_picked":["PiercingWail","Flying Knee"],"picked":"Adrenaline","floor":31},{"not_picked":["Dagger Throw","Well Laid Plans"],"picked":"Noxious Fumes","floor":32},{"not_picked":["Unload","A Thousand Cuts"],"picked":"Tools of the Trade","floor":33},{"not_picked":["Leg Sweep","Cloak And Dagger"],"picked":"Noxious Fumes","floor":34},{"not_picked":["Underhanded Strike","Infinite Blades"],"picked":"Poisoned Stab","floor":34},{"not_picked":["Poisoned Stab","Finisher"],"picked":"Catalyst","floor":34},{"not_picked":["Prepared","Dodge and Roll"],"picked":"Well Laid Plans","floor":34},{"not_picked":["Heel Hook","Dagger Throw"],"picked":"Acrobatics","floor":35}],"player_experience":54947,"potions_floor_usage":[7,8,14,29,29,30,31,33],"damage_taken":[{"damage":2,"enemies":"Jaw Worm","floor":1,"turns":7},{"damage":0,"enemies":"2 Louse","floor":5,"turns":3},{"damage":0,"enemies":"Cultist","floor":6,"turns":4},{"damage":3,"enemies":"Lagavulin","floor":7,"turns":6},{"damage":0,"enemies":"Lots of Slimes","floor":8,"turns":2},{"damage":9,"enemies":"3 Sentries","floor":10,"turns":6},{"damage":0,"enemies":"2 Fungi Beasts","floor":14,"turns":3},{"damage":8,"enemies":"The Guardian","floor":16,"turns":6},{"damage":0,"enemies":"Spheric Guardian","floor":18,"turns":2},{"damage":29,"enemies":"Gremlin Leader","floor":24,"turns":6},{"damage":12,"enemies":"2 Thieves","floor":25,"turns":4},{"damage":26,"enemies":"3 Cultists","floor":29,"turns":5},{"damage":13,"enemies":"Book of Stabbing","floor":30,"turns":6},{"damage":11,"enemies":"Cultist and Chosen","floor":31,"turns":5},{"damage":25,"enemies":"Collector","floor":33,"turns":5},{"damage":21,"enemies":"3 Shapes","floor":35,"turns":4},{"damage":60,"enemies":"Donu and Deca","floor":37,"turns":6}],"event_choices":[{"event_name":"Shining Light","player_choice":"Entered Light","floor":3,"damage_taken":0},{"event_name":"Accursed Blacksmith","player_choice":"Forge","floor":4,"damage_taken":0},{"event_name":"Mushrooms","player_choice":"Healed and dodged fight","floor":12,"damage_taken":0},{"event_name":"Ghosts","player_choice":"Ignored","floor":19,"damage_taken":0},{"event_name":"The Joust","player_choice":"Bet on Murderer","floor":20,"damage_taken":0},{"event_name":"Drug Dealer","player_choice":"Got JAXXED","floor":21,"damage_taken":0},{"event_name":"The Mausoleum","player_choice":"Yes","floor":22,"damage_taken":0},{"event_name":"Beggar","player_choice":"Gave Gold","floor":27,"damage_taken":0},{"event_name":"SecretPortal","player_choice":"Took Portal.","floor":36,"damage_taken":0}],"boss_relics":[{"not_picked":["Astrolabe","White Beast Statue"],"picked":"The Specimen"},{"not_picked":["Eternal Feather","Black Star"],"picked":"Orrery"}],"potions_floor_spawned":[5,7,10,14,16,18,30,31],"seed_played":"1367438661194149439","killed_by":"Donu and Deca","ascension_level":0,"is_trial":false}