{"path_per_floor":["M","M","?","M","?","E","R","E","T","M"],"character_chosen":"THE_SILENT","items_purchased":[],"gold_per_floor":[119,130,130,142,317,345,345,377,377,388,388],"floor_reached":11,"campfire_rested":1,"playtime":545,"current_hp_per_floor":[67,67,67,65,65,30,51,11,11,11,0],"items_purged":[],"gold":388,"score":83,"play_id":"933d4c92-4443-4c77-8c57-255fe14d7de9","local_time":"20180330030603","is_prod":false,"is_daily":false,"is_ascension_mode":false,"campfire_upgraded":0,"timestamp":1522404363,"path_taken":["M","M","?","M","?","E","R","E","T","?","?"],"build_version":"2018-03-29v2","purchased_purges":0,"victory":false,"master_deck":["Defend_G","Defend_G+1","Defend_G","Defend_G","Defend_G+1","Strike_G","Strike_G","Strike_G","Strike_G","Strike_G","Survivor","Neutralize","Quick Slash","Sucker Punch","Sucker Punch","Dodge and Roll","Dagger Throw","Outmaneuver","Backstab","Blur","Doubt","Endless Agony","Deflect","Noxious Fumes"],"max_hp_per_floor":[70,70,70,70,70,70,70,70,70,70,70],"relics":["Orrery","Toolbox","War Paint","Mummified Hand"],"card_choices":[{"not_picked":["Outmaneuver","Skewer"],"picked":"Quick Slash","floor":0},{"not_picked":["Malaise","Expertise"],"picked":"Sucker Punch","floor":0},{"not_picked":["Doppelganger","Backflip"],"picked":"Sucker Punch","floor":0},{"not_picked":["Bane","PiercingWail"],"picked":"Dodge and Roll","floor":0},{"not_picked":["Bane","Catalyst"],"picked":"Dagger Throw","floor":0},{"not_picked":["Phantasmal Killer","Skewer"],"picked":"Outmaneuver","floor":1},{"not_picked":["Dodge and Roll","Prepared"],"picked":"Backstab","floor":2},{"not_picked":["Expertise","Catalyst"],"picked":"Blur","floor":4},{"not_picked":["Distraction","Catalyst"],"picked":"Endless Agony","floor":6},{"not_picked":["Skewer","Underhanded Strike"],"picked":"Deflect","floor":8},{"not_picked":["Reflex","Flechettes"],"picked":"Noxious Fumes","floor":10}],"player_experience":37574,"potions_floor_usage":[],"damage_taken":[{"damage":3,"enemies":"Jaw Worm","floor":1,"turns":4},{"damage":0,"enemies":"2 Louse","floor":2,"turns":5},{"damage":2,"enemies":"Small Slimes","floor":4,"turns":3},{"damage":35,"enemies":"Gremlin Nob","floor":6,"turns":5},{"damage":40,"enemies":"Lagavulin","floor":8,"turns":10},{"damage":0,"enemies":"2 Fungi Beasts","floor":10,"turns":3}],"event_choices":[{"event_name":"The Cleric","player_choice":"Leave","floor":3,"damage_taken":0},{"event_name":"Liars Game","player_choice":"agreed","floor":5,"damage_taken":0}],"boss_relics":[],"potions_floor_spawned":[4,6,8],"seed_played":"8858905010570372611","ascension_level":0,"is_trial":false}