{"path_per_floor":["M","M","$","M","M","R","E","R","T","M","M","E","R","M","R","B",null,"M","?","?","$","M","E","M","R","T","?","E","M","M","$","R","B",null,"M","$","M","?","$","E","R","M","T","M","$","M","T","M","R","B"],"character_chosen":"IRONCLAD","items_purchased":["Vajra","Pommel Strike","Pen Nib","Lantern","Bag of Preparation","Flex"],"gold_per_floor":[111,123,48,61,79,79,106,106,129,148,160,189,189,199,199,302,302,320,350,275,23,33,68,83,83,83,83,110,123,142,47,47,149,149,168,20,34,34,34,362,362,375,375,387,48,64,88,106,106,106],"floor_reached":51,"campfire_rested":3,"playtime":2352,"current_hp_per_floor":[80,80,80,80,74,74,56,56,56,53,48,32,59,61,61,37,94,85,91,91,91,92,82,81,81,81,65,75,81,72,72,102,86,102,86,86,88,88,88,90,90,82,82,85,85,63,63,65,96,67],"items_purged":["Strike_R","Strike_R","Defend_R"],"gold":106,"score":982,"play_id":"34f8ebae-4246-4990-af7f-0634ed0b73dc","local_time":"20180426122145","is_prod":false,"is_daily":false,"chose_seed":false,"is_ascension_mode":true,"campfire_upgraded":5,"timestamp":1524759705,"path_taken":["M","M","$","M","M","R","E","R","T","M","M","E","R","M","R","BOSS","M","?","?","$","M","E","M","R","T","?","E","?","?","$","R","BOSS","M","$","M","?","$","E","R","M","T","?","$","M","?","M","R","BOSS"],"build_version":"2018-04-13","seed_source_timestamp":11886831196159,"purchased_purges":3,"victory":true,"master_deck":["Strike_R","Strike_R","Strike_R","Defend_R+1","Defend_R+1","Bash","Twin Strike","Seeing Red","Iron Wave","True Grit+1","Pommel Strike+1","Perfected Strike","Feed+1","Offering","Whirlwind+1","Demon Form","Iron Wave","Perfected Strike+1","Flame Barrier+1","Thunderclap","Twin Strike+1","Impervious","Pommel Strike","Body Slam+1","Pommel Strike","Demon Form","Shrug It Off+1","Shockwave+1","Enlightenment+1","Warcry+1","Flame Barrier+1","Armaments+1","Flex","Thunderclap","Offering"],"max_hp_per_floor":[80,80,80,80,80,80,90,90,90,90,90,90,90,90,90,94,94,94,98,98,98,98,98,98,98,98,98,102,102,102,102,102,102,102,102,102,102,102,102,102,102,102,102,102,102,106,106,106,106,110],"relics":["Burning Blood","Pear","Bronze Scales","Oddly Smooth Stone","Snecko Eye","Red Mask","Vajra","War Paint","Shuriken","Enchiridion","Smiling Mask","Lizard Tail","Pen Nib","Old Coin","Paper Frog","Lantern","Bag of Preparation","Omamori"],"card_choices":[{"not_picked":["Rupture","Warcry"],"picked":"Twin Strike","floor":1},{"not_picked":["Anger","Dual Wield"],"picked":"Seeing Red","floor":2},{"not_picked":["Warcry","Armaments"],"picked":"Iron Wave","floor":4},{"not_picked":["Wild Strike","Infernal Blade"],"picked":"True Grit","floor":5},{"not_picked":["Cleave","True Grit"],"picked":"Pommel Strike","floor":7},{"not_picked":["Flex","Rupture"],"picked":"Perfected Strike","floor":10},{"not_picked":["Heavy Blade","Sever Soul"],"picked":"Feed","floor":11},{"not_picked":["Infernal Blade","Shockwave"],"picked":"Offering","floor":12},{"not_picked":["Clothesline","Iron Wave"],"picked":"Whirlwind","floor":14},{"not_picked":["Exhume","Berserk"],"picked":"Demon Form","floor":16},{"not_picked":["Inflame","Sword Boomerang"],"picked":"Iron Wave","floor":18},{"not_picked":["Flame Barrier","Anger"],"picked":"Perfected Strike","floor":19},{"not_picked":["Headbutt","Searing Blow"],"picked":"Flame Barrier","floor":22},{"not_picked":["Pommel Strike","Headbutt"],"picked":"Thunderclap","floor":23},{"not_picked":["Wild Strike","Blood for Blood"],"picked":"Twin Strike","floor":24},{"not_picked":["Headbutt","Pummel"],"picked":"Impervious","floor":28},{"not_picked":["Twin Strike","Reckless Charge"],"picked":"Pommel Strike","floor":29},{"not_picked":["Wild Strike","Clash"],"picked":"Body Slam","floor":30},{"not_picked":["Impervious","Fiend Fire"],"picked":"Demon Form","floor":33},{"not_picked":["Body Slam","Flex"],"picked":"Shrug It Off","floor":35},{"not_picked":["Heavy Blade","Second Wind"],"picked":"Shockwave","floor":37},{"not_picked":["Swift Strike","Sadistic Nature"],"picked":"Enlightenment","floor":38},{"not_picked":["Thunderclap","Havoc"],"picked":"Warcry","floor":40},{"not_picked":["Rupture","Twin Strike"],"picked":"Flame Barrier","floor":42},{"not_picked":["Perfected Strike","Clash"],"picked":"Armaments","floor":44},{"not_picked":["Reckless Charge","Fire Breathing"],"picked":"Thunderclap","floor":46},{"not_picked":["Thunderclap","Hemokinesis"],"picked":"Offering","floor":48}],"player_experience":71081,"potions_floor_usage":[12,24,50,50,50],"damage_taken":[{"damage":3,"enemies":"2 Louse","floor":1,"turns":3},{"damage":6,"enemies":"Cultist","floor":2,"turns":3},{"damage":6,"enemies":"Jaw Worm","floor":4,"turns":4},{"damage":12,"enemies":"2 Fungi Beasts","floor":5,"turns":4},{"damage":34,"enemies":"3 Sentries","floor":7,"turns":11},{"damage":9,"enemies":"Exordium Wildlife","floor":10,"turns":5},{"damage":11,"enemies":"Looter","floor":11,"turns":2},{"damage":37,"enemies":"Lagavulin","floor":12,"turns":5},{"damage":4,"enemies":"Large Slime","floor":14,"turns":2},{"damage":34,"enemies":"Slime Boss","floor":16,"turns":8},{"damage":15,"enemies":"Shell Parasite","floor":18,"turns":4},{"damage":4,"enemies":"Masked Bandits","floor":19,"turns":2},{"damage":5,"enemies":"Spheric Guardian","floor":22,"turns":3},{"damage":16,"enemies":"Gremlin Leader","floor":23,"turns":7},{"damage":7,"enemies":"Snake Plant","floor":24,"turns":3},{"damage":0,"enemies":"Slavers","floor":28,"turns":3},{"damage":0,"enemies":"Sentry and Sphere","floor":29,"turns":2},{"damage":15,"enemies":"Centurion and Healer","floor":30,"turns":2},{"damage":22,"enemies":"Champ","floor":33,"turns":4},{"damage":22,"enemies":"Flame Bruiser 1 Orb","floor":35,"turns":4},{"damage":4,"enemies":"3 Darklings","floor":37,"turns":3},{"damage":4,"enemies":"Giant Head","floor":40,"turns":5},{"damage":14,"enemies":"Spire Growth","floor":42,"turns":3},{"damage":3,"enemies":"Maw","floor":44,"turns":4},{"damage":32,"enemies":"4 Shapes","floor":46,"turns":1},{"damage":4,"enemies":"Flame Bruiser 2 Orb","floor":48,"turns":3},{"damage":39,"enemies":"Donu and Deca","floor":50,"turns":4}],"event_choices":[{"event_name":"Masked Bandits","player_choice":"Fought over 320 gold","floor":19,"damage_taken":0},{"event_name":"Beggar","player_choice":"Gave Gold","floor":20,"damage_taken":0},{"event_name":"Cursed Tome","player_choice":"Obtained Book","floor":27,"damage_taken":0},{"event_name":"SensoryStone","player_choice":"Memory 1","floor":38,"damage_taken":0}],"boss_relics":[{"not_picked":["Orrery","Runic Pyramid"],"picked":"Snecko Eye"},{"not_picked":["Runic Dome","Cursed Key"],"picked":"Lizard Tail"}],"potions_floor_spawned":[1,4,10,11,19,24,33,35,42,44,48],"seed_played":"1017996338967179566","ascension_level":2,"is_trial":false}