{"gold_per_floor":[117,134,134,145,145,145,158,158,185,213,233,248,273,198,198,270,270,280,205,221,221,221,254,254,287,310,328,328,328,328,353,353,428,428,442,453,464,484,503,89,89,103,180,205,216,216,247,257,257,257,257,257,257,96,129,129],"floor_reached":56,"playtime":5281,"items_purged":["Strike_G","Writhe"],"score":2208,"play_id":"02ebf732-5086-40b9-8e10-c591386ad270","local_time":"20190324180942","is_ascension_mode":true,"campfire_choices":[{"data":"Crippling Poison","floor":6.0,"key":"SMITH"},{"data":"Dagger Spray","floor":8.0,"key":"SMITH"},{"data":"Neutralize","floor":15.0,"key":"SMITH"},{"floor":24.0,"key":"REST"},{"floor":28.0,"key":"REST"},{"floor":30.0,"key":"RECALL"},{"floor":32.0,"key":"REST"},{"floor":49,"key":"REST"},{"floor":53,"key":"REST"}],"neow_cost":"NONE","seed_source_timestamp":994926806651317,"circlet_count":0,"master_deck":["AscendersBane","Defend_G","Defend_G","Defend_G","Defend_G+1","Defend_G+1","Strike_G","Survivor","Neutralize+1","Crippling Poison+1","Dagger Spray+1","PiercingWail","After Image","Leg Sweep","Adrenaline","Well Laid Plans+1","Cloak And Dagger","Predator+1","Noxious Fumes","Blur","Corpse Explosion","PiercingWail+1","Blur","Leg Sweep+1","Blur","PiercingWail+1","Night Terror","Leg Sweep","Acrobatics+1","Infinite Blades","Acrobatics","Footwork"],"special_seed":0,"relics":["Cursed Key","War Paint","Blood Vial","Singing Bowl","Kunai","Fusion Hammer","Bag of Preparation","Centennial Puzzle","Snake Skull","Letter Opener","Empty Cage","Membership Card","Potion Belt","Pear","Strawberry","Ornamental Fan"],"potions_floor_usage":[44,45,55,56,56,56],"damage_taken":[{"damage":6.0,"enemies":"Small Slimes","floor":1.0,"turns":5.0},{"damage":3.0,"enemies":"2 Louse","floor":2.0,"turns":2.0},{"damage":0.0,"enemies":"Cultist","floor":4.0,"turns":4.0},{"damage":3.0,"enemies":"Gremlin Gang","floor":7.0,"turns":4.0},{"damage":8.0,"enemies":"3 Sentries","floor":10.0,"turns":4.0},{"damage":12.0,"enemies":"Large Slime","floor":11.0,"turns":6.0},{"damage":7.0,"enemies":"3 Louse","floor":12.0,"turns":3.0},{"damage":6.0,"enemies":"Gremlin Nob","floor":13.0,"turns":3.0},{"damage":0.0,"enemies":"The Guardian","floor":16.0,"turns":17.0},{"damage":7.0,"enemies":"Shell Parasite","floor":18.0,"turns":9.0},{"damage":2.0,"enemies":"3 Byrds","floor":20.0,"turns":6.0},{"damage":11.0,"enemies":"Book of Stabbing","floor":23.0,"turns":11.0},{"damage":0.0,"enemies":"Gremlin Leader","floor":25.0,"turns":9.0},{"damage":7.0,"enemies":"Snecko","floor":27.0,"turns":6.0},{"damage":4.0,"enemies":"Book of Stabbing","floor":31.0,"turns":5.0},{"damage":3.0,"enemies":"Automaton","floor":33.0,"turns":11.0},{"damage":0.0,"enemies":"3 Darklings","floor":35.0,"turns":4.0},{"damage":1.0,"enemies":"Orb Walker","floor":36.0,"turns":5.0},{"damage":0.0,"enemies":"3 Darklings","floor":37.0,"turns":4.0},{"damage":14.0,"enemies":"Spire Growth","floor":38.0,"turns":7.0},{"damage":0.0,"enemies":"Writhing Mass","floor":39.0,"turns":7.0},{"damage":0.0,"enemies":"Jaw Worm Horde","floor":42.0,"turns":4.0},{"damage":8,"enemies":"Reptomancer","floor":44,"turns":9},{"damage":24,"enemies":"Transient","floor":45,"turns":6},{"damage":0,"enemies":"Nemesis","floor":47,"turns":17},{"damage":2,"enemies":"4 Shapes","floor":48,"turns":3},{"damage":20,"enemies":"Awakened One","floor":50,"turns":39},{"damage":37,"enemies":"Donu and Deca","floor":51,"turns":12},{"damage":22,"enemies":"Shield and Spear","floor":55,"turns":7},{"damage":80,"enemies":"The Heart","floor":56,"turns":12}],"seed_played":"4681746587443355185","potions_obtained":[{"floor":1.0,"key":"Poison Potion"},{"floor":10.0,"key":"Poison Potion"},{"floor":12.0,"key":"Energy Potion"},{"floor":13.0,"key":"Poison Potion"},{"floor":20.0,"key":"Block Potion"},{"floor":27.0,"key":"Ancient Potion"},{"floor":37.0,"key":"PowerPotion"},{"floor":44,"key":"Explosive Potion"},{"floor":47,"key":"Dexterity Potion"}],"is_trial":false,"path_per_floor":["M","M","?","M","?","R","M","R","T","E","M","M","E","?","R","B",null,"M","?","M","?","?","E","R","E","T","M","R","?","R","E","R","B",null,"M","M","M","M","M","$","?","M","T","E","M","?","E","M","R","B","B",null,"R","$","E","B"],"character_chosen":"THE_SILENT","items_purchased":["Membership Card","Blur","Potion Belt","Block Potion","Strength Potion","Infinite Blades","Acrobatics","Swift Potion"],"campfire_rested":5,"item_purchase_floors":[40,40,40,40,54,54,54,54],"current_hp_per_floor":[53,50,32,32,32,32,29,29,29,25,17,12,8,8,8,10,55,50,50,50,50,30,21,43,45,45,40,62,62,62,62,77,74,76,77,78,79,65,69,69,81,81,81,83,61,61,70,72,100,80,45,86,100,100,78,0],"gold":129,"neow_bonus":"BOSS_RELIC","is_prod":false,"is_daily":false,"chose_seed":false,"campfire_upgraded":3,"win_rate":0,"timestamp":1553465382,"path_taken":["M","M","?","M","?","R","?","R","T","E","?","M","E","?","R","BOSS","M","?","M","?","?","E","R","E","T","M","R","?","R","E","R","BOSS","M","M","M","M","M","$","?","M","T","E","?","?","E","M","R","BOSS","BOSS","R","$","E","BOSS"],"build_version":"2019-03-15","purchased_purges":2,"victory":false,"max_hp_per_floor":[66,66,66,66,66,66,66,66,66,68,70,70,70,70,70,70,70,70,70,70,70,75,75,75,75,75,75,75,75,75,77,77,77,77,77,79,79,79,81,81,81,81,81,91,91,91,98,100,100,100,100,100,100,100,100,100],"card_choices":[{"not_picked":["Bane","Backflip"],"picked":"Backstab","floor":1.0},{"not_picked":["Poisoned Stab","Dodge and Roll"],"picked":"Crippling Poison","floor":2.0},{"not_picked":["Quick Slash","Endless Agony"],"picked":"Dagger Spray","floor":4.0},{"not_picked":["Poisoned Stab","Setup"],"picked":"PiercingWail","floor":7.0},{"not_picked":["Outmaneuver","Escape Plan","Underhanded Strike"],"picked":"Singing Bowl","floor":10.0},{"not_picked":["Tactician","Bane","Sucker Punch"],"picked":"Singing Bowl","floor":11.0},{"not_picked":["Dagger Spray","Bane"],"picked":"After Image","floor":12.0},{"not_picked":["Slice","All Out Attack"],"picked":"Leg Sweep","floor":13.0},{"not_picked":["Tools of the Trade","Doppelganger"],"picked":"Adrenaline","floor":16.0},{"not_picked":["Underhanded Strike","Acrobatics"],"picked":"Well Laid Plans","floor":18.0},{"not_picked":["Underhanded Strike","Eviscerate"],"picked":"Cloak And Dagger","floor":20.0},{"not_picked":["Storm of Steel","Masterful Stab+1"],"picked":"Predator+1","floor":23.0},{"not_picked":["Sucker Punch","Infinite Blades"],"picked":"Noxious Fumes","floor":25.0},{"not_picked":["Bouncing Flask","Underhanded Strike"],"picked":"Blur","floor":27.0},{"not_picked":["Sucker Punch","Grand Finale","Bane+1"],"picked":"Singing Bowl","floor":31.0},{"not_picked":["Die Die Die","Adrenaline"],"picked":"Corpse Explosion","floor":33.0},{"not_picked":["Prepared","Terror+1"],"picked":"PiercingWail+1","floor":35.0},{"not_picked":["Dagger Throw+1","Finisher","Backstab+1"],"picked":"Singing Bowl","floor":36.0},{"not_picked":["Backstab","Reflex"],"picked":"Blur","floor":37.0},{"not_picked":["Acrobatics+1","Slice+1"],"picked":"Leg Sweep+1","floor":38.0},{"not_picked":["Dagger Spray","Masterful Stab+1","Underhanded Strike"],"picked":"Singing Bowl","floor":39.0},{"not_picked":["Bullet Time","Backflip"],"picked":"PiercingWail+1","floor":42.0},{"not_picked":["Prepared","Terror"],"picked":"Night Terror","floor":44},{"not_picked":["Deadly Poison","Terror+1"],"picked":"Leg Sweep","floor":45},{"not_picked":["Eviscerate+1","Cloak And Dagger"],"picked":"Acrobatics+1","floor":47},{"not_picked":["Deadly Poison+1","Flying Knee","Distraction"],"picked":"Singing Bowl","floor":48},{"not_picked":["Tactician","Well Laid Plans"],"picked":"Footwork","floor":55}],"player_experience":1234933,"relics_obtained":[{"floor":9.0,"key":"Blood Vial"},{"floor":10.0,"key":"Singing Bowl"},{"floor":13.0,"key":"Kunai"},{"floor":23.0,"key":"Bag of Preparation"},{"floor":25.0,"key":"Centennial Puzzle"},{"floor":26.0,"key":"Snake Skull"},{"floor":31.0,"key":"Letter Opener"},{"floor":44,"key":"Pear"},{"floor":47,"key":"Strawberry"},{"floor":55,"key":"Ornamental Fan"}],"event_choices":[{"damage_healed":0.0,"max_hp_gain":0.0,"max_hp_loss":0.0,"gold_gain":0.0,"event_name":"Scrap Ooze","player_choice":"Success","floor":3.0,"gold_loss":0.0,"damage_taken":18.0,"relics_obtained":["War Paint"]},{"cards_removed":["Strike_G"],"damage_healed":0.0,"max_hp_gain":0.0,"max_hp_loss":0.0,"gold_gain":0.0,"event_name":"Purifier","player_choice":"Purged","floor":5.0,"gold_loss":0.0,"damage_taken":0.0},{"cards_removed":["Shame"],"damage_healed":0.0,"max_hp_gain":0.0,"max_hp_loss":0.0,"gold_gain":0.0,"event_name":"The Cleric","player_choice":"Card Removal","floor":14.0,"gold_loss":75.0,"damage_taken":0.0},{"cards_removed":["Strike_G"],"damage_healed":0.0,"max_hp_gain":0.0,"max_hp_loss":0.0,"gold_gain":0.0,"event_name":"Beggar","player_choice":"Gave Gold","floor":19.0,"gold_loss":75.0,"damage_taken":0.0},{"damage_healed":0.0,"max_hp_gain":0.0,"max_hp_loss":0.0,"gold_gain":0.0,"event_name":"Vampires","player_choice":"Ignored","floor":21.0,"gold_loss":0.0,"damage_taken":0.0},{"damage_healed":0.0,"max_hp_gain":5.0,"max_hp_loss":0.0,"gold_gain":0.0,"event_name":"Forgotten Altar","player_choice":"Shed Blood","floor":22.0,"gold_loss":0.0,"damage_taken":25.0},{"damage_healed":0.0,"max_hp_gain":0.0,"max_hp_loss":0.0,"gold_gain":0.0,"event_name":"Accursed Blacksmith","player_choice":"Forge","floor":29.0,"gold_loss":0.0,"damage_taken":0.0,"cards_upgraded":["Well Laid Plans"]},{"cards_removed":["Backstab"],"damage_healed":12.0,"max_hp_gain":0.0,"max_hp_loss":0.0,"gold_gain":0.0,"event_name":"Bonfire Elementals","player_choice":"Offered Uncommon","floor":41.0,"gold_loss":0.0,"damage_taken":0.0},{"damage_healed":0,"gold_gain":0,"player_choice":"0 cards matched","damage_taken":0,"max_hp_gain":0,"max_hp_loss":0,"event_name":"Match and Keep!","floor":46,"gold_loss":0,"cards_obtained":[]}],"is_beta":true,"boss_relics":[{"not_picked":["Ectoplasm","HoveringKite"],"picked":"Fusion Hammer"},{"not_picked":["White Beast Statue","Black Star"],"picked":"Empty Cage"}],"items_purged_floors":[40,54],"is_endless":false,"potions_floor_spawned":[1,10,12,13,20,27,35,37,44,47],"killed_by":"The Heart","ascension_level":20}