{"gold_per_floor":[109,31,31,181,195,221,221,146,195,222,222,256,267,281,281,355,355,368,643,661,397,272,305,305,331,378,378,398,431,460,522,534,625,637,659,671,683,712,351,351,378,378,378,378,378,195,195,32,32,32,32,32,32,32,66,66],"floor_reached":56,"playtime":3409,"items_purged":["Doubt","Regret","Strike_G","Strike_G"],"score":2094,"play_id":"879a5a35-c4fb-4fde-af5a-14b11760ed53","local_time":"20190322134042","is_ascension_mode":true,"campfire_choices":[{"data":"Neutralize","floor":7.0,"key":"SMITH"},{"data":"Deadly Poison","floor":11.0,"key":"SMITH"},{"data":"Deadly Poison","floor":15.0,"key":"SMITH"},{"data":"Well Laid Plans","floor":24.0,"key":"SMITH"},{"data":"Malaise","floor":27.0,"key":"SMITH"},{"floor":32,"key":"REST"},{"data":"Wraith Form v2","floor":40,"key":"SMITH"},{"data":"Catalyst","floor":45,"key":"SMITH"},{"floor":47,"key":"RECALL"},{"data":"Footwork","floor":49,"key":"SMITH"},{"data":"After Image","floor":53,"key":"SMITH"}],"neow_cost":"NONE","seed_source_timestamp":807990135556192,"circlet_count":0,"master_deck":["AscendersBane","Defend_G","Defend_G","Defend_G","Defend_G","Defend_G","Strike_G","Strike_G","Survivor","Neutralize+1","Deflect","Well Laid Plans+1","Quick Slash","After Image+1","Deadly Poison+1","Poisoned Stab","Deadly Poison+1","Deadly Poison","Malaise+1","Dodge and Roll","PiercingWail","Corpse Explosion","Crippling Poison","Wraith Form v2+1","PiercingWail","Catalyst+1","Footwork+1","Master of Strategy","Caltrops","PiercingWail","Leg Sweep","Leg Sweep","Blur","Deadly Poison+1"],"special_seed":0,"relics":["Ring of the Serpent","NeowsBlessing","Orichalcum","Lantern","Bag of Marbles","Thread and Needle","Sundial","Velvet Choker","Bag of Preparation","Singing Bowl","Ninja Scroll","Centennial Puzzle","MawBank","Anchor","Pantograph"],"potions_floor_usage":[33,42,56],"damage_taken":[{"damage":0.0,"enemies":"2 Louse","floor":1.0,"turns":1.0},{"damage":0.0,"enemies":"Jaw Worm","floor":5.0,"turns":1.0},{"damage":0.0,"enemies":"Lagavulin","floor":6.0,"turns":1.0},{"damage":26.0,"enemies":"Gremlin Nob","floor":10.0,"turns":5.0},{"damage":9.0,"enemies":"Lagavulin","floor":12.0,"turns":7.0},{"damage":0.0,"enemies":"Cultist","floor":13.0,"turns":3.0},{"damage":2.0,"enemies":"Exordium Thugs","floor":14.0,"turns":4.0},{"damage":0.0,"enemies":"The Guardian","floor":16.0,"turns":9.0},{"damage":11.0,"enemies":"2 Thieves","floor":18.0,"turns":5.0},{"damage":2.0,"enemies":"Spheric Guardian","floor":20.0,"turns":3.0},{"damage":2.0,"enemies":"Book of Stabbing","floor":23.0,"turns":7.0},{"damage":2.0,"enemies":"Gremlin Leader","floor":25.0,"turns":5.0},{"damage":0.0,"enemies":"Snake Plant","floor":28.0,"turns":4.0},{"damage":5.0,"enemies":"Book of Stabbing","floor":29.0,"turns":6.0},{"damage":0.0,"enemies":"Centurion and Healer","floor":30.0,"turns":5.0},{"damage":44,"enemies":"Automaton","floor":33,"turns":10},{"damage":0,"enemies":"Orb Walker","floor":35,"turns":5},{"damage":0,"enemies":"3 Shapes","floor":38,"turns":1},{"damage":9,"enemies":"Nemesis","floor":41,"turns":9},{"damage":0,"enemies":"Jaw Worm Horde","floor":42,"turns":1},{"damage":13,"enemies":"Time Eater","floor":50,"turns":10},{"damage":8,"enemies":"Awakened One","floor":51,"turns":27},{"damage":37,"enemies":"Shield and Spear","floor":55,"turns":9},{"damage":47,"enemies":"The Heart","floor":56,"turns":5}],"seed_played":"-6726609206761504556","potions_obtained":[{"floor":10.0,"key":"Weak Potion"},{"floor":12.0,"key":"Block Potion"},{"floor":14.0,"key":"EssenceOfSteel"},{"floor":16.0,"key":"Explosive Potion"},{"floor":23.0,"key":"AttackPotion"},{"floor":28.0,"key":"AttackPotion"},{"floor":41,"key":"SmokeBomb"}],"is_trial":false,"path_per_floor":["M","$","?","?","M","E","R","$","T","E","R","E","M","M","R","B",null,"M","?","M","$","$","E","R","E","T","R","M","E","M","?","R","B",null,"M","?","?","M","$","R","E","M","T","?","R","$","R","$","R","B","B",null,"R","$","E","B"],"character_chosen":"THE_SILENT","items_purchased":["Well Laid Plans","Bag of Preparation","Catalyst","Footwork","Fire Potion","Caltrops","PiercingWail","Leg Sweep","Leg Sweep","Blur"],"campfire_rested":1,"item_purchase_floors":[2,21,39,39,39,46,46,46,48,48],"current_hp_per_floor":[59,59,48,48,48,48,48,48,48,22,22,13,13,11,11,11,52,41,41,39,39,39,37,37,35,35,35,37,34,36,29,50,6,56,58,58,58,58,58,58,51,51,51,51,51,51,51,51,51,38,30,65,65,65,28,6],"gold":66,"neow_bonus":"THREE_ENEMY_KILL","is_prod":false,"is_daily":false,"chose_seed":false,"campfire_upgraded":9,"win_rate":0,"timestamp":1553276442,"path_taken":["M","$","?","?","M","E","R","$","T","E","R","E","M","M","R","BOSS","M","?","M","?","$","E","R","E","T","R","M","E","?","?","R","BOSS","M","?","?","M","$","R","E","M","T","?","R","?","R","$","R","BOSS","BOSS","R","$","E","BOSS"],"build_version":"2019-03-15","purchased_purges":4,"victory":false,"max_hp_per_floor":[66,66,66,66,66,66,66,66,66,66,66,66,66,66,66,66,66,66,66,66,66,66,66,66,66,66,66,68,70,72,72,72,72,72,74,74,74,74,74,74,76,76,76,76,76,76,76,76,76,76,76,76,76,76,76,76],"card_choices":[{"not_picked":["Dodge and Roll","Concentrate"],"picked":"Deflect","floor":1.0},{"not_picked":["Flying Knee","Outmaneuver"],"picked":"Quick Slash","floor":5.0},{"not_picked":["Dodge and Roll","Prepared"],"picked":"After Image","floor":6.0},{"not_picked":["Backstab","Underhanded Strike"],"picked":"Deadly Poison","floor":10.0},{"not_picked":["Quick Slash","Choke"],"picked":"Poisoned Stab","floor":12.0},{"not_picked":["Dagger Throw","Caltrops"],"picked":"Deadly Poison","floor":13.0},{"not_picked":["Slice","Sucker Punch"],"picked":"Deadly Poison","floor":14.0},{"not_picked":["Grand Finale","Bullet Time"],"picked":"Malaise","floor":16.0},{"not_picked":["Skewer","Deadly Poison"],"picked":"Dodge and Roll","floor":18.0},{"not_picked":["Dagger Spray","Acrobatics"],"picked":"PiercingWail","floor":20.0},{"not_picked":["Catalyst","Skewer"],"picked":"Corpse Explosion","floor":23.0},{"not_picked":["Deadly Poison","Dagger Spray+1"],"picked":"Crippling Poison","floor":25.0},{"not_picked":["Dagger Throw","Flying Knee","Prepared"],"picked":"Singing Bowl","floor":28.0},{"not_picked":["Storm of Steel","Flying Knee","Finisher"],"picked":"Singing Bowl","floor":29.0},{"not_picked":["Bane","Blade Dance","Outmaneuver+1"],"picked":"Singing Bowl","floor":30.0},{"not_picked":["Doppelganger","A Thousand Cuts"],"picked":"Wraith Form v2","floor":33},{"not_picked":["Deadly Poison","Bane","Backstab"],"picked":"Singing Bowl","floor":35},{"not_picked":["Sucker Punch","Deflect"],"picked":"PiercingWail","floor":38},{"not_picked":["Deadly Poison","Dagger Throw","Dagger Spray"],"picked":"Singing Bowl","floor":41},{"not_picked":["Bandage Up","Blind"],"picked":"Master of Strategy","floor":44},{"not_picked":["Distraction","Slice"],"picked":"Deadly Poison+1","floor":55}],"player_experience":1176618,"relics_obtained":[{"floor":6.0,"key":"Lantern"},{"floor":9.0,"key":"Bag of Marbles"},{"floor":10.0,"key":"Thread and Needle"},{"floor":12.0,"key":"Sundial"},{"floor":23.0,"key":"Singing Bowl"},{"floor":25.0,"key":"Ninja Scroll"},{"floor":26.0,"key":"Centennial Puzzle"},{"floor":29.0,"key":"MawBank"},{"floor":41,"key":"Anchor"},{"floor":55,"key":"Pantograph"}],"event_choices":[{"damage_healed":0.0,"max_hp_gain":0.0,"max_hp_loss":0.0,"gold_gain":0.0,"event_name":"Scrap Ooze","player_choice":"Success","floor":3.0,"gold_loss":0.0,"damage_taken":11.0,"relics_obtained":["Orichalcum"]},{"damage_healed":0.0,"max_hp_gain":0.0,"max_hp_loss":0.0,"gold_gain":150.0,"event_name":"Liars Game","player_choice":"AGREE","floor":4.0,"gold_loss":0.0,"damage_taken":0.0,"cards_obtained":["Doubt"]},{"damage_healed":0.0,"max_hp_gain":0.0,"max_hp_loss":0.0,"gold_gain":275.0,"event_name":"Golden Shrine","player_choice":"Desecrate","floor":19.0,"gold_loss":0.0,"damage_taken":0.0,"cards_obtained":["Regret"]},{"damage_healed":0,"gold_gain":50,"player_choice":"Touch","damage_taken":7,"max_hp_gain":0,"max_hp_loss":0,"event_name":"FaceTrader","floor":31,"gold_loss":0},{"cards_removed":["Strike_G"],"damage_healed":0,"gold_gain":0,"player_choice":"Removed Attack","damage_taken":0,"max_hp_gain":0,"max_hp_loss":0,"event_name":"Falling","floor":36,"gold_loss":0},{"damage_healed":0,"gold_gain":0,"player_choice":"Ignored","damage_taken":0,"max_hp_gain":0,"max_hp_loss":0,"event_name":"Tomb of Lord Red Mask","floor":37,"gold_loss":0},{"damage_healed":0,"gold_gain":0,"player_choice":"Memory 1","damage_taken":0,"max_hp_gain":0,"max_hp_loss":0,"event_name":"SensoryStone","floor":44,"gold_loss":0}],"is_beta":true,"boss_relics":[{"not_picked":["White Beast Statue","Ectoplasm"],"picked":"Velvet Choker"},{"not_picked":["WristBlade","Eternal Feather"],"picked":"Ring of the Serpent"}],"items_purged_floors":[8,21,22,39],"is_endless":false,"potions_floor_spawned":[10,12,14,16,18,23,28,41],"killed_by":"The Heart","ascension_level":20}