{"gold_per_floor":[116,130,148,158,175,201,201,217,217,235,235,269,269,295,295,369,369,383,308,268,268,268],"floor_reached":22,"playtime":1399,"items_purged":["Strike_R"],"score":395,"play_id":"399f5333-f896-4818-9e61-232d42d70ae9","local_time":"20190314105345","is_ascension_mode":true,"campfire_choices":[{"data":"Clothesline","floor":7,"key":"SMITH"},{"data":"Armaments","floor":11,"key":"SMITH"},{"floor":13,"key":"REST"},{"data":"Metallicize","floor":15,"key":"SMITH"}],"neow_cost":"NONE","seed_source_timestamp":26015085164144,"circlet_count":0,"master_deck":["AscendersBane","Strike_R","Strike_R","Defend_R","Defend_R","Defend_R","Defend_R","Bash+1","Carnage","Cleave","Clothesline+1","Pommel Strike","Headbutt","Armaments+1","Headbutt","Perfected Strike+1","Metallicize+1","Reaper+1","Thunderclap+1"],"relics":["Burning Blood","WingedGreaves","Meat on the Bone","Molten Egg 2","Juzu Bracelet","Empty Cage"],"potions_floor_usage":[4,6,8,16,16,20],"damage_taken":[{"damage":12,"enemies":"Jaw Worm","floor":1,"turns":3},{"damage":8,"enemies":"2 Louse","floor":2,"turns":4},{"damage":5,"enemies":"Small Slimes","floor":3,"turns":3},{"damage":0,"enemies":"2 Fungi Beasts","floor":4,"turns":2},{"damage":4,"enemies":"Large Slime","floor":5,"turns":5},{"damage":35,"enemies":"Lagavulin","floor":6,"turns":4},{"damage":16,"enemies":"Lots of Slimes","floor":8,"turns":3},{"damage":6,"enemies":"Red Slaver","floor":10,"turns":3},{"damage":40,"enemies":"3 Sentries","floor":12,"turns":9},{"damage":8,"enemies":"Gremlin Nob","floor":14,"turns":3},{"damage":23,"enemies":"Slime Boss","floor":16,"turns":8},{"damage":28,"enemies":"Spheric Guardian","floor":18,"turns":6},{"damage":36,"enemies":"2 Thieves","floor":20,"turns":5},{"damage":60,"enemies":"Centurion and Healer","floor":22,"turns":9}],"seed_played":"7163590082895853347","potions_obtained":[{"floor":3,"key":"SteroidPotion"},{"floor":5,"key":"Energy Potion"},{"floor":6,"key":"Regen Potion"},{"floor":8,"key":"Swift Potion"},{"floor":14,"key":"AttackPotion"},{"floor":18,"key":"SteroidPotion"}],"is_trial":false,"path_per_floor":["M","M","M","M","M","E","R","M","T","M","R","E","R","E","R","B",null,"M","$","M","?","M"],"character_chosen":"IRONCLAD","items_purchased":[],"campfire_rested":1,"item_purchase_floors":[],"current_hp_per_floor":[62,60,61,67,69,40,40,39,39,51,51,29,51,49,49,44,67,45,45,34,49,0],"gold":268,"neow_bonus":"UPGRADE_CARD","is_prod":false,"is_daily":false,"chose_seed":false,"campfire_upgraded":3,"win_rate":0,"timestamp":1552575225,"path_taken":["M","M","M","M","M","E","R","M","T","M","R","E","R","E","R","BOSS","M","$","M","?","M"],"build_version":"2019-02-06","purchased_purges":1,"victory":false,"max_hp_per_floor":[75,75,75,75,75,75,75,75,75,75,75,75,75,75,75,75,75,75,75,75,75,75],"card_choices":[{"not_picked":["Warcry","Dual Wield","Wild Strike"],"picked":"SKIP","floor":1},{"not_picked":["Bloodletting","Sentinel"],"picked":"Carnage","floor":2},{"not_picked":["Armaments","Corruption"],"picked":"Cleave","floor":3},{"not_picked":["Flex","Warcry"],"picked":"Clothesline","floor":4},{"not_picked":["Heavy Blade","Entrench"],"picked":"Pommel Strike","floor":5},{"not_picked":["Combust","Twin Strike"],"picked":"Headbutt","floor":6},{"not_picked":["Pommel Strike","Exhume"],"picked":"Armaments","floor":8},{"not_picked":["Sever Soul","Sword Boomerang"],"picked":"Headbutt","floor":10},{"not_picked":["Armaments","Sword Boomerang"],"picked":"Perfected Strike","floor":12},{"not_picked":["Feel No Pain","Blood for Blood+1"],"picked":"Metallicize","floor":14},{"not_picked":["Berserk","Brutality"],"picked":"Reaper+1","floor":16},{"not_picked":["Entrench","Rampage+1"],"picked":"Thunderclap+1","floor":18},{"not_picked":["Headbutt+1","Sword Boomerang+1","Thunderclap+1"],"picked":"SKIP","floor":20}],"player_experience":496919,"relics_obtained":[{"floor":6,"key":"WingedGreaves"},{"floor":9,"key":"Meat on the Bone"},{"floor":12,"key":"Molten Egg 2"},{"floor":14,"key":"Juzu Bracelet"}],"event_choices":[{"damage_healed":15,"gold_gain":0,"player_choice":"Heal","damage_taken":0,"max_hp_gain":0,"max_hp_loss":0,"event_name":"The Library","floor":21,"gold_loss":0}],"is_beta":true,"boss_relics":[{"not_picked":["White Beast Statue","Tiny House"],"picked":"Empty Cage"}],"items_purged_floors":[19],"is_endless":false,"potions_floor_spawned":[3,5,6,8,14,18],"killed_by":"Centurion and Healer","ascension_level":18}