{"gold_per_floor":[111,186,186,186,203,203,26,60,60,60,91,111,111,111,111,186,186,200,220,270,35,50,50,76,96,96,96,96,96,12,12,12,90,90,106,106,116,27,44,44,107,107,155,0,12,44,59,59,59,59,59],"floor_reached":52,"playtime":4569,"items_purged":[],"score":2193,"play_id":"4c5974c6-bd26-4388-89a9-89c6b84b927d","local_time":"20180923111957","is_ascension_mode":true,"campfire_choices":[{"data":"Undo","floor":6.0,"key":"SMITH"},{"data":"Cold Snap","floor":10.0,"key":"SMITH"},{"data":"Ball Lightning","floor":15.0,"key":"SMITH"},{"data":"Buffer","floor":23.0,"key":"SMITH"},{"data":"Force Field","floor":27.0,"key":"SMITH"},{"data":"Skim","floor":29.0,"key":"SMITH"},{"floor":32.0,"key":"REST"},{"floor":40.0,"key":"REST"},{"floor":42,"key":"REST"},{"floor":49,"key":"REST"}],"neow_cost":"NONE","seed_source_timestamp":867261206088506,"circlet_count":0,"master_deck":["Strike_B+1","Strike_B","Defend_B","Defend_B","Dualcast+1","AscendersBane","Glacier","Undo+1","Skim+1","Cold Snap+1","Ball Lightning+1","Rebound","Buffer+1","Force Field+1","Barrage","Blizzard","Barrage+1","Seek+1","Auto Shields+1","Reinforced Body+1","All For One+1","Thunder Strike","Doom and Gloom","Hologram+1","All For One","Sunder","Capacitor+1"],"special_seed":0,"relics":["Cracked Core","NeowsBlessing","DataDisk","Potion Belt","Bottled Flame","Boot","Snecko Eye","Runic Capacitor","War Paint","Toxic Egg 2","Fusion Hammer","Tiny Chest","Whetstone","Red Mask","Oddly Smooth Stone"],"potions_floor_usage":[41,50,50,51],"damage_taken":[{"damage":0.0,"enemies":"Small Slimes","floor":1.0,"turns":1.0},{"damage":0.0,"enemies":"Jaw Worm","floor":5.0,"turns":1.0},{"damage":0.0,"enemies":"Gremlin Nob","floor":8.0,"turns":1.0},{"damage":3.0,"enemies":"3 Sentries","floor":11.0,"turns":14.0},{"damage":0.0,"enemies":"Cultist","floor":12.0,"turns":3.0},{"damage":2.0,"enemies":"The Guardian","floor":16.0,"turns":11.0},{"damage":4.0,"enemies":"2 Thieves","floor":18.0,"turns":5.0},{"damage":4.0,"enemies":"3 Byrds","floor":19.0,"turns":5.0},{"damage":0.0,"enemies":"Cultist and Chosen","floor":22.0,"turns":5.0},{"damage":0.0,"enemies":"Slavers","floor":24.0,"turns":6.0},{"damage":2.0,"enemies":"Centurion and Healer","floor":25.0,"turns":7.0},{"damage":0.0,"enemies":"Champ","floor":33.0,"turns":13.0},{"damage":0.0,"enemies":"3 Darklings","floor":35.0,"turns":3.0},{"damage":0.0,"enemies":"Orb Walker","floor":37.0,"turns":3.0},{"damage":4.0,"enemies":"Spire Growth","floor":39.0,"turns":11.0},{"damage":0,"enemies":"Giant Head","floor":41,"turns":10},{"damage":13,"enemies":"Maw","floor":45,"turns":8},{"damage":3,"enemies":"2 Orb Walkers","floor":46,"turns":4},{"damage":0,"enemies":"Transient","floor":47,"turns":6},{"damage":0,"enemies":"Awakened One","floor":50,"turns":10},{"damage":20,"enemies":"Donu and Deca","floor":51,"turns":6}],"seed_played":"7259684283679524054","potions_obtained":[{"floor":1.0,"key":"FairyPotion"},{"floor":5.0,"key":"SpeedPotion"},{"floor":11.0,"key":"Ancient Potion"},{"floor":19.0,"key":"SkillPotion"},{"floor":22.0,"key":"Explosive Potion"},{"floor":33.0,"key":"Energy Potion"},{"floor":37.0,"key":"Ancient Potion"},{"floor":41,"key":"Explosive Potion"}],"is_trial":false,"path_per_floor":["M","?","?","?","M","R","$","E","T","R","E","M","$","?","R","B",null,"M","M","?","$","M","R","E","M","T","R","?","R","$","?","R","B",null,"M","?","M","$","M","R","E","R","T","?","M","E","M","?","R","B","B"],"character_chosen":"DEFECT","items_purchased":["DataDisk","Runic Capacitor","All For One","All For One"],"campfire_rested":4,"item_purchase_floors":[7,21,30,38],"current_hp_per_floor":[64,53,53,53,53,53,53,53,53,53,50,50,50,43,43,41,64,60,56,56,56,56,56,56,54,54,54,54,54,54,44,65,65,70,70,70,70,70,66,71,71,71,71,71,58,55,55,55,71,71,51],"gold":59,"neow_bonus":"THREE_ENEMY_KILL","is_prod":false,"is_daily":false,"chose_seed":false,"campfire_upgraded":6,"win_rate":0,"timestamp":1537715997,"path_taken":["M","?","?","?","M","R","$","E","T","R","E","M","$","?","R","BOSS","M","M","?","$","M","R","E","?","T","R","?","R","?","?","R","BOSS","M","?","M","?","?","R","E","R","T","?","M","E","?","?","R","BOSS","BOSS"],"build_version":"2018-09-20","purchased_purges":0,"victory":true,"max_hp_per_floor":[71,71,71,71,71,71,71,71,71,71,71,71,71,71,71,71,71,71,71,71,71,71,71,71,71,71,71,71,71,71,71,71,71,71,71,71,71,71,71,71,71,71,71,71,71,71,71,71,71,71,71],"card_choices":[{"not_picked":["Steam","Redo"],"picked":"Tempest","floor":1.0},{"not_picked":["Heatsinks","Beam Cell"],"picked":"Skim","floor":5.0},{"not_picked":["Sweeping Beam","Barrage"],"picked":"Cold Snap","floor":8.0},{"not_picked":["Consume","Glacier"],"picked":"Ball Lightning","floor":11.0},{"not_picked":["Steam","Reprogram"],"picked":"Rebound","floor":12.0},{"not_picked":["Reboot","Thunder Strike"],"picked":"Buffer","floor":16.0},{"not_picked":["Go for the Eyes","Coolheaded","Leap"],"picked":"SKIP","floor":18.0},{"not_picked":["Cold Snap","Stack"],"picked":"Force Field","floor":19.0},{"not_picked":["Sweeping Beam","Hologram"],"picked":"Barrage","floor":22.0},{"not_picked":["FTL","Streamline"],"picked":"Blizzard","floor":24.0},{"not_picked":["Redo","Steam"],"picked":"Barrage+1","floor":25.0},{"not_picked":["Reboot+1","Creative AI"],"picked":"Thunder Strike","floor":33.0},{"not_picked":["Steam+1","Beam Cell"],"picked":"Doom and Gloom","floor":35.0},{"not_picked":["Melter","Scrape"],"picked":"Hologram+1","floor":37.0},{"not_picked":["Static Discharge","Genetic Algorithm+1","Streamline"],"picked":"SKIP","floor":39.0},{"not_picked":["Gash+1","Amplify+1"],"picked":"Sunder","floor":41},{"not_picked":["Conserve Battery+1","Compile Driver","Turbo+1"],"picked":"SKIP","floor":45},{"not_picked":["Steam+1","Darkness+1","Aggregate+1"],"picked":"SKIP","floor":46},{"not_picked":["Reinforced Body+1","Barrage+1"],"picked":"Capacitor","floor":47}],"player_experience":905295,"relics_obtained":[{"floor":8.0,"key":"Potion Belt"},{"floor":9.0,"key":"Bottled Flame"},{"floor":11.0,"key":"Boot"},{"floor":24.0,"key":"War Paint"},{"floor":26.0,"key":"Toxic Egg 2"},{"floor":41,"key":"Tiny Chest"},{"floor":43,"key":"Whetstone"},{"floor":46,"key":"Oddly Smooth Stone"}],"event_choices":[{"event_name":"World of Goop","player_choice":"Gather Gold","floor":2.0,"damage_taken":0.0},{"event_name":"Living Wall","player_choice":"Change","floor":3.0,"damage_taken":0.0},{"event_name":"Transmorgrifier","player_choice":"Transform","floor":4.0,"damage_taken":0.0},{"event_name":"Golden Wing","player_choice":"Card Removal","floor":14.0,"damage_taken":0.0},{"event_name":"Nest","player_choice":"Stole From Cult","floor":20.0,"damage_taken":0.0},{"event_name":"Drug Dealer","player_choice":"Became Test Subject","floor":28.0,"damage_taken":0.0},{"event_name":"Wheel of Change","player_choice":"Damage","floor":31.0,"damage_taken":0.0},{"event_name":"SensoryStone","player_choice":"Memory 1","floor":36.0,"damage_taken":0.0},{"event_name":"Tomb of Lord Red Mask","player_choice":"Paid","floor":44,"damage_taken":0},{"event_name":"Upgrade Shrine","player_choice":"Upgraded","floor":48,"damage_taken":0}],"is_beta":false,"boss_relics":[{"not_picked":["Nuclear Battery","Runic Dome"],"picked":"Snecko Eye"},{"not_picked":["Astrolabe","White Beast Statue"],"picked":"Fusion Hammer"}],"items_purged_floors":[],"is_endless":false,"potions_floor_spawned":[1,5,11,19,22,33,37,41,47],"ascension_level":20}