{"gold_per_floor":[111,111,126,142,159,159,175,275,302,312,312,331,342,358,358,454,454,473,487,568,568,588,588,51,66,118,136,10,29,41,53,53,53],"floor_reached":33,"playtime":976,"items_purged":["Strike_R","Strike_R"],"score":299,"play_id":"f78397ff-7134-48da-af32-eac866b9c20c","local_time":"20190203055013","is_ascension_mode":false,"campfire_choices":[{"data":"Carnage","floor":6,"key":"SMITH"},{"data":"Blood for Blood","floor":11,"key":"SMITH"},{"data":"Anger","floor":15,"key":"SMITH"},{"floor":23,"key":"REST"},{"floor":32,"key":"REST"}],"neow_cost":"NONE","seed_source_timestamp":600346390650018,"circlet_count":0,"master_deck":["Strike_R","Strike_R","Defend_R","Defend_R+1","Defend_R","Defend_R","Bash+1","Flex+1","Carnage+1","Anger+1","Reaper","Inflame","Blood for Blood+1","Twin Strike","Twin Strike","Demon Form","Searing Blow+1","Violence","Havoc"],"relics":["Burning Blood","NeowsBlessing","Bronze Scales","White Beast Statue","Ornamental Fan","Orichalcum","Membership Card","Pen Nib","Art of War","War Paint"],"potions_floor_usage":[5,10,12,16,16,22,25,27,29,31,31,33,33],"damage_taken":[{"damage":0,"enemies":"Small Slimes","floor":1,"turns":1},{"damage":0,"enemies":"Cultist","floor":3,"turns":1},{"damage":0,"enemies":"Jaw Worm","floor":4,"turns":1},{"damage":4,"enemies":"Red Slaver","floor":5,"turns":2},{"damage":12,"enemies":"Blue Slaver","floor":7,"turns":2},{"damage":0,"enemies":"Lots of Slimes","floor":10,"turns":1},{"damage":0,"enemies":"3 Louse","floor":12,"turns":2},{"damage":15,"enemies":"Exordium Thugs","floor":13,"turns":3},{"damage":19,"enemies":"Blue Slaver","floor":14,"turns":3},{"damage":0,"enemies":"Slime Boss","floor":16,"turns":5},{"damage":20,"enemies":"3 Byrds","floor":18,"turns":4},{"damage":30,"enemies":"2 Thieves","floor":19,"turns":3},{"damage":48,"enemies":"3 Cultists","floor":22,"turns":5},{"damage":15,"enemies":"Cultist and Chosen","floor":25,"turns":5},{"damage":26,"enemies":"Centurion and Healer","floor":27,"turns":7},{"damage":35,"enemies":"Snake Plant","floor":29,"turns":4},{"damage":16,"enemies":"Cultist and Chosen","floor":30,"turns":5},{"damage":16,"enemies":"Sentry and Sphere","floor":31,"turns":4},{"damage":84,"enemies":"Automaton","floor":33,"turns":6}],"seed_played":"-7834382131198171484","potions_obtained":[{"floor":3,"key":"EssenceOfSteel"},{"floor":5,"key":"SteroidPotion"},{"floor":7,"key":"Explosive Potion"},{"floor":10,"key":"AttackPotion"},{"floor":14,"key":"Poison Potion"},{"floor":18,"key":"Ancient Potion"},{"floor":19,"key":"FearPotion"},{"floor":22,"key":"FearPotion"},{"floor":25,"key":"LiquidBronze"},{"floor":27,"key":"Regen Potion"},{"floor":29,"key":"GamblersBrew"},{"floor":30,"key":"PowerPotion"},{"floor":31,"key":"Energy Potion"}],"is_trial":false,"path_per_floor":["M","?","M","M","M","R","M","?","T","M","R","M","M","M","R","B",null,"M","M","T","?","M","R","$","M","T","M","$","M","M","M","R","B"],"character_chosen":"IRONCLAD","items_purchased":["Orichalcum","Membership Card","Pen Nib","Violence","War Paint"],"campfire_rested":2,"item_purchase_floors":[24,24,24,24,28],"current_hp_per_floor":[80,80,80,80,80,80,74,74,74,80,80,80,77,64,64,70,80,70,46,46,46,16,40,40,42,42,28,28,13,27,17,41,0],"gold":53,"neow_bonus":"THREE_ENEMY_KILL","is_prod":false,"is_daily":false,"chose_seed":false,"campfire_upgraded":3,"win_rate":0,"timestamp":1549201813,"path_taken":["M","?","M","M","?","R","M","?","T","M","R","M","M","M","R","BOSS","M","M","?","?","M","R","$","?","T","M","?","M","M","M","R","BOSS"],"build_version":"2019-01-23","purchased_purges":2,"victory":false,"max_hp_per_floor":[80,80,80,80,80,80,80,80,80,80,80,80,80,80,80,80,80,80,80,80,80,80,80,80,80,80,80,80,80,80,80,80,80],"card_choices":[{"not_picked":["True Grit","Warcry"],"picked":"Flex","floor":1},{"not_picked":["Feel No Pain","Perfected Strike"],"picked":"Carnage","floor":3},{"not_picked":["Pommel Strike","Body Slam"],"picked":"Anger","floor":4},{"not_picked":["Sever Soul","Anger"],"picked":"Reaper","floor":5},{"not_picked":["Anger","Flex"],"picked":"Inflame","floor":7},{"not_picked":["True Grit","Second Wind"],"picked":"Blood for Blood","floor":10},{"not_picked":["True Grit","Anger","Metallicize"],"picked":"SKIP","floor":12},{"not_picked":["Flex","Infernal Blade"],"picked":"Twin Strike","floor":13},{"not_picked":["Havoc","Shrug It Off"],"picked":"Twin Strike","floor":14},{"not_picked":["Juggernaut","Impervious"],"picked":"Demon Form","floor":16},{"not_picked":["Thunderclap+1","Shrug It Off"],"picked":"Searing Blow+1","floor":18},{"not_picked":["Clash+1","Sword Boomerang","Metallicize"],"picked":"SKIP","floor":19},{"not_picked":["Hemokinesis","Carnage","Armaments"],"picked":"SKIP","floor":22},{"not_picked":["Dropkick","Shockwave"],"picked":"Havoc","floor":25},{"not_picked":["Headbutt","Infernal Blade+1","Fire Breathing"],"picked":"SKIP","floor":27},{"not_picked":["Flame Barrier+1","Headbutt","Seeing Red"],"picked":"SKIP","floor":29},{"not_picked":["Feel No Pain","Flame Barrier","Metallicize"],"picked":"SKIP","floor":30},{"not_picked":["Uppercut","Clothesline","Sword Boomerang"],"picked":"SKIP","floor":31}],"player_experience":237990,"relics_obtained":[{"floor":9,"key":"Bronze Scales"},{"floor":20,"key":"Ornamental Fan"},{"floor":26,"key":"Art of War"}],"event_choices":[{"damage_healed":0,"gold_gain":0,"player_choice":"Forge","damage_taken":0,"max_hp_gain":0,"max_hp_loss":0,"event_name":"Accursed Blacksmith","floor":2,"gold_loss":0,"cards_upgraded":["Bash"]},{"damage_healed":0,"gold_gain":100,"player_choice":"Pray","damage_taken":0,"max_hp_gain":0,"max_hp_loss":0,"event_name":"Golden Shrine","floor":8,"gold_loss":0},{"cards_removed":["Strike_R"],"damage_healed":0,"gold_gain":0,"player_choice":"Purged","damage_taken":0,"max_hp_gain":0,"max_hp_loss":0,"event_name":"Purifier","floor":21,"gold_loss":0}],"is_beta":false,"boss_relics":[{"not_picked":["Mark of Pain","Ectoplasm"],"picked":"White Beast Statue"}],"items_purged_floors":[24,28],"is_endless":false,"potions_floor_spawned":[3,5,7,10,14,18,19,22,25,27,29,30,31],"killed_by":"Automaton","ascension_level":0}