{"gold_per_floor":[111,129,129,129,147,165,221,221,221,233,247,247,189,203,203,203],"floor_reached":16,"playtime":455,"items_purged":[],"score":208,"play_id":"cb777031-e400-4f91-b2be-87b5f3aba0ad","local_time":"20180920222028","is_ascension_mode":true,"campfire_choices":[{"data":"Dualcast","floor":8,"key":"SMITH"},{"floor":12,"key":"REST"},{"data":"Beam Cell","floor":15,"key":"SMITH"}],"neow_cost":"PERCENT_DAMAGE","seed_source_timestamp":653375633868698,"circlet_count":0,"master_deck":["Strike_B","Strike_B","Strike_B","Defend_B","Defend_B","Defend_B","Defend_B","Zap","Dualcast+1","AscendersBane","Ball Lightning","Turbo","Leap","Skim","Leap","Conserve Battery","Compile Driver","Cold Snap","Beam Cell+1"],"special_seed":0,"relics":["Cracked Core","Tiny Chest","Ornamental Fan"],"potions_floor_usage":[7,16,16],"damage_taken":[{"damage":1,"enemies":"Cultist","floor":1,"turns":3},{"damage":0,"enemies":"2 Louse","floor":2,"turns":1},{"damage":5,"enemies":"Small Slimes","floor":5,"turns":3},{"damage":8,"enemies":"Blue Slaver","floor":6,"turns":2},{"damage":16,"enemies":"Lagavulin","floor":7,"turns":6},{"damage":6,"enemies":"2 Fungi Beasts","floor":10,"turns":3},{"damage":12,"enemies":"Lots of Slimes","floor":11,"turns":5},{"damage":14,"enemies":"Red Slaver","floor":14,"turns":4},{"damage":0,"enemies":"Hexaghost","floor":16,"turns":9}],"seed_played":"-6888979443519366030","potions_obtained":[{"floor":5,"key":"Poison Potion"},{"floor":6,"key":"EssenceOfSteel"},{"floor":11,"key":"Energy Potion"}],"is_trial":false,"path_per_floor":["M","M","?","?","M","M","E","R","T","M","M","R","$","M","R"],"character_chosen":"DEFECT","items_purchased":["Cold Snap"],"campfire_rested":1,"item_purchase_floors":[13],"current_hp_per_floor":[56,56,49,49,44,36,20,20,20,14,2,27,27,13,13,13],"gold":203,"neow_bonus":"TWENTY_PERCENT_HP_BONUS","is_prod":false,"is_daily":false,"chose_seed":false,"campfire_upgraded":2,"win_rate":0,"timestamp":1537496428,"path_taken":["M","M","?","?","M","M","E","R","T","?","M","R","$","M","R","BOSS"],"build_version":"2018-09-20","purchased_purges":0,"victory":false,"max_hp_per_floor":[85,85,85,85,85,85,85,85,85,85,85,85,85,85,85,85],"card_choices":[{"not_picked":["Melter","Doom and Gloom"],"picked":"Ball Lightning","floor":1},{"not_picked":["Force Field","Coolheaded"],"picked":"Turbo","floor":2},{"not_picked":["Hologram","Compile Driver"],"picked":"Leap","floor":5},{"not_picked":["Multi-Cast","Stack"],"picked":"Skim","floor":6},{"not_picked":["Storm","Barrage"],"picked":"Leap","floor":7},{"not_picked":["Redo","Gash"],"picked":"Conserve Battery","floor":10},{"not_picked":["Steam","Heatsinks"],"picked":"Compile Driver","floor":11},{"not_picked":["Turbo","Redo"],"picked":"Beam Cell","floor":14}],"player_experience":862292,"relics_obtained":[{"floor":7,"key":"Tiny Chest"},{"floor":9,"key":"Ornamental Fan"}],"event_choices":[{"event_name":"Golden Wing","player_choice":"Card Removal","floor":3,"damage_taken":0},{"event_name":"Liars Game","player_choice":"disagreed","floor":4,"damage_taken":0}],"is_beta":false,"boss_relics":[],"items_purged_floors":[],"is_endless":false,"potions_floor_spawned":[5,6,11],"killed_by":"Hexaghost","ascension_level":20}