{"path_per_floor":["M","M","M","M","$","E","M","E","T","E","R","E","R","?","R","B",null,"M","?","?","M","?","E","R"],"character_chosen":"IRONCLAD","items_purchased":["Omamori"],"gold_per_floor":[116,127,139,156,6,36,46,81,81,114,114,149,149,149,149,249,249,238,153,153,165,165,199,199],"floor_reached":25,"campfire_rested":0,"playtime":1875,"current_hp_per_floor":[72,72,71,72,72,72,72,67,67,60,60,36,36,36,36,20,82,75,75,75,58,92,44,44],"items_purged":[],"gold":199,"score":261,"play_id":"e2bc9ee5-4e49-4dfc-b4ba-0aca85d41eeb","is_prod":false,"is_daily":false,"is_ascension_mode":true,"campfire_upgraded":4,"path_taken":["M","M","M","M","$","E","M","E","T","E","R","E","R","?","R","BOSS","M","?","?","M","?","E","R","E"],"build_version":"2018-02-08-BETA1","purchased_purges":0,"victory":false,"master_deck":["Strike_R","Strike_R","Strike_R","Strike_R","Defend_R","Defend_R+1","Defend_R","Defend_R+1","Bash","Shockwave","Uppercut+1","Intimidate","Perfected Strike","Dark Embrace+1","Spot Weakness","Armaments+1","Intimidate","True Grit+1","Fiend Fire","Double Tap","Headbutt+1","Whirlwind+1","Perfected Strike"],"max_hp_per_floor":[72,72,72,72,72,72,72,82,82,82,82,82,82,82,82,82,82,82,82,82,82,92,92,92],"relics":["Black Blood","Omamori","War Paint","Pear","Juzu Bracelet","Lantern","Happy Flower","Nloth\u0027s Gift","Mercury Hourglass"],"card_choices":[{"not_picked":["Brutality","Berserk"],"picked":"Reaper"},{"not_picked":["Pummel","Infernal Blade"],"picked":"Shockwave"},{"not_picked":["Rupture","Armaments"],"picked":"Uppercut"},{"not_picked":["Combust","Thunderclap"],"picked":"Intimidate"},{"not_picked":["Twin Strike","Thunderclap"],"picked":"Perfected Strike"},{"not_picked":["Dropkick","Feel No Pain"],"picked":"Dark Embrace"},{"not_picked":["Cleave","Perfected Strike"],"picked":"Spot Weakness"},{"not_picked":["Dropkick","Reaper"],"picked":"Armaments"},{"not_picked":["Pommel Strike","Heavy Blade"],"picked":"Intimidate"},{"not_picked":["Warcry","Thunderclap"],"picked":"True Grit"},{"not_picked":["Dark Embrace","Fiend Fire"],"picked":"Double Tap"},{"not_picked":["Flex","Power Through"],"picked":"Headbutt"},{"not_picked":["Headbutt","Shockwave"],"picked":"Whirlwind"},{"not_picked":["Twin Strike","Power Through"],"picked":"Perfected Strike"}],"player_experience":26427,"potions_floor_usage":[6,8,16,16,16,23],"damage_taken":[{"damage":2,"enemies":"Small Slimes","floor":1,"turns":4},{"damage":6,"enemies":"Cultist","floor":2,"turns":4},{"damage":7,"enemies":"Blue Slaver","floor":3,"turns":5},{"damage":6,"enemies":"2 Fungi Beasts","floor":4,"turns":4},{"damage":9,"enemies":"Gremlin Nob","floor":6,"turns":4},{"damage":2,"enemies":"Large Slime","floor":7,"turns":6},{"damage":21,"enemies":"Lagavulin","floor":8,"turns":7},{"damage":34,"enemies":"3 Sentries","floor":10,"turns":9},{"damage":32,"enemies":"Lagavulin","floor":12,"turns":8},{"damage":24,"enemies":"Slime Boss","floor":16,"turns":10},{"damage":17,"enemies":"2 Thieves","floor":18,"turns":4},{"damage":27,"enemies":"Spheric Guardian","floor":21,"turns":4},{"damage":58,"enemies":"Book of Stabbing","floor":23,"turns":7},{"damage":44,"enemies":"Gremlin Leader","floor":25,"turns":7}],"event_choices":[{"event_name":"Transmorgrifier","player_choice":"Transform","floor":14,"damage_taken":0},{"event_name":"Addict","player_choice":"Obtained Relic","floor":19,"damage_taken":0},{"event_name":"N\u0027loth","player_choice":"Traded a Bird Faced Urn","floor":20,"damage_taken":0},{"event_name":"Bonfire Elementals","player_choice":"RARE","floor":22,"damage_taken":0}],"boss_relics":[{"not_picked":["Runic Cube","Lizard Tail"],"picked":"Black Blood"}],"potions_floor_spawned":[1,4,6,7,12,18,23],"seed_played":"5801109269374598758","killed_by":"Gremlin Leader","ascension_level":1,"is_trial":false}