{"gold_per_floor":[118,37,48,48,13,47,47,73,73,73,83,109,122,140,140,240,240,251,269,1,1,1,29,29,61,139,171,171,181,212,182,182,282,282,294,305,319,38,50,80,104,104,104,104,137,137,149,180,180,180,180,180,40,69,69],"floor_reached":56,"playtime":4628,"items_purged":["Normality"],"score":1873,"play_id":"96e2d031-0537-4c06-a299-fd5db4987e3e","local_time":"20190112034033","is_ascension_mode":true,"campfire_choices":[{"data":"Searing Blow","floor":10,"key":"SMITH"},{"data":"Searing Blow+1","floor":15,"key":"SMITH"},{"data":"Corruption","floor":24,"key":"SMITH"},{"data":"Dark Embrace","floor":28,"key":"SMITH"},{"floor":32,"key":"REST"},{"data":"Searing Blow+2","floor":42,"key":"SMITH"},{"data":"Searing Blow+3","floor":44,"key":"SMITH"},{"floor":49,"key":"RECALL"},{"data":"Searing Blow+4","floor":52,"key":"SMITH"}],"neow_cost":"NONE","seed_source_timestamp":43220912341960,"circlet_count":0,"master_deck":["Bash","Infernal Blade+1","Spot Weakness+1","Anger","Metallicize","Searing Blow+5","Burning Pact+1","Warcry+1","Metallicize","True Grit+1","Bludgeon","Dark Embrace+1","Perfected Strike","Shockwave+1","Iron Wave","Wild Strike","Warcry+1","Feed","Impervious+1","Flame Barrier+1","Blood for Blood","Flame Barrier+1","Pommel Strike","Corruption+1","Apotheosis+1","Iron Wave","Decay","Ghostly+1","Ghostly+1","Ghostly+1","Ghostly+1","Ghostly+1","Spot Weakness+1","Double Tap+1","Pommel Strike+1","Pommel Strike+1","Feed+1","Regret","Injury","Headbutt+1","Shrug It Off+1","Double Tap+1","Burning Pact+1","Ghostly Armor+1","Ghostly Armor+1","Body Slam+1","Body Slam+1","Limit Break+1","True Grit+1","Iron Wave+1"],"relics":["Burning Blood","NeowsBlessing","Toxic Egg 2","Question Card","Bottled Tornado","Regal Pillow","Pandora\u0027s Box","Kunai","Molten Egg 2","The Courier","Ornamental Fan","Strawberry","Calling Bell","Pen Nib","Letter Opener","Mango","Frozen Eye","Darkstone Periapt","Pantograph","War Paint","Gremlin Horn","Calipers","Bag of Preparation","Oddly Smooth Stone"],"potions_floor_usage":[8,8,12,16,27,29,30,33,36,40,47,55],"damage_taken":[{"damage":0,"enemies":"Cultist","floor":1,"turns":1},{"damage":0,"enemies":"Small Slimes","floor":3,"turns":1},{"damage":0,"enemies":"Gremlin Nob","floor":6,"turns":1},{"damage":34,"enemies":"Lagavulin","floor":8,"turns":5},{"damage":12,"enemies":"Jaw Worm","floor":11,"turns":2},{"damage":11,"enemies":"Gremlin Nob","floor":12,"turns":4},{"damage":5,"enemies":"Blue Slaver","floor":13,"turns":4},{"damage":6,"enemies":"Red Slaver","floor":14,"turns":4},{"damage":40,"enemies":"Slime Boss","floor":16,"turns":8},{"damage":18,"enemies":"Spheric Guardian","floor":18,"turns":5},{"damage":26,"enemies":"2 Thieves","floor":19,"turns":5},{"damage":1,"enemies":"Slavers","floor":23,"turns":7},{"damage":3,"enemies":"Book of Stabbing","floor":25,"turns":7},{"damage":26,"enemies":"Slavers","floor":27,"turns":7},{"damage":7,"enemies":"Shelled Parasite and Fungi","floor":29,"turns":3},{"damage":1,"enemies":"Gremlin Leader","floor":30,"turns":5},{"damage":7,"enemies":"Champ","floor":33,"turns":7},{"damage":32,"enemies":"3 Darklings","floor":35,"turns":6},{"damage":8,"enemies":"Orb Walker","floor":36,"turns":4},{"damage":1,"enemies":"Transient","floor":37,"turns":5},{"damage":2,"enemies":"4 Shapes","floor":39,"turns":5},{"damage":4,"enemies":"Reptomancer","floor":40,"turns":5},{"damage":18,"enemies":"Nemesis","floor":45,"turns":7},{"damage":1,"enemies":"Writhing Mass","floor":47,"turns":4},{"damage":0,"enemies":"Giant Head","floor":48,"turns":6},{"damage":35,"enemies":"Donu and Deca","floor":50,"turns":10},{"damage":11,"enemies":"Shield and Spear","floor":54,"turns":8},{"damage":12,"enemies":"The Heart","floor":55,"turns":6}],"seed_played":"-5739646313977933109","potions_obtained":[{"floor":1,"key":"Fire Potion"},{"floor":6,"key":"Ancient Potion"},{"floor":11,"key":"AttackPotion"},{"floor":14,"key":"BloodPotion"},{"floor":23,"key":"Fire Potion"},{"floor":25,"key":"Dexterity Potion"},{"floor":29,"key":"SkillPotion"},{"floor":30,"key":"LiquidBronze"},{"floor":31,"key":"SneckoOil"},{"floor":31,"key":"Regen Potion"},{"floor":35,"key":"Ancient Potion"},{"floor":36,"key":"GamblersBrew"},{"floor":40,"key":"SpeedPotion"},{"floor":48,"key":"Block Potion"},{"floor":54,"key":"Weak Potion"}],"is_trial":false,"path_per_floor":["M","$","M","?","$","E","$","E","T","R","M","E","M","M","R","B",null,"M","M","$","?","?","E","R","E","T","E","R","M","E","?","R","B",null,"M","M","M","$","M","E","T","R","T","R","E","T","M","E","R","B",null,"R","$","E","B",null],"character_chosen":"IRONCLAD","items_purchased":["Spot Weakness","Metallicize","Corruption","Apotheosis+1","Iron Wave","Frozen Eye","Burning Pact+1","True Grit+1","Bag of Preparation"],"campfire_rested":1,"item_purchase_floors":[2,5,20,20,20,38,38,53,53],"current_hp_per_floor":[78,78,80,80,80,80,80,52,52,52,46,41,42,42,42,16,64,52,32,32,32,32,37,37,40,40,20,20,23,39,39,55,58,73,47,61,66,66,74,76,76,76,76,76,68,68,73,79,79,60,82,82,82,81,87],"gold":69,"neow_bonus":"THREE_ENEMY_KILL","is_prod":false,"is_daily":false,"chose_seed":false,"campfire_upgraded":7,"win_rate":0,"timestamp":1547282433,"path_taken":["M","?","?","?","$","E","?","E","T","R","M","E","?","M","R","BOSS","M","M","$","?","?","E","R","E","T","E","R","M","E","?","R","BOSS","M","M","M","$","M","E","?","R","T","R","E","?","?","E","R","BOSS","R","$","E","BOSS"],"build_version":"2019-01-10","purchased_purges":1,"victory":true,"max_hp_per_floor":[80,80,80,80,80,80,80,80,80,80,80,80,80,80,80,80,80,80,80,80,80,40,40,40,40,40,40,40,44,55,55,55,59,73,73,77,77,77,81,81,81,81,81,81,85,85,85,85,85,89,89,89,89,93,93],"card_choices":[{"not_picked":["Wild Strike","Havoc"],"picked":"Infernal Blade","floor":1},{"not_picked":["Clash","Wild Strike"],"picked":"Anger","floor":3},{"not_picked":["Burning Pact","Sentinel"],"picked":"Searing Blow","floor":6},{"not_picked":["Hemokinesis","Pommel Strike"],"picked":"Burning Pact+1","floor":8},{"not_picked":["Anger","Power Through+1","Iron Wave"],"picked":"Warcry+1","floor":11},{"not_picked":["Cleave","Fire Breathing","Dual Wield+1"],"picked":"Metallicize","floor":12},{"not_picked":["Flex+1","Perfected Strike","Anger"],"picked":"True Grit+1","floor":13},{"not_picked":["Spot Weakness+1","Rampage","Dual Wield+1"],"picked":"Bludgeon","floor":14},{"not_picked":["Exhume+1","Fiend Fire","Demon Form"],"picked":"Dark Embrace","floor":16},{"not_picked":["Wild Strike+1","Battle Trance+1","Havoc+1"],"picked":"Flame Barrier+1","floor":18},{"not_picked":["Hemokinesis+1","Headbutt","Blood for Blood"],"picked":"Pommel Strike","floor":19},{"not_picked":["Reckless Charge","Combust","Anger"],"picked":"Spot Weakness+1","floor":23},{"not_picked":["Combust","Disarm+1","Havoc+1"],"picked":"Double Tap+1","floor":25},{"not_picked":["Flex+1","Cleave+1","Carnage+1"],"picked":"Pommel Strike+1","floor":27},{"not_picked":["Heavy Blade+1","Anger+1","Clothesline+1","Warcry+1"],"picked":"SKIP","floor":29},{"not_picked":["Twin Strike+1","Demon Form","Sword Boomerang+1"],"picked":"Pommel Strike+1","floor":30},{"not_picked":["Exhume+1","Limit Break+1","Fiend Fire+1"],"picked":"Feed+1","floor":33},{"not_picked":["Flex+1","Corruption","Sword Boomerang+1"],"picked":"Headbutt+1","floor":35},{"not_picked":["Iron Wave+1","Clash+1","Entrench+1"],"picked":"Shrug It Off+1","floor":36},{"not_picked":["Rampage+1","Thunderclap+1","Heavy Blade+1"],"picked":"Double Tap+1","floor":37},{"not_picked":["Rage+1","Perfected Strike+1","Spot Weakness+1"],"picked":"Ghostly Armor+1","floor":39},{"not_picked":["Dropkick+1","Searing Blow+1","Pommel Strike+1"],"picked":"Ghostly Armor+1","floor":40},{"not_picked":["Iron Wave+1","Wild Strike+1","Evolve+1"],"picked":"Body Slam+1","floor":45},{"not_picked":["Clash+1","Warcry+1","Power Through+1"],"picked":"Body Slam+1","floor":47},{"not_picked":["Double Tap+1","Headbutt+1","Second Wind+1"],"picked":"Limit Break+1","floor":48},{"not_picked":["Metallicize","Rampage+1","Sword Boomerang+1"],"picked":"Iron Wave+1","floor":54}],"player_experience":183414,"relics_obtained":[{"floor":6,"key":"Toxic Egg 2"},{"floor":8,"key":"Question Card"},{"floor":9,"key":"Bottled Tornado"},{"floor":12,"key":"Regal Pillow"},{"floor":23,"key":"Kunai"},{"floor":25,"key":"Molten Egg 2"},{"floor":26,"key":"The Courier"},{"floor":27,"key":"Ornamental Fan"},{"floor":30,"key":"Strawberry"},{"floor":34,"key":"Pen Nib"},{"floor":34,"key":"Letter Opener"},{"floor":34,"key":"Mango"},{"floor":40,"key":"Darkstone Periapt"},{"floor":43,"key":"Pantograph"},{"floor":45,"key":"War Paint"},{"floor":46,"key":"Gremlin Horn"},{"floor":48,"key":"Calipers"},{"floor":54,"key":"Oddly Smooth Stone"}],"event_choices":[{"damage_healed":0,"gold_gain":0,"player_choice":"Full Heal","damage_taken":0,"max_hp_gain":0,"max_hp_loss":0,"event_name":"Wheel of Change","floor":4,"gold_loss":0},{"damage_healed":0,"gold_gain":0,"player_choice":"Smashed Altar","damage_taken":0,"max_hp_gain":0,"max_hp_loss":0,"event_name":"Forgotten Altar","floor":21,"gold_loss":0,"cards_obtained":["Decay"]},{"damage_healed":0,"gold_gain":0,"player_choice":"Became a Ghost","damage_taken":0,"max_hp_gain":0,"max_hp_loss":40,"event_name":"Ghosts","floor":22,"gold_loss":0,"cards_obtained":["Ghostly","Ghostly","Ghostly","Ghostly","Ghostly"]},{"damage_healed":0,"gold_gain":0,"player_choice":"Bought 2 Potions","damage_taken":0,"max_hp_gain":0,"max_hp_loss":0,"event_name":"The Woman in Blue","floor":31,"gold_loss":0}],"is_beta":true,"boss_relics":[{"not_picked":["Fusion Hammer","Runic Cube"],"picked":"Pandora\u0027s Box"},{"not_picked":["Velvet Choker","Astrolabe"],"picked":"Calling Bell"}],"items_purged_floors":[38],"is_endless":false,"potions_floor_spawned":[1,6,11,14,23,25,29,30,35,36,40,48,54],"ascension_level":8}