{"gold_per_floor":[118,118,132,132,207,207,232,245,245,74,74,99,116,149,149,251,251,219,235,235,251,263,263,263],"floor_reached":24,"playtime":975,"items_purged":[],"score":265,"play_id":"a56ded78-20d6-41f7-9756-c5ff475fcb77","local_time":"20190312042118","is_ascension_mode":true,"campfire_choices":[{"data":"Bash","floor":6,"key":"SMITH"},{"floor":15,"key":"REST"},{"floor":23,"key":"REST"}],"neow_cost":"NONE","seed_source_timestamp":336776932704608,"circlet_count":0,"master_deck":["Strike_R","Strike_R","Strike_R","Strike_R","Strike_R","Defend_R","Defend_R","Defend_R","Bash+1","Seeing Red+1","Cleave","Ghostly Armor","Chrysalis","Bludgeon","Reaper","Shrug It Off+1","Panacea","Bash"],"relics":["Burning Blood","NeowsBlessing","Sundial","Bottled Lightning","Blue Candle","Incense Burner","Singing Bowl","Runic Cube"],"potions_floor_usage":[12,13,18,19],"damage_taken":[{"damage":0,"enemies":"Small Slimes","floor":1,"turns":1},{"damage":0,"enemies":"Jaw Worm","floor":3,"turns":1},{"damage":0,"enemies":"Lagavulin","floor":7,"turns":1},{"damage":1,"enemies":"Cultist","floor":8,"turns":3},{"damage":30,"enemies":"3 Sentries","floor":12,"turns":8},{"damage":3,"enemies":"Exordium Thugs","floor":13,"turns":4},{"damage":21,"enemies":"Lagavulin","floor":14,"turns":4},{"damage":28,"enemies":"The Guardian","floor":16,"turns":11},{"damage":32,"enemies":"2 Thieves","floor":18,"turns":5},{"damage":12,"enemies":"Shell Parasite","floor":19,"turns":6},{"damage":21,"enemies":"Centurion and Healer","floor":21,"turns":6},{"damage":42,"enemies":"Snake Plant","floor":22,"turns":5},{"damage":54,"enemies":"Gremlin Leader","floor":24,"turns":3}],"seed_played":"-8464940620891039763","potions_obtained":[{"floor":1,"key":"Explosive Potion"},{"floor":12,"key":"Weak Potion"},{"floor":13,"key":"Dexterity Potion"},{"floor":16,"key":"Ancient Potion"},{"floor":18,"key":"Block Potion"},{"floor":21,"key":"SpeedPotion"}],"is_trial":false,"path_per_floor":["M","?","M","?","?","R","E","M","T","$","?","E","M","E","R","B",null,"M","M","?","M","M","R","E"],"character_chosen":"IRONCLAD","items_purchased":["Chrysalis"],"campfire_rested":2,"item_purchase_floors":[10],"current_hp_per_floor":[80,68,74,74,63,63,69,74,74,74,74,50,53,40,64,42,82,64,60,60,47,13,39,0],"gold":263,"neow_bonus":"THREE_ENEMY_KILL","is_prod":false,"is_daily":false,"chose_seed":false,"campfire_upgraded":1,"win_rate":0,"timestamp":1552389678,"path_taken":["M","?","M","?","?","R","E","M","T","?","?","E","M","E","R","BOSS","M","?","?","M","?","R","E"],"build_version":"2019-01-23","purchased_purges":0,"victory":false,"max_hp_per_floor":[80,80,80,80,80,80,80,80,80,80,80,80,80,82,82,82,82,82,84,84,86,88,88,88],"card_choices":[{"not_picked":["Clash","Anger"],"picked":"Seeing Red","floor":1},{"not_picked":["Rage","Havoc"],"picked":"Cleave","floor":3},{"not_picked":["Spot Weakness","Rupture","Uppercut"],"picked":"SKIP","floor":7},{"not_picked":["Pummel","Sever Soul"],"picked":"Ghostly Armor","floor":8},{"not_picked":["Anger","Iron Wave"],"picked":"Bludgeon","floor":12},{"not_picked":["Second Wind","Pummel","Wild Strike"],"picked":"SKIP","floor":13},{"not_picked":["Heavy Blade","Ghostly Armor","Pommel Strike"],"picked":"Singing Bowl","floor":14},{"not_picked":["Offering","Double Tap"],"picked":"Reaper","floor":16},{"not_picked":["Thunderclap","Wild Strike"],"picked":"Shrug It Off+1","floor":18},{"not_picked":["Shrug It Off+1","Disarm","Thunderclap+1"],"picked":"Singing Bowl","floor":19},{"not_picked":["Shrug It Off+1","Clash","Flex"],"picked":"Singing Bowl","floor":21},{"not_picked":["Clash","Headbutt","Anger"],"picked":"Singing Bowl","floor":22}],"player_experience":327907,"relics_obtained":[{"floor":7,"key":"Bottled Lightning"},{"floor":9,"key":"Blue Candle"},{"floor":12,"key":"Incense Burner"},{"floor":14,"key":"Singing Bowl"}],"event_choices":[{"damage_healed":0,"gold_gain":0,"player_choice":"Success","damage_taken":12,"relics_obtained":["Sundial"],"max_hp_gain":0,"max_hp_loss":0,"event_name":"Scrap Ooze","floor":2,"gold_loss":0},{"damage_healed":0,"gold_gain":0,"player_choice":"Grow","damage_taken":0,"max_hp_gain":0,"max_hp_loss":0,"event_name":"Living Wall","floor":4,"gold_loss":0,"cards_upgraded":["Seeing Red"]},{"damage_healed":0,"gold_gain":75,"player_choice":"Gather Gold","damage_taken":11,"max_hp_gain":0,"max_hp_loss":0,"event_name":"World of Goop","floor":5,"gold_loss":0},{"cards_removed":["Defend_R"],"damage_healed":0,"gold_gain":0,"player_choice":"Purged","damage_taken":0,"max_hp_gain":0,"max_hp_loss":0,"event_name":"Purifier","floor":11,"gold_loss":0},{"damage_healed":0,"gold_gain":0,"player_choice":"2 cards matched","damage_taken":0,"max_hp_gain":0,"max_hp_loss":0,"event_name":"Match and Keep!","floor":20,"gold_loss":0,"cards_obtained":["Panacea","Bash"]}],"is_beta":false,"boss_relics":[{"not_picked":["Velvet Choker","Calling Bell"],"picked":"Runic Cube"}],"items_purged_floors":[],"is_endless":false,"potions_floor_spawned":[1,12,13,16,18,21],"killed_by":"Gremlin Leader","ascension_level":2}