{"gold_per_floor":[18,18,29,29,29,60,60,75,75,75,100,119,132,132,132,223,223,237,271,294,307,307,307,323,323,405,440,455,455,471,511,511,601,601,616,630,304,325,139,175,188,55,55,88,88,101,126,126,126,126,126,126,1,40,40],"floor_reached":55,"playtime":2428,"items_purged":["Strike_B","Strike_B","Strike_B"],"score":1442,"play_id":"14f22b2b-e406-439a-a312-e854cfc8518d","local_time":"20181031004520","is_ascension_mode":true,"campfire_choices":[{"data":"Zap","floor":7.0,"key":"SMITH"},{"data":"Electrodynamics","floor":10.0,"key":"SMITH"},{"data":"Lockon","floor":15.0,"key":"SMITH"},{"data":"Dualcast","floor":23.0,"key":"SMITH"},{"floor":25.0,"key":"RECALL"},{"data":"Biased Cognition","floor":29.0,"key":"SMITH"},{"data":"Echo Form","floor":32.0,"key":"SMITH"},{"data":"Capacitor","floor":45.0,"key":"SMITH"},{"data":"Capacitor","floor":49.0,"key":"SMITH"},{"data":"Hologram","floor":52.0,"key":"SMITH"}],"neow_cost":"NO_GOLD","seed_source_timestamp":53726318795323,"circlet_count":0,"master_deck":["Defend_B","Defend_B","Defend_B","Defend_B","Zap+1","Dualcast+1","AscendersBane","Electrodynamics+1","Lockon+1","Biased Cognition+1","Ball Lightning","Conserve Battery","Biased Cognition","Ball Lightning","Conserve Battery","Echo Form+1","Tempest+1","Undo","Reinforced Body+1","Genetic Algorithm","Hologram+1","Leap+1","Capacitor+1","Glacier","Capacitor+1","Cold Snap","Apotheosis"],"special_seed":0,"relics":["Cracked Core","Meat on the Bone","Emotion Chip","Bag of Marbles","Blue Candle","Golden Idol","Eternal Feather","Red Mask","Ornamental Fan","Kunai","Busted Crown","PreservedInsect","Potion Belt","Frozen Egg 2","Bottled Tornado","Bronze Scales"],"potions_floor_usage":[55,55],"damage_taken":[{"damage":9.0,"enemies":"Jaw Worm","floor":1.0,"turns":3.0},{"damage":6.0,"enemies":"2 Louse","floor":3.0,"turns":2.0},{"damage":15.0,"enemies":"Lagavulin","floor":6.0,"turns":4.0},{"damage":1.0,"enemies":"Cultist","floor":8.0,"turns":3.0},{"damage":3.0,"enemies":"3 Sentries","floor":11.0,"turns":2.0},{"damage":16.0,"enemies":"Lots of Slimes","floor":12.0,"turns":3.0},{"damage":0.0,"enemies":"Looter","floor":13.0,"turns":2.0},{"damage":24.0,"enemies":"Hexaghost","floor":16.0,"turns":6.0},{"damage":0.0,"enemies":"Chosen","floor":18.0,"turns":3.0},{"damage":31.0,"enemies":"Masked Bandits","floor":19.0,"turns":3.0},{"damage":16.0,"enemies":"2 Thieves","floor":20.0,"turns":2.0},{"damage":0.0,"enemies":"Cultist and Chosen","floor":21.0,"turns":3.0},{"damage":6.0,"enemies":"Snake Plant","floor":24.0,"turns":3.0},{"damage":41.0,"enemies":"Book of Stabbing","floor":27.0,"turns":3.0},{"damage":3.0,"enemies":"Centurion and Healer","floor":28.0,"turns":2.0},{"damage":12.0,"enemies":"Cultist and Chosen","floor":30.0,"turns":3.0},{"damage":39.0,"enemies":"Slavers","floor":31.0,"turns":5.0},{"damage":20.0,"enemies":"Champ","floor":33.0,"turns":6.0},{"damage":7.0,"enemies":"Orb Walker","floor":35.0,"turns":3.0},{"damage":0.0,"enemies":"3 Shapes","floor":36.0,"turns":5.0},{"damage":17.0,"enemies":"Maw","floor":38.0,"turns":6.0},{"damage":33.0,"enemies":"Giant Head","floor":40.0,"turns":5.0},{"damage":2.0,"enemies":"4 Shapes","floor":41.0,"turns":5.0},{"damage":32.0,"enemies":"Nemesis","floor":44.0,"turns":5.0},{"damage":9.0,"enemies":"Spire Growth","floor":46.0,"turns":6.0},{"damage":0.0,"enemies":"Sphere and 2 Shapes","floor":47.0,"turns":3.0},{"damage":47.0,"enemies":"Awakened One","floor":50.0,"turns":35.0},{"damage":64.0,"enemies":"Shield and Spear","floor":54.0,"turns":5.0},{"damage":35,"enemies":"The Heart","floor":55,"turns":3}],"seed_played":"-7385673925115215358","potions_obtained":[{"floor":1.0,"key":"Fire Potion"},{"floor":6.0,"key":"Swift Potion"},{"floor":16.0,"key":"SteroidPotion"},{"floor":19.0,"key":"Ancient Potion"},{"floor":21.0,"key":"SkillPotion"},{"floor":30.0,"key":"PowerPotion"},{"floor":38.0,"key":"Fruit Juice"},{"floor":44.0,"key":"PowerPotion"},{"floor":46.0,"key":"Explosive Potion"}],"is_trial":false,"path_per_floor":["M","?","M","?","?","E","R","M","T","R","E","M","M","?","R","B",null,"M","?","M","M","?","R","M","R","T","E","M","R","M","E","R","B",null,"M","M","$","M","$","E","M","$","T","E","R","M","M","?","R","B",null,"R","$","E"],"character_chosen":"DEFECT","items_purchased":["PreservedInsect","Capacitor","Ancient Potion","PowerPotion","Capacitor"],"campfire_rested":0,"item_purchase_floors":[37,37,39,42,42],"current_hp_per_floor":[55,50,44,44,37,34,34,45,45,45,42,38,38,38,38,26,55,55,36,32,44,44,56,50,62,62,33,42,54,42,15,30,22,54,47,47,47,42,47,26,36,36,36,16,31,34,46,46,61,26,58,69,69,17,0],"gold":40,"neow_bonus":"THREE_RARE_CARDS","is_prod":false,"is_daily":false,"chose_seed":false,"campfire_upgraded":9,"win_rate":0,"timestamp":1540961120,"path_taken":["M","?","?","?","?","E","R","M","T","R","E","M","M","?","R","BOSS","M","?","?","?","?","R","M","R","T","E","M","R","M","E","R","BOSS","M","M","$","M","?","E","?","?","T","E","R","M","M","?","R","BOSS","R","$","E","BOSS"],"build_version":"2018-10-29v2","purchased_purges":3,"victory":false,"max_hp_per_floor":[71,71,71,71,71,71,71,71,71,71,71,71,71,64,64,64,64,64,64,64,64,64,64,64,64,64,64,64,64,64,64,64,64,64,64,64,64,64,69,69,69,69,69,69,69,69,69,69,69,69,69,69,69,69,69],"card_choices":[{"not_picked":["Seek","Buffer"],"picked":"Electrodynamics","floor":0.0},{"not_picked":["Beam Cell","Fusion"],"picked":"Lockon","floor":1.0},{"not_picked":["Turbo","Go for the Eyes","Compile Driver"],"picked":"SKIP","floor":3.0},{"not_picked":["Beam Cell","Ball Lightning"],"picked":"Conserve Battery","floor":6.0},{"not_picked":["Chaos","Go for the Eyes"],"picked":"Biased Cognition","floor":8.0},{"not_picked":["Blizzard","Go for the Eyes"],"picked":"Ball Lightning","floor":11.0},{"not_picked":["Go for the Eyes","Sweeping Beam","Compile Driver"],"picked":"SKIP","floor":12.0},{"not_picked":["Steam Power","Redo"],"picked":"Conserve Battery","floor":13.0},{"not_picked":["Fission","Machine Learning"],"picked":"Echo Form","floor":16.0},{"not_picked":["Coolheaded","Gash+1"],"picked":"Tempest+1","floor":18.0},{"not_picked":["Consume","Turbo"],"picked":"Undo","floor":20.0},{"not_picked":["Go for the Eyes","Beam Cell"],"picked":"Reinforced Body+1","floor":21.0},{"not_picked":["Amplify","Heatsinks"],"picked":"Genetic Algorithm","floor":24.0},{"not_picked":["Blizzard","Ball Lightning","Sweeping Beam"],"picked":"SKIP","floor":27.0},{"not_picked":["Rip and Tear","Steam Power"],"picked":"Hologram","floor":28.0},{"not_picked":["Ball Lightning","Darkness"],"picked":"Leap+1","floor":30.0},{"not_picked":["Heatsinks","Hologram","Blizzard"],"picked":"SKIP","floor":31.0},{"not_picked":["Redo"],"picked":"SKIP","floor":35.0},{"not_picked":["Turbo"],"picked":"SKIP","floor":36.0},{"not_picked":[],"picked":"Glacier","floor":38.0},{"not_picked":["Rebound"],"picked":"SKIP","floor":40.0},{"not_picked":["Streamline+1"],"picked":"SKIP","floor":41.0},{"not_picked":["Scrape+1"],"picked":"SKIP","floor":44.0},{"not_picked":[],"picked":"Cold Snap","floor":46.0},{"not_picked":["Gash"],"picked":"SKIP","floor":47.0},{"not_picked":[],"picked":"Apotheosis","floor":48.0},{"not_picked":["Leap"],"picked":"SKIP","floor":54.0}],"player_experience":796376,"relics_obtained":[{"floor":6.0,"key":"Emotion Chip"},{"floor":9.0,"key":"Bag of Marbles"},{"floor":11.0,"key":"Blue Candle"},{"floor":19.0,"key":"Red Mask"},{"floor":27.0,"key":"Ornamental Fan"},{"floor":31.0,"key":"Kunai"},{"floor":40.0,"key":"Potion Belt"},{"floor":43.0,"key":"Frozen Egg 2"},{"floor":44.0,"key":"Bottled Tornado"},{"floor":54.0,"key":"Bronze Scales"}],"event_choices":[{"damage_healed":0.0,"max_hp_gain":0.0,"max_hp_loss":0.0,"gold_gain":0.0,"event_name":"Scrap Ooze","player_choice":"Success","floor":2.0,"gold_loss":0.0,"damage_taken":5.0,"relics_obtained":["Meat on the Bone"]},{"damage_healed":0.0,"max_hp_gain":0.0,"max_hp_loss":0.0,"gold_gain":0.0,"event_name":"Match and Keep!","player_choice":"2 cards matched","floor":4.0,"gold_loss":0.0,"damage_taken":0.0,"cards_obtained":["Biased Cognition","Ball Lightning"]},{"cards_removed":["Strike_B"],"damage_healed":0.0,"max_hp_gain":0.0,"max_hp_loss":0.0,"gold_gain":0.0,"event_name":"Golden Wing","player_choice":"Card Removal","floor":5.0,"gold_loss":0.0,"damage_taken":7.0},{"damage_healed":0.0,"max_hp_gain":0.0,"max_hp_loss":7.0,"gold_gain":0.0,"event_name":"Golden Idol","player_choice":"Lose Max HP","floor":14.0,"gold_loss":0.0,"damage_taken":0.0,"relics_obtained":["Golden Idol"]},{"damage_healed":0.0,"max_hp_gain":0.0,"max_hp_loss":0.0,"gold_gain":0.0,"event_name":"Masked Bandits","player_choice":"Fought Bandits","floor":19.0,"gold_loss":0.0,"damage_taken":0.0},{"damage_healed":0.0,"max_hp_gain":0.0,"max_hp_loss":0.0,"gold_gain":0.0,"event_name":"Cursed Tome","player_choice":"Ignored","floor":22.0,"gold_loss":0.0,"damage_taken":0.0},{"damage_healed":0.0,"max_hp_gain":0.0,"max_hp_loss":0.0,"gold_gain":0.0,"event_name":"SensoryStone","player_choice":"Memory 1","floor":48.0,"gold_loss":0.0,"damage_taken":0.0}],"is_beta":true,"boss_relics":[{"not_picked":["Velvet Choker","Lizard Tail"],"picked":"Eternal Feather"},{"not_picked":["Runic Dome","Astrolabe"],"picked":"Busted Crown"}],"items_purged_floors":[37,39,53],"is_endless":false,"potions_floor_spawned":[1,6,16,19,21,24,30,38,44,46],"killed_by":"The Heart","ascension_level":18}