{"gold_per_floor":[116,17,29,42,56,86,86,86,168,181,181,204,9,30,30,154,154,169,183,202,220,220,220],"floor_reached":23,"playtime":1572,"items_purged":["Defend_G"],"score":266,"play_id":"c73486cf-c089-44f9-92a9-c95741171376","local_time":"20190103022841","is_ascension_mode":true,"campfire_choices":[{"data":"Concentrate","floor":7,"key":"SMITH"},{"data":"Acrobatics","floor":11,"key":"SMITH"},{"floor":15,"key":"REST"}],"neow_cost":"NONE","seed_source_timestamp":20942043611522,"circlet_count":0,"master_deck":["Defend_G","Defend_G","Defend_G","Defend_G","Strike_G","Strike_G","Strike_G","Strike_G","Strike_G","Survivor","Neutralize","Acrobatics","Quick Slash","Dash","Deflect","Concentrate+1","Corpse Explosion","Injury","Acrobatics+1","Predator","Pommel Strike","Reboot+1","Dodge and Roll+1","Machine Learning","Undo"],"relics":["Ring of the Snake","The Specimen","Golden Idol","Paper Crane","PrismaticShard","Sozu"],"potions_floor_usage":[12,16,16],"damage_taken":[{"damage":0,"enemies":"2 Louse","floor":1,"turns":3},{"damage":1,"enemies":"Jaw Worm","floor":3,"turns":4},{"damage":1,"enemies":"Cultist","floor":4,"turns":3},{"damage":0,"enemies":"Looter","floor":5,"turns":4},{"damage":53,"enemies":"Lagavulin","floor":6,"turns":12},{"damage":11,"enemies":"3 Louse","floor":10,"turns":3},{"damage":0,"enemies":"Exordium Thugs","floor":12,"turns":4},{"damage":0,"enemies":"Exordium Wildlife","floor":14,"turns":3},{"damage":54,"enemies":"The Guardian","floor":16,"turns":13},{"damage":10,"enemies":"Chosen","floor":18,"turns":5},{"damage":19,"enemies":"Spheric Guardian","floor":19,"turns":5},{"damage":3,"enemies":"Centurion and Healer","floor":20,"turns":4},{"damage":29,"enemies":"Cultist and Chosen","floor":21,"turns":8},{"damage":21,"enemies":"Book of Stabbing","floor":23,"turns":5}],"seed_played":"1490725475532846878","potions_obtained":[{"floor":3,"key":"Regen Potion"},{"floor":10,"key":"GamblersBrew"},{"floor":12,"key":"Fruit Juice"}],"is_trial":false,"path_per_floor":["M","$","M","M","M","E","R","?","T","M","R","M","$","M","R","B",null,"M","M","M","M","?","E"],"character_chosen":"THE_SILENT","items_purchased":["Quick Slash","PrismaticShard"],"campfire_rested":1,"item_purchase_floors":[2,13],"current_hp_per_floor":[77,77,76,75,75,22,22,22,22,11,11,16,16,16,40,1,82,72,53,50,21,21,0],"gold":220,"neow_bonus":"TEN_PERCENT_HP_BONUS","is_prod":false,"is_daily":false,"chose_seed":false,"campfire_upgraded":2,"win_rate":0,"timestamp":1546500521,"path_taken":["M","$","M","M","M","E","R","?","T","M","R","M","$","M","R","BOSS","M","M","M","M","?","E"],"build_version":"2019-01-01v2","purchased_purges":1,"victory":false,"max_hp_per_floor":[77,77,77,77,77,77,77,77,77,77,77,82,82,82,82,82,82,82,82,82,82,82,82],"card_choices":[{"not_picked":["Deflect","Underhanded Strike"],"picked":"Acrobatics","floor":1},{"not_picked":["Acrobatics","Cloak And Dagger"],"picked":"Dash","floor":3},{"not_picked":["Quick Slash","Dagger Spray"],"picked":"Deflect","floor":4},{"not_picked":["Slice","Outmaneuver"],"picked":"Concentrate","floor":5},{"not_picked":["Dagger Throw","Skewer"],"picked":"Corpse Explosion","floor":6},{"not_picked":["Blade Dance","Dodge and Roll"],"picked":"Acrobatics","floor":10},{"not_picked":["Sucker Punch","Caltrops"],"picked":"Predator","floor":12},{"not_picked":["Thunderclap","Glacier"],"picked":"Pommel Strike","floor":14},{"not_picked":["Limit Break","Amplify"],"picked":"Reboot","floor":16},{"not_picked":["Flying Knee","Perfected Strike"],"picked":"Dodge and Roll+1","floor":18},{"not_picked":["Dodge and Roll","True Grit"],"picked":"Machine Learning","floor":19},{"not_picked":["Quick Slash","Pommel Strike"],"picked":"Undo","floor":20},{"not_picked":["True Grit","Rebound+1","Heel Hook"],"picked":"SKIP","floor":21}],"player_experience":173459,"relics_obtained":[{"floor":6,"key":"The Specimen"},{"floor":9,"key":"Paper Crane"}],"event_choices":[{"damage_healed":0,"gold_gain":0,"player_choice":"Take Wound","damage_taken":0,"relics_obtained":["Golden Idol"],"max_hp_gain":0,"max_hp_loss":0,"event_name":"Golden Idol","floor":8,"gold_loss":0,"cards_obtained":["Injury"]},{"damage_healed":0,"gold_gain":0,"player_choice":"Upgraded","damage_taken":0,"max_hp_gain":0,"max_hp_loss":0,"event_name":"Upgrade Shrine","floor":22,"gold_loss":0,"cards_upgraded":["Reboot"]}],"is_beta":true,"boss_relics":[{"not_picked":["Fusion Hammer","Empty Cage"],"picked":"Sozu"}],"items_purged_floors":[2],"is_endless":false,"potions_floor_spawned":[3,10,12,18],"killed_by":"Book of Stabbing","ascension_level":4}