{"gold_per_floor":[16,33,45,61,72,72,101,101,101,101,101,101,251,16,16,95,95,105,105,120,120,120,155,155,169,169,189,205,224,224,26,26,97,97,108,22,32,32,47,47],"floor_reached":40,"playtime":2787,"items_purged":["Doubt"],"score":800,"play_id":"b4c8f786-78bd-4801-a1dd-d5fadc04e0fd","local_time":"20190318120810","is_ascension_mode":true,"campfire_choices":[{"data":"Dualcast","floor":6,"key":"SMITH"},{"data":"Zap","floor":8,"key":"SMITH"},{"data":"Biased Cognition","floor":10,"key":"SMITH"},{"floor":15,"key":"REST"},{"data":"Echo Form","floor":24,"key":"SMITH"},{"data":"Buffer","floor":30,"key":"SMITH"},{"data":"Defragment","floor":32,"key":"SMITH"}],"neow_cost":"NO_GOLD","seed_source_timestamp":9725340206322,"circlet_count":0,"master_deck":["AscendersBane","Zap+1","Dualcast+1","Hologram","Gash","Sweeping Beam","Biased Cognition+1","Self Repair","Gash","Cold Snap","Hologram","Hologram","Gash","Loop","Coolheaded","Echo Form+1","Gash","Cold Snap+1","Doom and Gloom","Buffer+1","Coolheaded","Conserve Battery","Compile Driver","Defragment+1","Fission","Machine Learning","Recycle","Capacitor","Buffer","Fusion","Rip and Tear","Genetic Algorithm","Defragment"],"relics":["Cracked Core","Prayer Wheel","Boot","Ancient Tea Set","Busted Crown","Oddly Smooth Stone","Sundial","Art of War","Orichalcum","Pandora\u0027s Box"],"potions_floor_usage":[16,16,18,28,33,39],"damage_taken":[{"damage":0,"enemies":"2 Louse","floor":1,"turns":2},{"damage":0,"enemies":"Cultist","floor":2,"turns":3},{"damage":0,"enemies":"Small Slimes","floor":3,"turns":3},{"damage":1,"enemies":"2 Fungi Beasts","floor":4,"turns":3},{"damage":8,"enemies":"Red Slaver","floor":5,"turns":3},{"damage":30,"enemies":"Lagavulin","floor":7,"turns":6},{"damage":25,"enemies":"Slime Boss","floor":16,"turns":10},{"damage":12,"enemies":"3 Byrds","floor":18,"turns":3},{"damage":12,"enemies":"Spheric Guardian","floor":20,"turns":5},{"damage":19,"enemies":"Book of Stabbing","floor":23,"turns":6},{"damage":21,"enemies":"Snake Plant","floor":25,"turns":4},{"damage":10,"enemies":"Sentry and Sphere","floor":27,"turns":6},{"damage":13,"enemies":"Centurion and Healer","floor":28,"turns":6},{"damage":2,"enemies":"Cultist and Chosen","floor":29,"turns":7},{"damage":23,"enemies":"Champ","floor":33,"turns":11},{"damage":14,"enemies":"3 Shapes","floor":35,"turns":9},{"damage":1,"enemies":"Orb Walker","floor":37,"turns":3},{"damage":17,"enemies":"Transient","floor":39,"turns":6},{"damage":75,"enemies":"Reptomancer","floor":40,"turns":2}],"seed_played":"2420687810256230810","potions_obtained":[{"floor":2,"key":"Regen Potion"},{"floor":7,"key":"Dexterity Potion"},{"floor":16,"key":"Explosive Potion"},{"floor":18,"key":"Weak Potion"},{"floor":25,"key":"Weak Potion"},{"floor":29,"key":"FocusPotion"},{"floor":37,"key":"Block Potion"}],"is_trial":false,"path_per_floor":["M","M","M","M","M","R","E","R","T","R","?","?","?","$","R","B",null,"M","?","M","$","?","E","R","M","T","M","M","M","R","$","R","B",null,"M","$","M","?","M","E"],"character_chosen":"DEFECT","items_purchased":["Gash","Loop","Coolheaded","Defragment","Orichalcum","Defragment"],"campfire_rested":1,"item_purchase_floors":[14,14,14,31,31,36],"current_hp_per_floor":[64,64,64,70,69,69,46,46,46,46,46,39,39,39,60,56,67,62,62,64,64,64,52,52,38,38,35,36,41,41,41,41,25,60,60,60,59,59,56,0],"gold":47,"neow_bonus":"ONE_RARE_RELIC","is_prod":false,"is_daily":false,"chose_seed":false,"campfire_upgraded":6,"win_rate":0,"timestamp":1552925290,"path_taken":["M","M","M","M","M","R","E","R","T","R","?","?","?","$","R","BOSS","M","?","?","?","?","E","R","M","T","M","M","M","R","$","R","BOSS","M","$","M","?","?","E"],"build_version":"2019-03-15","purchased_purges":1,"victory":false,"max_hp_per_floor":[71,71,71,71,71,71,71,71,71,71,71,71,71,71,71,71,71,71,71,71,71,71,71,71,71,71,71,71,71,71,71,71,71,71,71,71,71,71,71,71],"card_choices":[{"not_picked":["Coolheaded","Barrage"],"picked":"Hologram","floor":1},{"not_picked":["Hologram","Hello World"],"picked":"Gash","floor":1},{"not_picked":["Steam Power","Fusion"],"picked":"Sweeping Beam","floor":2},{"not_picked":["Streamline","Stack","Skim"],"picked":"SKIP","floor":2},{"not_picked":["Darkness","Sweeping Beam"],"picked":"Biased Cognition","floor":3},{"not_picked":["Scrape","Rip and Tear"],"picked":"Self Repair","floor":3},{"not_picked":["Streamline","Undo"],"picked":"Gash","floor":4},{"not_picked":["Beam Cell","Compile Driver","Barrage"],"picked":"SKIP","floor":4},{"not_picked":["Rebound","Double Energy"],"picked":"Cold Snap","floor":5},{"not_picked":["Multi-Cast","Streamline"],"picked":"Hologram","floor":5},{"not_picked":["Leap","Streamline"],"picked":"Hologram","floor":7},{"not_picked":["Reboot","Biased Cognition"],"picked":"Echo Form","floor":16},{"not_picked":[],"picked":"Gash","floor":18},{"not_picked":["Beam Cell"],"picked":"SKIP","floor":18},{"not_picked":[],"picked":"Cold Snap+1","floor":20},{"not_picked":[],"picked":"Doom and Gloom","floor":20},{"not_picked":["Beam Cell"],"picked":"SKIP","floor":23},{"not_picked":["Barrage"],"picked":"SKIP","floor":25},{"not_picked":["Ball Lightning"],"picked":"SKIP","floor":25},{"not_picked":[],"picked":"Buffer","floor":27},{"not_picked":[],"picked":"Coolheaded","floor":27},{"not_picked":[],"picked":"Conserve Battery","floor":28},{"not_picked":[],"picked":"Compile Driver","floor":28},{"not_picked":["Storm+1"],"picked":"SKIP","floor":29},{"not_picked":["Auto Shields"],"picked":"SKIP","floor":29},{"not_picked":[],"picked":"Fission","floor":33},{"not_picked":["Stack"],"picked":"SKIP","floor":35},{"not_picked":["Heatsinks"],"picked":"SKIP","floor":35},{"not_picked":["Leap"],"picked":"SKIP","floor":37},{"not_picked":["Steam"],"picked":"SKIP","floor":37},{"not_picked":["Barrage"],"picked":"SKIP","floor":39},{"not_picked":["Barrage+1"],"picked":"SKIP","floor":39}],"player_experience":560600,"relics_obtained":[{"floor":7,"key":"Boot"},{"floor":9,"key":"Ancient Tea Set"},{"floor":23,"key":"Sundial"},{"floor":26,"key":"Art of War"}],"event_choices":[{"damage_healed":0,"gold_gain":0,"player_choice":"Searched \u00271\u0027 times","damage_taken":0,"max_hp_gain":0,"max_hp_loss":0,"event_name":"Dead Adventurer","floor":11,"gold_loss":0},{"cards_removed":["Strike_B"],"damage_healed":0,"gold_gain":0,"player_choice":"Card Removal","damage_taken":7,"max_hp_gain":0,"max_hp_loss":0,"event_name":"Golden Wing","floor":12,"gold_loss":0},{"damage_healed":0,"gold_gain":150,"player_choice":"AGREE","damage_taken":0,"max_hp_gain":0,"max_hp_loss":0,"event_name":"Liars Game","floor":13,"gold_loss":0,"cards_obtained":["Doubt"]},{"damage_healed":0,"gold_gain":0,"player_choice":"Gave Potion","damage_taken":0,"relics_obtained":["Oddly Smooth Stone"],"max_hp_gain":0,"max_hp_loss":0,"event_name":"WeMeetAgain","floor":19,"gold_loss":0},{"damage_healed":0,"gold_gain":0,"player_choice":"Ignored","damage_taken":0,"max_hp_gain":0,"max_hp_loss":0,"event_name":"Beggar","floor":22,"gold_loss":0},{"damage_healed":0,"gold_gain":0,"player_choice":"0 cards matched","damage_taken":0,"max_hp_gain":0,"max_hp_loss":0,"event_name":"Match and Keep!","floor":38,"gold_loss":0,"cards_obtained":[]}],"is_beta":true,"boss_relics":[{"not_picked":["Fusion Hammer","FrozenCore"],"picked":"Busted Crown"},{"not_picked":["Runic Dome","Astrolabe"],"picked":"Pandora\u0027s Box"}],"items_purged_floors":[14],"is_endless":false,"potions_floor_spawned":[2,7,16,18,25,29,37],"killed_by":"Reptomancer","ascension_level":18}