{"gold_per_floor":[111,261,17,32,47,47,60,60,86,97,97,122,122,135,135,214,214,134,151,13,29,29],"floor_reached":22,"playtime":1349,"items_purged":["Doubt"],"score":353,"play_id":"79358ad6-eaac-4ddf-8bed-ba789f13a23d","local_time":"20190317083318","is_ascension_mode":true,"campfire_choices":[{"data":"Zap","floor":6,"key":"SMITH"},{"data":"Capacitor","floor":11,"key":"SMITH"},{"data":"Coolheaded","floor":13,"key":"SMITH"},{"floor":15,"key":"REST"}],"neow_cost":"NONE","seed_source_timestamp":276835475126500,"circlet_count":0,"master_deck":["AscendersBane","Strike_B","Strike_B","Strike_B","Strike_B","Defend_B","Defend_B","Defend_B","Defend_B","Zap+1","Dualcast","Amplify","Cold Snap","Capacitor+1","Glacier","Heatsinks","Go for the Eyes","Self Repair","Coolheaded+1","Force Field","Consume","Core Surge","Sweeping Beam+1","Auto Shields","Capacitor","Hologram","Conserve Battery"],"relics":["Cracked Core","Lantern","Bronze Scales","Art of War","Sozu"],"potions_floor_usage":[19],"damage_taken":[{"damage":2,"enemies":"2 Louse","floor":1,"turns":3},{"damage":1,"enemies":"Small Slimes","floor":4,"turns":4},{"damage":5,"enemies":"Cultist","floor":5,"turns":4},{"damage":9,"enemies":"Looter","floor":7,"turns":4},{"damage":17,"enemies":"Large Slime","floor":10,"turns":6},{"damage":19,"enemies":"Lagavulin","floor":12,"turns":9},{"damage":16,"enemies":"3 Louse","floor":14,"turns":2},{"damage":19,"enemies":"The Guardian","floor":16,"turns":12},{"damage":7,"enemies":"2 Thieves","floor":18,"turns":4},{"damage":16,"enemies":"3 Byrds","floor":19,"turns":3},{"damage":20,"enemies":"Snecko","floor":21,"turns":7},{"damage":25,"enemies":"Cultist and Chosen","floor":22,"turns":4}],"seed_played":"-119538370693709528","potions_obtained":[{"floor":1,"key":"Strength Potion"},{"floor":12,"key":"LiquidBronze"},{"floor":14,"key":"Energy Potion"}],"is_trial":false,"path_per_floor":["M","?","$","M","M","R","M","?","T","M","R","E","R","M","R","B",null,"M","M","$","M","M"],"character_chosen":"DEFECT","items_purchased":["Capacitor","Glacier","Capacitor","Hologram"],"campfire_rested":1,"item_purchase_floors":[3,3,20,20],"current_hp_per_floor":[62,62,62,61,56,56,47,47,47,44,44,32,32,23,44,32,61,54,38,38,25,0],"gold":29,"neow_bonus":"ONE_RANDOM_RARE_CARD","is_prod":false,"is_daily":false,"chose_seed":false,"campfire_upgraded":3,"win_rate":0,"timestamp":1552825998,"path_taken":["M","?","$","M","M","R","M","?","T","?","R","E","R","M","R","BOSS","M","M","$","M","M"],"build_version":"2019-03-15","purchased_purges":1,"victory":false,"max_hp_per_floor":[71,71,71,71,71,71,71,71,71,71,71,71,71,71,71,71,71,71,71,71,71,71],"card_choices":[{"not_picked":["Turbo","Skim"],"picked":"Cold Snap","floor":1},{"not_picked":["Steam","Rebound"],"picked":"Heatsinks","floor":4},{"not_picked":["Leap","Sweeping Beam"],"picked":"Go for the Eyes","floor":5},{"not_picked":["Rebound","Ball Lightning"],"picked":"Self Repair","floor":7},{"not_picked":["Compile Driver","Barrage"],"picked":"Coolheaded","floor":10},{"not_picked":["Steam Power","Fission"],"picked":"Force Field","floor":12},{"not_picked":["Turbo","Melter"],"picked":"Consume","floor":14},{"not_picked":["Amplify","Rainbow"],"picked":"Core Surge","floor":16},{"not_picked":["Turbo","Redo"],"picked":"Sweeping Beam+1","floor":18},{"not_picked":["Beam Cell","Go for the Eyes"],"picked":"Auto Shields","floor":19},{"not_picked":["Storm","Gash"],"picked":"Conserve Battery","floor":21}],"player_experience":538147,"relics_obtained":[{"floor":9,"key":"Bronze Scales"},{"floor":12,"key":"Art of War"}],"event_choices":[{"damage_healed":0,"gold_gain":150,"player_choice":"AGREE","damage_taken":0,"max_hp_gain":0,"max_hp_loss":0,"event_name":"Liars Game","floor":2,"gold_loss":0,"cards_obtained":["Doubt"]},{"damage_healed":0,"gold_gain":0,"player_choice":"Gave Potion","damage_taken":0,"relics_obtained":["Lantern"],"max_hp_gain":0,"max_hp_loss":0,"event_name":"WeMeetAgain","floor":8,"gold_loss":0}],"is_beta":true,"boss_relics":[{"not_picked":["FrozenCore","Astrolabe"],"picked":"Sozu"}],"items_purged_floors":[3],"is_endless":false,"potions_floor_spawned":[1,12,14,19],"killed_by":"Cultist and Chosen","ascension_level":18}