{"gold_per_floor":[109,109,109,128,155,155,181,181,181,181,197,224,243,268,268,268],"floor_reached":16,"playtime":585,"items_purged":[],"score":336,"play_id":"07399688-4a43-4ddb-ad3b-03a7386125b8","local_time":"20190310113506","is_ascension_mode":true,"campfire_choices":[{"data":"Armaments","floor":6,"key":"SMITH"},{"data":"Bash","floor":8,"key":"SMITH"},{"floor":10,"key":"REST"},{"data":"Demon Form","floor":15,"key":"SMITH"}],"neow_cost":"NONE","seed_source_timestamp":288009837224820,"circlet_count":0,"master_deck":["AscendersBane","Strike_R","Strike_R","Strike_R","Strike_R","Strike_R","Defend_R+1","Defend_R","Defend_R+1","Defend_R+1","Bash+1","Anger+1","Armaments+1","Rampage","Demon Form+1","Feed","Thunderclap","Shrug It Off"],"relics":["Burning Blood","Vajra","Mango","Bag of Marbles","War Paint","Ancient Tea Set","Bottled Flame","Lantern"],"potions_floor_usage":[14,16,16],"damage_taken":[{"damage":6,"enemies":"Jaw Worm","floor":1,"turns":5},{"damage":1,"enemies":"2 Louse","floor":4,"turns":2},{"damage":32,"enemies":"Lagavulin","floor":7,"turns":7},{"damage":0,"enemies":"Small Slimes","floor":11,"turns":2},{"damage":41,"enemies":"3 Sentries","floor":12,"turns":9},{"damage":4,"enemies":"3 Louse","floor":13,"turns":4},{"damage":17,"enemies":"Lagavulin","floor":14,"turns":6}],"seed_played":"2299976670037298665","potions_obtained":[{"floor":11,"key":"PowerPotion"},{"floor":12,"key":"EssenceOfSteel"},{"floor":14,"key":"Energy Potion"}],"is_trial":false,"path_per_floor":["M","?","T","M","T","R","E","R","T","R","M","E","M","E","R","B"],"character_chosen":"IRONCLAD","items_purchased":[],"campfire_rested":1,"item_purchase_floors":[],"current_hp_per_floor":[68,45,59,64,64,64,38,38,38,64,70,35,40,29,29,0],"gold":268,"neow_bonus":"RANDOM_COMMON_RELIC","is_prod":false,"is_daily":false,"chose_seed":false,"campfire_upgraded":3,"win_rate":0,"timestamp":1552232106,"path_taken":["M","?","?","M","?","R","E","R","T","R","M","E","M","E","R","BOSS"],"build_version":"2019-02-06","purchased_purges":0,"victory":false,"max_hp_per_floor":[75,75,89,89,89,89,89,89,89,89,89,89,92,92,92,92],"card_choices":[{"not_picked":["True Grit","Rampage"],"picked":"Anger","floor":1},{"not_picked":["Heavy Blade","Hemokinesis"],"picked":"Armaments","floor":4},{"not_picked":["Power Through","Pummel"],"picked":"Rampage","floor":7},{"not_picked":["Pommel Strike","Clash"],"picked":"Demon Form","floor":11},{"not_picked":["Iron Wave","Warcry"],"picked":"Feed","floor":12},{"not_picked":["Perfected Strike","Flex"],"picked":"Thunderclap","floor":13},{"not_picked":["Sever Soul","Shockwave"],"picked":"Shrug It Off","floor":14}],"player_experience":1070518,"relics_obtained":[{"floor":3,"key":"Mango"},{"floor":5,"key":"Bag of Marbles"},{"floor":7,"key":"War Paint"},{"floor":9,"key":"Ancient Tea Set"},{"floor":12,"key":"Bottled Flame"},{"floor":14,"key":"Lantern"}],"event_choices":[{"damage_healed":0,"gold_gain":0,"player_choice":"Entered Light","damage_taken":23,"max_hp_gain":0,"max_hp_loss":0,"event_name":"Shining Light","floor":2,"gold_loss":0,"cards_upgraded":["Defend_R","Anger"]}],"is_beta":true,"boss_relics":[],"items_purged_floors":[],"is_endless":false,"potions_floor_spawned":[11,12,14],"killed_by":"The Guardian","ascension_level":20}