{"path_per_floor":["M","?","M","$","M","E","M","M","T","M","?","?","M","M","R"],"character_chosen":"IRONCLAD","items_purchased":["Armaments"],"gold_per_floor":[113,113,130,83,94,119,135,145,145,156,156,156,167,180,180,180],"floor_reached":16,"campfire_rested":1,"playtime":1831,"current_hp_per_floor":[78,78,75,75,80,71,57,43,43,27,27,27,23,29,53,0],"items_purged":[],"gold":180,"score":106,"play_id":"6c41e9d5-0ed5-473c-ae31-cd7c86f60ea6","local_time":"20180329012736","is_prod":false,"is_daily":false,"is_ascension_mode":false,"campfire_upgraded":0,"timestamp":1522312056,"path_taken":["M","?","M","$","M","E","?","M","T","M","?","?","M","M","R","BOSS"],"build_version":"2018-03-22v2","purchased_purges":0,"victory":false,"master_deck":["Strike_R","Strike_R","Strike_R","Strike_R","Strike_R","Defend_R","Defend_R","Defend_R","Defend_R","Bash","Armaments","Dropkick","Armaments","Clothesline","Combust+1","Thunderclap","Anger","Twin Strike","Anger","Thunderclap"],"max_hp_per_floor":[80,80,80,80,80,80,80,80,80,80,80,80,80,80,80,80],"relics":["Burning Blood","Bag of Preparation","Orichalcum"],"card_choices":[{"not_picked":["Clash","Body Slam"],"picked":"Armaments","floor":1},{"not_picked":["Searing Blow","Blood for Blood"],"picked":"Dropkick","floor":3},{"not_picked":["Warcry","Perfected Strike"],"picked":"Clothesline","floor":5},{"not_picked":["Dual Wield","Demon Form"],"picked":"Combust","floor":6},{"not_picked":["Clothesline","Rampage"],"picked":"Thunderclap","floor":7},{"not_picked":["Metallicize","Second Wind"],"picked":"Anger","floor":8},{"not_picked":["Perfected Strike","Clash"],"picked":"Twin Strike","floor":10},{"not_picked":["Iron Wave","Pommel Strike"],"picked":"Anger","floor":13},{"not_picked":["Uppercut","Barricade"],"picked":"Thunderclap","floor":14}],"player_experience":0,"potions_floor_usage":[16,16],"damage_taken":[{"damage":8,"enemies":"Small Slimes","floor":1,"turns":4},{"damage":9,"enemies":"Jaw Worm","floor":3,"turns":5},{"damage":1,"enemies":"Cultist","floor":5,"turns":3},{"damage":15,"enemies":"3 Sentries","floor":6,"turns":10},{"damage":20,"enemies":"3 Louse","floor":7,"turns":5},{"damage":20,"enemies":"Large Slime","floor":8,"turns":4},{"damage":22,"enemies":"Gremlin Gang","floor":10,"turns":5},{"damage":10,"enemies":"Looter","floor":13,"turns":3},{"damage":0,"enemies":"Lots of Slimes","floor":14,"turns":2},{"damage":69,"enemies":"The Guardian","floor":16,"turns":10}],"event_choices":[{"event_name":"Shining Light","player_choice":"Ignored","floor":2,"damage_taken":0},{"event_name":"Living Wall","player_choice":"Grow","floor":11,"damage_taken":0},{"event_name":"Match and Keep!","player_choice":"0 cards matched","floor":12,"damage_taken":0}],"boss_relics":[],"potions_floor_spawned":[5,8,10,13,14],"seed_played":"6108418103870304421","killed_by":"The Guardian","ascension_level":0,"is_trial":false}