{"gold_per_floor":[110,60,60,75,86,115,115,144,144,144,164,164,164,181,181,286,286,304,50,50,70,70,105,105,105,105,139,139,158,178,196,196,298,298,314,326,341,355,355,381,381,412,412,27,27,27,27,27,27,27,27,27,27,56,56],"floor_reached":56,"playtime":6349,"items_purged":[],"score":1353,"play_id":"87986d36-a313-4995-8890-3a51fcf66105","local_time":"20190321034515","is_ascension_mode":true,"campfire_choices":[{"data":"Zap","floor":7.0,"key":"SMITH"},{"data":"Coolheaded","floor":12.0,"key":"SMITH"},{"floor":15.0,"key":"REST"},{"data":"Defragment","floor":24.0,"key":"SMITH"},{"floor":28.0,"key":"REST"},{"floor":32.0,"key":"REST"},{"floor":41,"key":"REST"},{"data":"Loop","floor":45,"key":"SMITH"},{"floor":47,"key":"RECALL"},{"data":"Creative AI","floor":49,"key":"SMITH"},{"data":"Echo Form","floor":52,"key":"SMITH"}],"neow_cost":"TEN_PERCENT_HP_LOSS","seed_source_timestamp":210898829923600,"circlet_count":0,"master_deck":["Defend_B","Defend_B","Zap+1","Dualcast","All For One","Go for the Eyes+1","Glacier","Coolheaded+1","Sweeping Beam+1","Echo Form","Defragment+1","Leap+1","Fission+1","Go for the Eyes+1","J.A.X.+1","Steam Power+1","Echo Form+1","Sunder+1","Gash+1","Defragment+1","Creative AI+1","Lockon+1","Steam+1","Heatsinks+1","Melter+1","Hologram+1","Conserve Battery+1","Loop+1","All For One+1"],"special_seed":0,"relics":["Cracked Core","NlothsMask","Matryoshka","Kunai","Toxic Egg 2","Philosopher\u0027s Stone","Molten Egg 2","The Courier","Regal Pillow","Mercury Hourglass","Mummified Hand","Astrolabe","Prayer Wheel","Sundial","Bottled Flame","Lantern","TheAbacus","Strawberry","Ginger"],"potions_floor_usage":[55,55,55],"damage_taken":[{"damage":3.0,"enemies":"Jaw Worm","floor":1.0,"turns":4.0},{"damage":0.0,"enemies":"Small Slimes","floor":4.0,"turns":2.0},{"damage":0.0,"enemies":"Cultist","floor":5.0,"turns":4.0},{"damage":14.0,"enemies":"3 Sentries","floor":6.0,"turns":10.0},{"damage":13.0,"enemies":"Gremlin Nob","floor":8.0,"turns":6.0},{"damage":6.0,"enemies":"Blue Slaver","floor":11.0,"turns":4.0},{"damage":6.0,"enemies":"2 Fungi Beasts","floor":14.0,"turns":3.0},{"damage":14.0,"enemies":"The Guardian","floor":16.0,"turns":15.0},{"damage":31.0,"enemies":"3 Byrds","floor":18.0,"turns":4.0},{"damage":0.0,"enemies":"Chosen","floor":21.0,"turns":5.0},{"damage":17.0,"enemies":"Gremlin Leader","floor":23.0,"turns":3.0},{"damage":8.0,"enemies":"Book of Stabbing","floor":27.0,"turns":4.0},{"damage":10.0,"enemies":"Snake Plant","floor":29.0,"turns":4.0},{"damage":3.0,"enemies":"Snecko","floor":30.0,"turns":4.0},{"damage":7.0,"enemies":"Cultist and Chosen","floor":31.0,"turns":5.0},{"damage":14.0,"enemies":"Automaton","floor":33.0,"turns":7.0},{"damage":3.0,"enemies":"3 Darklings","floor":35.0,"turns":3.0},{"damage":5.0,"enemies":"Orb Walker","floor":36.0,"turns":3.0},{"damage":23.0,"enemies":"4 Shapes","floor":37.0,"turns":3.0},{"damage":3,"enemies":"Spire Growth","floor":38,"turns":4},{"damage":6,"enemies":"Nemesis","floor":40,"turns":5},{"damage":6,"enemies":"Giant Head","floor":42,"turns":6},{"damage":53,"enemies":"Awakened One","floor":50,"turns":10},{"damage":6,"enemies":"Shield and Spear","floor":54,"turns":5},{"damage":57,"enemies":"The Heart","floor":55,"turns":8}],"seed_played":"6560415980028747043","potions_obtained":[{"floor":5.0,"key":"SkillPotion"},{"floor":11.0,"key":"SkillPotion"},{"floor":21.0,"key":"GamblersBrew"},{"floor":23.0,"key":"LiquidBronze"},{"floor":31.0,"key":"PowerPotion"},{"floor":36.0,"key":"Ancient Potion"}],"is_trial":false,"path_per_floor":["M","?","?","M","M","E","R","E","T","?","M","R","?","M","R","B",null,"M","$","?","M","?","E","R","T","T","E","R","M","M","M","R","B",null,"M","M","M","M","?","E","R","E","T","$","R","?","R","T","R","B",null,"R","$","E","B",null],"character_chosen":"DEFECT","items_purchased":["Molten Egg 2","Lantern","Loop","TheAbacus","Beam Cell+1"],"campfire_rested":4,"item_purchase_floors":[19,44,44,44,44],"current_hp_per_floor":[65,65,65,65,65,51,51,38,38,24,18,18,18,12,32,18,68,37,37,37,37,37,20,20,20,20,12,47,37,34,27,62,48,68,65,60,37,34,34,28,63,57,57,57,57,57,57,64,64,11,75,75,75,69,12],"gold":56,"neow_bonus":"THREE_RARE_CARDS","is_prod":false,"is_daily":false,"chose_seed":false,"campfire_upgraded":6,"win_rate":0,"timestamp":1553120115,"path_taken":["M","?","?","M","?","E","R","E","T","?","M","R","?","M","R","BOSS","M","$","?","M","?","E","R","?","T","E","R","M","?","M","R","BOSS","M","M","M","M","?","E","R","E","T","$","R","?","R","?","R","BOSS","R","$","E","BOSS"],"build_version":"2019-01-23","purchased_purges":0,"victory":true,"max_hp_per_floor":[68,68,68,68,68,68,68,68,68,68,68,68,68,68,68,68,68,68,68,68,68,68,68,68,68,68,68,68,68,68,68,68,68,68,68,68,68,68,68,68,68,68,68,68,68,68,68,75,75,75,75,75,75,75,75],"card_choices":[{"not_picked":["Seek","Fission"],"picked":"All For One","floor":0.0},{"not_picked":["Aggregate","Melter"],"picked":"Go for the Eyes","floor":1.0},{"not_picked":["Go for the Eyes","Ball Lightning"],"picked":"Glacier","floor":4.0},{"not_picked":["Redo","Barrage"],"picked":"Coolheaded","floor":5.0},{"not_picked":["Cold Snap","Hologram"],"picked":"Sweeping Beam","floor":6.0},{"not_picked":["Barrage","Melter"],"picked":"Echo Form","floor":8.0},{"not_picked":["Sweeping Beam","Doom and Gloom","Tempest+1"],"picked":"SKIP","floor":11.0},{"not_picked":["Stack+1","Compile Driver"],"picked":"Leap+1","floor":14.0},{"not_picked":["Buffer","Biased Cognition"],"picked":"Fission+1","floor":16.0},{"not_picked":["Coolheaded+1","Sweeping Beam"],"picked":"Go for the Eyes+1","floor":18.0},{"not_picked":["Sweeping Beam+1","Rip and Tear+1"],"picked":"Steam Power+1","floor":21.0},{"not_picked":["Skim+1","Steam Power+1"],"picked":"Echo Form","floor":23.0},{"not_picked":["Sweeping Beam+1","Leap+1"],"picked":"Sunder+1","floor":27.0},{"not_picked":["Cold Snap+1","Compile Driver+1"],"picked":"Gash+1","floor":29.0},{"not_picked":["Sweeping Beam+1","Static Discharge"],"picked":"Defragment+1","floor":30.0},{"not_picked":["Tempest+1","Stack+1","Redo+1"],"picked":"SKIP","floor":31.0},{"not_picked":["Echo Form","Reboot+1"],"picked":"Creative AI","floor":33.0},{"not_picked":["Streamline+1","Cold Snap+1"],"picked":"Melter+1","floor":35.0},{"not_picked":["Leap+1","Compile Driver+1","Reinforced Body+1"],"picked":"SKIP","floor":36.0},{"not_picked":["Aggregate+1","Coolheaded+1"],"picked":"Hologram+1","floor":37.0},{"not_picked":["Streamline+1","Cold Snap+1","Stack+1"],"picked":"SKIP","floor":38},{"not_picked":["Ball Lightning+1","Echo Form","Sunder+1"],"picked":"SKIP","floor":40},{"not_picked":["Steam+1","Blizzard+1"],"picked":"Conserve Battery+1","floor":42},{"not_picked":["Conserve Battery+1","Sweeping Beam+1"],"picked":"All For One+1","floor":54}],"player_experience":89118,"relics_obtained":[{"floor":6.0,"key":"Matryoshka"},{"floor":8.0,"key":"Kunai"},{"floor":9.0,"key":"Toxic Egg 2"},{"floor":23.0,"key":"The Courier"},{"floor":25.0,"key":"Regal Pillow"},{"floor":26.0,"key":"Mercury Hourglass"},{"floor":27.0,"key":"Mummified Hand"},{"floor":40,"key":"Prayer Wheel"},{"floor":42,"key":"Sundial"},{"floor":43,"key":"Bottled Flame"},{"floor":48,"key":"Strawberry"},{"floor":54,"key":"Ginger"}],"event_choices":[{"cards_removed":["Strike_B"],"damage_healed":0.0,"max_hp_gain":0.0,"max_hp_loss":0.0,"gold_gain":0.0,"event_name":"The Cleric","player_choice":"Card Removal","floor":2.0,"gold_loss":50.0,"damage_taken":0.0},{"damage_healed":0.0,"max_hp_gain":0.0,"max_hp_loss":0.0,"gold_gain":0.0,"event_name":"FaceTrader","player_choice":"Trade","floor":3.0,"gold_loss":0.0,"damage_taken":0.0,"relics_obtained":["NlothsMask"]},{"damage_healed":0.0,"max_hp_gain":0.0,"max_hp_loss":0.0,"gold_gain":0.0,"event_name":"Shining Light","player_choice":"Entered Light","floor":10.0,"gold_loss":0.0,"damage_taken":14.0,"cards_upgraded":["Sweeping Beam","Go for the Eyes"]},{"damage_healed":0.0,"max_hp_gain":0.0,"max_hp_loss":0.0,"gold_gain":0.0,"cards_transformed":["Strike_B"],"event_name":"Living Wall","player_choice":"Change","floor":13.0,"gold_loss":0.0,"damage_taken":0.0,"cards_obtained":["Defragment"]},{"damage_healed":0.0,"max_hp_gain":0.0,"max_hp_loss":0.0,"gold_gain":0.0,"event_name":"Drug Dealer","player_choice":"Obtain J.A.X.","floor":20.0,"gold_loss":0.0,"damage_taken":0.0,"cards_obtained":["J.A.X."]},{"cards_removed":["Strike_B"],"damage_healed":0.0,"max_hp_gain":0.0,"max_hp_loss":0.0,"gold_gain":0.0,"event_name":"Back to Basics","player_choice":"Elegance","floor":22.0,"gold_loss":0.0,"damage_taken":0.0},{"damage_healed":0,"gold_gain":0,"player_choice":"Ignored","damage_taken":0,"max_hp_gain":0,"max_hp_loss":0,"event_name":"Tomb of Lord Red Mask","floor":39,"gold_loss":0},{"cards_removed":["Beam Cell"],"damage_healed":0,"gold_gain":0,"player_choice":"Removed Attack","damage_taken":0,"max_hp_gain":0,"max_hp_loss":0,"event_name":"Falling","floor":46,"gold_loss":0}],"is_beta":false,"boss_relics":[{"not_picked":["Tiny House","Eternal Feather"],"picked":"Philosopher\u0027s Stone"},{"not_picked":["Pandora\u0027s Box","Empty Cage"],"picked":"Astrolabe"}],"items_purged_floors":[],"is_endless":false,"potions_floor_spawned":[5,11,21,23,31,36,37,40,54],"ascension_level":2}