{"gold_per_floor":[109,109,126,126,142,142,172,172,248,280,280,280,4,34,34,106,106,117,117,145,145,27,27,60,60,60,74,94,126,126,126,126,203,203,218,218,218,43,265,297,347,375,398,398,427,160,160,260,260,260,260,260,260,26,53,53],"floor_reached":56,"playtime":7585,"items_purged":["Strike_G","Strike_G"],"score":2208,"play_id":"e3dcea1a-5114-4674-9731-e12cae16decc","local_time":"20190205021745","is_ascension_mode":true,"campfire_choices":[{"data":"Glass Knife","floor":6.0,"key":"SMITH"},{"data":"A Thousand Cuts","floor":8.0,"key":"SMITH"},{"floor":12.0,"key":"REST"},{"data":"Neutralize","floor":15.0,"key":"SMITH"},{"data":"Noxious Fumes","floor":23.0,"key":"SMITH"},{"data":"Cloak And Dagger","floor":25.0,"key":"SMITH"},{"data":"Calculated Gamble","floor":32.0,"key":"SMITH"},{"floor":44.0,"key":"RECALL"},{"floor":47.0,"key":"REST"},{"floor":49.0,"key":"REST"},{"floor":53.0,"key":"REST"}],"neow_cost":"NONE","seed_source_timestamp":0,"circlet_count":0,"master_deck":["AscendersBane","Defend_G","Defend_G","Defend_G","Defend_G","Defend_G","Strike_G+1","Survivor","Neutralize+1","Glass Knife+1","Deadly Poison+1","Calculated Gamble+1","Bane+1","A Thousand Cuts+1","Poisoned Stab+1","Infinite Blades","Dark Shackles+1","Cloak And Dagger+1","Noxious Fumes+1","PiercingWail","Adrenaline","Blind","Acrobatics","Cloak And Dagger+1","PiercingWail","Dodge and Roll","Well Laid Plans+1","Well Laid Plans+1","Burst+1","Dodge and Roll+1","Night Terror","Backflip","Deflect+1","Noxious Fumes","Cloak And Dagger+1","After Image","Acrobatics","Backflip"],"special_seed":0,"relics":["Ring of the Snake","Happy Flower","Matryoshka","Paper Crane","War Paint","Sozu","Red Mask","Thread and Needle","Juzu Bracelet","Ancient Tea Set","Fusion Hammer","Pantograph","Blood Vial","Whetstone","Anchor","Pen Nib","Ornamental Fan","Snake Skull","Du-Vu Doll","Orichalcum"],"potions_floor_usage":[56],"damage_taken":[{"damage":0.0,"enemies":"2 Louse","floor":1.0,"turns":3.0},{"damage":0.0,"enemies":"Cultist","floor":3.0,"turns":4.0},{"damage":4.0,"enemies":"Jaw Worm","floor":5.0,"turns":3.0},{"damage":3.0,"enemies":"Gremlin Nob","floor":7.0,"turns":3.0},{"damage":7.0,"enemies":"Lagavulin","floor":10.0,"turns":6.0},{"damage":11.0,"enemies":"3 Sentries","floor":14.0,"turns":7.0},{"damage":4.0,"enemies":"Hexaghost","floor":16.0,"turns":6.0},{"damage":0.0,"enemies":"Chosen","floor":18.0,"turns":2.0},{"damage":1.0,"enemies":"Masked Bandits","floor":20.0,"turns":5.0},{"damage":7.0,"enemies":"Gremlin Leader","floor":24.0,"turns":6.0},{"damage":0.0,"enemies":"Spheric Guardian","floor":27.0,"turns":3.0},{"damage":0.0,"enemies":"Chosen and Byrds","floor":28.0,"turns":3.0},{"damage":0.0,"enemies":"Slavers","floor":29.0,"turns":3.0},{"damage":0.0,"enemies":"Champ","floor":33.0,"turns":11.0},{"damage":0.0,"enemies":"Orb Walker","floor":35.0,"turns":2.0},{"damage":6.0,"enemies":"Giant Head","floor":40.0,"turns":8.0},{"damage":0.0,"enemies":"Reptomancer","floor":42.0,"turns":8.0},{"damage":0.0,"enemies":"Nemesis","floor":45.0,"turns":5.0},{"damage":0.0,"enemies":"Mind Bloom Boss Battle","floor":48.0,"turns":5.0},{"damage":22.0,"enemies":"Donu and Deca","floor":50.0,"turns":7.0},{"damage":15.0,"enemies":"Awakened One","floor":51.0,"turns":16.0},{"damage":20.0,"enemies":"Shield and Spear","floor":55.0,"turns":9.0},{"damage":66,"enemies":"The Heart","floor":56,"turns":6}],"seed_played":"-4550798803746534199","potions_obtained":[{"floor":1.0,"key":"GhostInAJar"},{"floor":5.0,"key":"FearPotion"},{"floor":16.0,"key":"Dexterity Potion"}],"is_trial":false,"path_per_floor":["M","?","M","?","M","R","E","R","T","E","?","R","$","E","R","B",null,"M","?","?","$","$","R","E","R","T","M","M","E","?","?","R","B",null,"M","?","$","$","?","E","T","E","T","R","E","$","R","?","R","B","B",null,"R","$","E","B"],"character_chosen":"THE_SILENT","items_purchased":["Dark Shackles","Cloak And Dagger","Noxious Fumes","Blind","Acrobatics","Night Terror","Snake Skull","After Image","Acrobatics"],"campfire_rested":4,"item_purchase_floors":[13,13,13,22,22,38,46,54,54],"current_hp_per_floor":[59,59,59,59,55,55,52,52,52,45,25,44,44,33,33,29,57,57,57,56,56,56,56,49,49,49,49,49,49,49,49,49,49,62,62,62,62,62,62,56,56,58,58,58,60,60,66,66,66,44,51,62,66,66,46,0],"gold":53,"neow_bonus":"ONE_RANDOM_RARE_CARD","is_prod":false,"is_daily":false,"chose_seed":false,"campfire_upgraded":6,"win_rate":0,"timestamp":1549351065,"path_taken":["M","?","M","?","M","R","E","R","T","E","?","R","$","E","R","BOSS","BOSS","M","?","?","?","$","R","E","R","T","M","M","E","?","?","R","BOSS","BOSS","M","?","?","$","?","E","?","E","T","R","E","$","R","?","R","BOSS","BOSS","R","$","E","BOSS"],"build_version":"2019-01-23","purchased_purges":2,"victory":false,"max_hp_per_floor":[66,66,66,66,66,66,66,66,66,66,66,66,66,66,66,66,66,66,66,66,66,66,66,66,66,66,66,66,66,66,66,66,66,66,66,66,66,66,66,66,66,66,66,66,66,66,66,66,66,66,66,66,66,66,66,66],"card_choices":[{"not_picked":["Blur","Slice"],"picked":"Deadly Poison","floor":1.0},{"not_picked":["Underhanded Strike","Eviscerate"],"picked":"Bane","floor":3.0},{"not_picked":["Concentrate","Setup"],"picked":"Poisoned Stab","floor":5.0},{"not_picked":["Catalyst","Flying Knee"],"picked":"Infinite Blades","floor":7.0},{"not_picked":["Prepared","Bane","Flechettes"],"picked":"SKIP","floor":10.0},{"not_picked":["Concentrate","Riddle With Holes"],"picked":"PiercingWail","floor":14.0},{"not_picked":["Burst","Glass Knife"],"picked":"Adrenaline","floor":16.0},{"not_picked":["Prepared","Underhanded Strike","Outmaneuver"],"picked":"SKIP","floor":18.0},{"not_picked":["Outmaneuver","Bullet Time"],"picked":"Cloak And Dagger","floor":24.0},{"not_picked":["Calculated Gamble","Blade Dance"],"picked":"PiercingWail","floor":27.0},{"not_picked":["Calculated Gamble","Deadly Poison"],"picked":"Dodge and Roll","floor":28.0},{"not_picked":["Dodge and Roll","Deflect"],"picked":"Well Laid Plans","floor":29.0},{"not_picked":["Corpse Explosion","A Thousand Cuts"],"picked":"Burst","floor":33.0},{"not_picked":["Deflect","Outmaneuver+1"],"picked":"Dodge and Roll+1","floor":35.0},{"not_picked":["Dagger Throw+1","Footwork"],"picked":"Backflip","floor":40.0},{"not_picked":["Flechettes+1","Acrobatics"],"picked":"Deflect+1","floor":42.0},{"not_picked":["Reflex","Riddle With Holes"],"picked":"Noxious Fumes","floor":45.0},{"not_picked":["Bane","Dagger Throw"],"picked":"Cloak And Dagger+1","floor":48.0},{"not_picked":["Unload","Blade Dance"],"picked":"Backflip","floor":55.0}],"player_experience":543629,"relics_obtained":[{"floor":7.0,"key":"Happy Flower"},{"floor":9.0,"key":"Matryoshka"},{"floor":10.0,"key":"Paper Crane"},{"floor":14.0,"key":"War Paint"},{"floor":20.0,"key":"Red Mask"},{"floor":24.0,"key":"Thread and Needle"},{"floor":26.0,"key":"Juzu Bracelet"},{"floor":29.0,"key":"Ancient Tea Set"},{"floor":40.0,"key":"Pantograph"},{"floor":41.0,"key":"Blood Vial"},{"floor":41.0,"key":"Whetstone"},{"floor":42.0,"key":"Anchor"},{"floor":43.0,"key":"Pen Nib"},{"floor":45.0,"key":"Ornamental Fan"},{"floor":48.0,"key":"Du-Vu Doll"},{"floor":55.0,"key":"Orichalcum"}],"event_choices":[{"damage_healed":0.0,"max_hp_gain":0.0,"max_hp_loss":0.0,"gold_gain":0.0,"cards_transformed":["Strike_G"],"event_name":"Transmorgrifier","player_choice":"Transformed","floor":2.0,"gold_loss":0.0,"damage_taken":0.0,"cards_obtained":["Calculated Gamble"]},{"damage_healed":0.0,"max_hp_gain":0.0,"max_hp_loss":0.0,"gold_gain":0.0,"cards_transformed":["Strike_G"],"event_name":"Transmorgrifier","player_choice":"Transformed","floor":4.0,"gold_loss":0.0,"damage_taken":0.0,"cards_obtained":["A Thousand Cuts"]},{"damage_healed":0.0,"max_hp_gain":0.0,"max_hp_loss":0.0,"gold_gain":0.0,"event_name":"Shining Light","player_choice":"Entered Light","floor":11.0,"gold_loss":0.0,"damage_taken":20.0,"cards_upgraded":["Bane","Deadly Poison"]},{"damage_healed":0.0,"max_hp_gain":0.0,"max_hp_loss":0.0,"gold_gain":0.0,"event_name":"Vampires","player_choice":"Ignored","floor":19.0,"gold_loss":0.0,"damage_taken":0.0},{"damage_healed":0.0,"max_hp_gain":0.0,"max_hp_loss":0.0,"gold_gain":0.0,"event_name":"Masked Bandits","player_choice":"Fought Bandits","floor":20.0,"gold_loss":0.0,"damage_taken":0.0},{"damage_healed":0.0,"max_hp_gain":0.0,"max_hp_loss":0.0,"gold_gain":0.0,"event_name":"Upgrade Shrine","player_choice":"Upgraded","floor":30.0,"gold_loss":0.0,"damage_taken":0.0,"cards_upgraded":["Well Laid Plans"]},{"damage_healed":0.0,"max_hp_gain":0.0,"max_hp_loss":0.0,"gold_gain":0.0,"event_name":"Duplicator","player_choice":"Copied","floor":31.0,"gold_loss":0.0,"damage_taken":0.0,"cards_obtained":["Well Laid Plans"]},{"damage_healed":0.0,"max_hp_gain":0.0,"max_hp_loss":0.0,"gold_gain":0.0,"event_name":"Upgrade Shrine","player_choice":"Upgraded","floor":36.0,"gold_loss":0.0,"damage_taken":0.0,"cards_upgraded":["Burst"]},{"damage_healed":0.0,"max_hp_gain":0.0,"max_hp_loss":0.0,"gold_gain":222.0,"event_name":"Tomb of Lord Red Mask","player_choice":"Wore Mask","floor":39.0,"gold_loss":0.0,"damage_taken":0.0},{"damage_healed":0.0,"max_hp_gain":0.0,"max_hp_loss":0.0,"gold_gain":0.0,"event_name":"MindBloom","player_choice":"Fight","floor":48.0,"gold_loss":0.0,"damage_taken":0.0}],"is_beta":false,"boss_relics":[{"not_picked":["Coffee Dripper","Orrery"],"picked":"Sozu"},{"not_picked":["Velvet Choker","Snecko Eye"],"picked":"Fusion Hammer"}],"items_purged_floors":[13,46],"is_endless":false,"potions_floor_spawned":[1,5,16,18,28,29,35],"killed_by":"The Heart","ascension_level":20}