{"gold_per_floor":[113,62,80,94,94,94,113,113,140,140,175,175,325,305,305,378,378,390,390,259,271,271,271,303,303,303,303],"floor_reached":27,"playtime":872,"items_purged":["Strike_B"],"score":454,"play_id":"c066cdbe-5144-4cd3-aaed-c58df709bfc6","local_time":"20181027111300","is_ascension_mode":true,"campfire_choices":[{"data":"Streamline","floor":6.0,"key":"SMITH"},{"data":"Zap","floor":10.0,"key":"SMITH"},{"data":"Streamline","floor":12.0,"key":"SMITH"},{"data":"Turbo","floor":15.0,"key":"SMITH"},{"floor":23.0,"key":"REST"},{"floor":25,"key":"DIG"}],"neow_cost":"NONE","seed_source_timestamp":1355068360936576,"circlet_count":0,"master_deck":["Strike_B","Strike_B","Strike_B+1","Defend_B+1","Defend_B","Defend_B","Defend_B","Zap+1","Dualcast+1","AscendersBane","Conserve Battery","Streamline+1","Turbo+1","Undo","FTL+1","Streamline+1","Doubt","All For One","Sweeping Beam+1","Stack+1","Writhe","Barrage"],"special_seed":0,"relics":["Cracked Core","WingedGreaves","Ice Cream","War Paint","Vajra","Inserter","Nilry\u0027s Codex","Pen Nib","Shovel","Whetstone","Letter Opener"],"potions_floor_usage":[24],"damage_taken":[{"damage":6.0,"enemies":"Cultist","floor":1.0,"turns":3.0},{"damage":2.0,"enemies":"Jaw Worm","floor":3.0,"turns":3.0},{"damage":0.0,"enemies":"Small Slimes","floor":4.0,"turns":2.0},{"damage":1.0,"enemies":"3 Louse","floor":7.0,"turns":4.0},{"damage":20.0,"enemies":"Gremlin Nob","floor":11.0,"turns":4.0},{"damage":37.0,"enemies":"Hexaghost","floor":16.0,"turns":10.0},{"damage":17.0,"enemies":"Shell Parasite","floor":18.0,"turns":4.0},{"damage":0.0,"enemies":"Chosen","floor":21.0,"turns":3.0},{"damage":31,"enemies":"Slavers","floor":24,"turns":7},{"damage":0,"enemies":"Snake Plant","floor":27,"turns":1}],"seed_played":"6290840778690482765","potions_obtained":[{"floor":1.0,"key":"Block Potion"},{"floor":11.0,"key":"AttackPotion"},{"floor":16.0,"key":"LiquidBronze"}],"is_trial":false,"path_per_floor":["M","$","M","M","T","R","M","?","T","R","E","R","?","?","R","B",null,"M","?","$","M","?","R","E","R","T"],"character_chosen":"DEFECT","items_purchased":["Streamline","Fire Potion"],"campfire_rested":1,"item_purchase_floors":[2,20],"current_hp_per_floor":[65,65,63,63,63,63,62,62,62,62,42,42,42,42,42,5,60,43,22,22,22,22,45,14,14,14,14],"gold":303,"neow_bonus":"TEN_PERCENT_HP_BONUS","is_prod":false,"is_daily":false,"chose_seed":false,"campfire_upgraded":4,"win_rate":0,"timestamp":1540653180,"path_taken":["M","$","?","M","?","R","M","?","T","R","E","R","?","?","R","BOSS","M","?","$","?","?","R","E","R","T","M"],"build_version":"2018-10-25v2","purchased_purges":1,"victory":false,"max_hp_per_floor":[78,78,78,78,78,78,78,78,78,78,78,78,78,78,78,78,78,78,78,78,78,78,78,78,78,78,78],"card_choices":[{"not_picked":["Scrape","Beam Cell"],"picked":"Conserve Battery","floor":1.0},{"not_picked":["Hologram","Cold Snap"],"picked":"Turbo","floor":3.0},{"not_picked":["Steam","Go for the Eyes"],"picked":"Undo","floor":4.0},{"not_picked":["Auto Shields","Force Field"],"picked":"FTL","floor":7.0},{"not_picked":["Aggregate","Steam Power","Streamline"],"picked":"SKIP","floor":11.0},{"not_picked":["Aggregate","Steam Power"],"picked":"Streamline","floor":11.0},{"not_picked":["Thunder Strike","Buffer"],"picked":"All For One","floor":16.0},{"not_picked":["Conserve Battery","Leap+1"],"picked":"Sweeping Beam+1","floor":18.0},{"not_picked":["Turbo","Steam Power"],"picked":"Stack+1","floor":21.0},{"not_picked":["Conserve Battery","Sunder"],"picked":"Barrage","floor":24}],"player_experience":1033066,"relics_obtained":[{"floor":5.0,"key":"WingedGreaves"},{"floor":9.0,"key":"War Paint"},{"floor":11.0,"key":"Vajra"},{"floor":19.0,"key":"Nilry\u0027s Codex"},{"floor":24,"key":"Shovel"},{"floor":25,"key":"Whetstone"},{"floor":26,"key":"Letter Opener"}],"event_choices":[{"damage_healed":0.0,"max_hp_gain":0.0,"max_hp_loss":0.0,"gold_gain":0.0,"event_name":"Dead Adventurer","player_choice":"Searched \u00271\u0027 times","floor":8.0,"gold_loss":0.0,"damage_taken":0.0,"relics_obtained":["Ice Cream"]},{"damage_healed":0.0,"max_hp_gain":0.0,"max_hp_loss":0.0,"gold_gain":150.0,"event_name":"Liars Game","player_choice":"AGREE","floor":13.0,"gold_loss":0.0,"damage_taken":0.0,"cards_obtained":["Doubt"]},{"damage_healed":0.0,"max_hp_gain":0.0,"max_hp_loss":0.0,"gold_gain":0.0,"event_name":"The Woman in Blue","player_choice":"Bought 1 Potion","floor":14.0,"gold_loss":0.0,"damage_taken":0.0},{"damage_healed":0.0,"max_hp_gain":0.0,"max_hp_loss":0.0,"gold_gain":0.0,"event_name":"Cursed Tome","player_choice":"Obtained Book","floor":19.0,"gold_loss":0.0,"damage_taken":21.0},{"damage_healed":0.0,"max_hp_gain":0.0,"max_hp_loss":0.0,"gold_gain":0.0,"event_name":"The Mausoleum","player_choice":"Opened","floor":22.0,"gold_loss":0.0,"damage_taken":0.0,"relics_obtained":["Pen Nib"],"cards_obtained":["Writhe"]}],"is_beta":false,"boss_relics":[{"not_picked":["Pandora\u0027s Box","Ectoplasm"],"picked":"Inserter"}],"items_purged_floors":[20],"is_endless":false,"potions_floor_spawned":[1,11,16],"killed_by":"Snake Plant","ascension_level":20}