{"gold_per_floor":[111,111,124,41,56,84,99,116,142,217,217,247,264,277,277,277],"floor_reached":16,"playtime":569,"items_purged":[],"score":104,"play_id":"1b246026-c859-4da6-9653-e2042315c725","local_time":"20190130051215","is_ascension_mode":false,"campfire_choices":[{"floor":11,"key":"REST"},{"floor":15,"key":"REST"}],"neow_cost":"NONE","seed_source_timestamp":252846447135596,"circlet_count":0,"master_deck":["Strike_R","Strike_R","Strike_R","Strike_R","Strike_R","Defend_R","Defend_R+1","Defend_R","Bash","Impatience","Blind+1","Flex","Clothesline","Pommel Strike","Feed"],"relics":["Burning Blood","Art of War","War Paint","Tiny Chest"],"potions_floor_usage":[5,8,14],"damage_taken":[{"damage":12,"enemies":"Small Slimes","floor":1,"turns":3},{"damage":5,"enemies":"Cultist","floor":3,"turns":4},{"damage":3,"enemies":"Jaw Worm","floor":5,"turns":4},{"damage":38,"enemies":"Lagavulin","floor":6,"turns":7},{"damage":19,"enemies":"Lots of Slimes","floor":7,"turns":6},{"damage":11,"enemies":"Red Slaver","floor":8,"turns":5},{"damage":16,"enemies":"3 Louse","floor":13,"turns":3},{"damage":0,"enemies":"Looter","floor":14,"turns":4},{"damage":87,"enemies":"The Guardian","floor":16,"turns":11}],"seed_played":"8332400332987935815","potions_obtained":[{"floor":3,"key":"SkillPotion"},{"floor":5,"key":"Regen Potion"},{"floor":7,"key":"LiquidBronze"},{"floor":13,"key":"PowerPotion"}],"is_trial":false,"path_per_floor":["M","?","M","$","M","E","M","M","T","?","R","?","M","M","R","B"],"character_chosen":"IRONCLAD","items_purchased":["Blind"],"campfire_rested":2,"item_purchase_floors":[4],"current_hp_per_floor":[74,74,75,75,78,46,33,42,42,31,55,55,45,51,75,0],"gold":277,"neow_bonus":"RANDOM_COLORLESS","is_prod":false,"is_daily":false,"chose_seed":false,"campfire_upgraded":0,"win_rate":0,"timestamp":1548853935,"path_taken":["M","?","M","$","M","E","M","?","T","?","R","?","?","M","R","BOSS"],"build_version":"2019-01-23","purchased_purges":0,"victory":false,"max_hp_per_floor":[80,80,80,80,80,80,80,80,80,80,80,80,80,80,80,80],"card_choices":[{"not_picked":["Twin Strike","Intimidate","Ghostly Armor"],"picked":"SKIP","floor":1},{"not_picked":["Pommel Strike","Whirlwind","Body Slam"],"picked":"SKIP","floor":3},{"not_picked":["Warcry","Seeing Red"],"picked":"Flex","floor":5},{"not_picked":["Metallicize","Armaments"],"picked":"Clothesline","floor":6},{"not_picked":["Bloodletting","Rupture"],"picked":"Pommel Strike","floor":7},{"not_picked":["Fire Breathing","Sever Soul","Pommel Strike"],"picked":"SKIP","floor":8},{"not_picked":["Shockwave","Seeing Red"],"picked":"Feed","floor":13},{"not_picked":["Intimidate","Feel No Pain","Sword Boomerang"],"picked":"SKIP","floor":14}],"player_experience":228551,"relics_obtained":[{"floor":6,"key":"Art of War"},{"floor":9,"key":"War Paint"}],"event_choices":[{"cards_removed":["Defend_R"],"damage_healed":0,"gold_gain":0,"player_choice":"Offered Basic","damage_taken":0,"max_hp_gain":0,"max_hp_loss":0,"event_name":"Bonfire Elementals","floor":2,"gold_loss":0},{"damage_healed":0,"gold_gain":75,"player_choice":"Gather Gold","damage_taken":11,"max_hp_gain":0,"max_hp_loss":0,"event_name":"World of Goop","floor":10,"gold_loss":0},{"damage_healed":0,"gold_gain":0,"player_choice":"Gave Potion","damage_taken":0,"relics_obtained":["Tiny Chest"],"max_hp_gain":0,"max_hp_loss":0,"event_name":"WeMeetAgain","floor":12,"gold_loss":0}],"is_beta":false,"boss_relics":[],"items_purged_floors":[],"is_endless":false,"potions_floor_spawned":[3,5,7,13],"killed_by":"The Guardian","ascension_level":0}