{"gold_per_floor":[113,38,51,51,62,62,62,73,97,22,22,49,49,49,49,128,128,144,244,98,98,118,135,154,35,62,95,95,107,107,133,133,210,210,224,224,276,276,82,82,117,144,194,106,106,137,19,119,119,119],"floor_reached":51,"playtime":2274,"items_purged":["Strike_R","Strike_R","Defend_R","Defend_R"],"score":1274,"play_id":"a3e2af85-fa39-443a-90af-227a1982cab9","local_time":"20190307232737","is_ascension_mode":true,"campfire_choices":[{"data":"Uppercut","floor":6,"key":"SMITH"},{"data":"Clothesline","floor":11,"key":"SMITH"},{"data":"Disarm","floor":13,"key":"SMITH"},{"data":"Iron Wave","floor":15,"key":"SMITH"},{"data":"Double Tap","floor":28,"key":"SMITH"},{"floor":30,"key":"REST"},{"data":"Demon Form","floor":32,"key":"SMITH"},{"data":"Metallicize","floor":40,"key":"SMITH"},{"floor":45,"key":"REST"},{"data":"Rage","floor":49,"key":"SMITH"}],"neow_cost":"NONE","seed_source_timestamp":166133494440480,"circlet_count":0,"master_deck":["AscendersBane","Defend_R","Defend_R","Bash","Immolate","Iron Wave+1","Uppercut+1","Clothesline+1","Disarm+1","Demon Form+1","Evolve","Rage+1","Iron Wave+1","Cleave","Dual Wield","Double Tap+1","Shrug It Off","Reaper","Power Through+1","Bludgeon+1","True Grit+1","Sword Boomerang+1","Madness","Madness+1","Metallicize+1","Shrug It Off+1","Shrug It Off+1"],"relics":["Burning Blood","WarpedTongs","Boot","Happy Flower","Sozu","Torii","The Courier","Bag of Preparation","Omamori","Smiling Mask","Astrolabe","Bag of Marbles","PreservedInsect","Self Forming Clay","Lantern","Potion Belt","War Paint","Oddly Smooth Stone","Prayer Wheel"],"potions_floor_usage":[19,19],"damage_taken":[{"damage":0,"enemies":"Small Slimes","floor":1,"turns":2},{"damage":0,"enemies":"Cultist","floor":3,"turns":2},{"damage":0,"enemies":"2 Louse","floor":5,"turns":1},{"damage":9,"enemies":"Exordium Thugs","floor":8,"turns":4},{"damage":15,"enemies":"Lagavulin","floor":12,"turns":7},{"damage":9,"enemies":"Slime Boss","floor":16,"turns":7},{"damage":4,"enemies":"Chosen","floor":18,"turns":4},{"damage":18,"enemies":"Colosseum Slavers","floor":19,"turns":5},{"damage":17,"enemies":"Colosseum Nobs","floor":19,"turns":5},{"damage":1,"enemies":"3 Byrds","floor":22,"turns":5},{"damage":10,"enemies":"Centurion and Healer","floor":23,"turns":5},{"damage":3,"enemies":"Snake Plant","floor":24,"turns":4},{"damage":19,"enemies":"Book of Stabbing","floor":27,"turns":6},{"damage":3,"enemies":"Cultist and Chosen","floor":29,"turns":5},{"damage":23,"enemies":"Slavers","floor":31,"turns":5},{"damage":29,"enemies":"Champ","floor":33,"turns":9},{"damage":1,"enemies":"3 Shapes","floor":35,"turns":9},{"damage":50,"enemies":"Giant Head","floor":41,"turns":9},{"damage":20,"enemies":"Reptomancer","floor":46,"turns":5},{"damage":13,"enemies":"Mind Bloom Boss Battle","floor":48,"turns":6},{"damage":74,"enemies":"Donu and Deca","floor":50,"turns":10}],"seed_played":"-1434262618525075878","potions_obtained":[{"floor":3,"key":"Ancient Potion"},{"floor":8,"key":"Dexterity Potion"}],"is_trial":false,"path_per_floor":["M","$","M","?","M","R","?","M","T","?","R","E","R","$","R","B",null,"M","?","$","?","M","M","M","$","T","E","R","M","R","E","R","B",null,"M","?","T","?","$","R","E","T","T","$","R","E","$","?","R","B",null],"character_chosen":"IRONCLAD","items_purchased":["Rage","Double Tap","Metallicize","PreservedInsect","Shrug It Off","Oddly Smooth Stone"],"campfire_rested":2,"item_purchase_floors":[20,25,39,39,44,47],"current_hp_per_floor":[74,74,75,75,75,75,80,77,77,77,77,68,68,68,68,65,76,78,55,55,55,60,56,59,59,59,46,46,49,73,56,56,33,68,80,66,66,66,66,66,37,37,37,37,61,66,66,80,80,41],"gold":119,"neow_bonus":"ONE_RANDOM_RARE_CARD","is_prod":false,"is_daily":false,"chose_seed":false,"campfire_upgraded":8,"win_rate":0,"timestamp":1552019257,"path_taken":["M","$","M","?","?","R","?","M","T","?","R","E","R","$","R","BOSS","M","?","$","?","M","M","?","?","T","E","R","M","R","E","R","BOSS","M","?","?","?","?","R","E","?","T","$","R","E","?","?","R","BOSS"],"build_version":"2019-02-06","purchased_purges":4,"victory":true,"max_hp_per_floor":[75,75,75,75,75,75,80,80,80,80,80,80,80,80,80,80,80,80,80,80,80,80,80,80,80,80,80,80,80,80,80,80,80,80,80,80,80,80,80,80,80,80,80,80,80,80,80,80,80,80],"card_choices":[{"not_picked":["Headbutt","Anger"],"picked":"Iron Wave","floor":1},{"not_picked":["Sentinel","Armaments"],"picked":"Uppercut","floor":3},{"not_picked":["Fire Breathing","Havoc","Flex"],"picked":"SKIP","floor":5},{"not_picked":["Berserk","Havoc"],"picked":"Clothesline","floor":8},{"not_picked":["Rampage","Carnage"],"picked":"Disarm","floor":12},{"not_picked":["Berserk","Offering"],"picked":"Demon Form","floor":16},{"not_picked":["Havoc","Body Slam","Armaments"],"picked":"SKIP","floor":18},{"not_picked":["Corruption","Rampage"],"picked":"Evolve","floor":19},{"not_picked":["Searing Blow","Thunderclap"],"picked":"Cleave","floor":22},{"not_picked":["Clash","Berserk"],"picked":"Dual Wield","floor":23},{"not_picked":["Sentinel","Warcry"],"picked":"Clothesline","floor":24},{"not_picked":["Havoc","Clothesline","Wild Strike"],"picked":"SKIP","floor":27},{"not_picked":["Armaments","Heavy Blade","Body Slam"],"picked":"SKIP","floor":29},{"not_picked":["Perfected Strike+1","Hemokinesis"],"picked":"Shrug It Off","floor":31},{"not_picked":["Bludgeon","Double Tap"],"picked":"Reaper","floor":33},{"not_picked":["Entrench","Thunderclap"],"picked":"Sword Boomerang+1","floor":35},{"not_picked":["Infernal Blade","Searing Blow","Uppercut"],"picked":"SKIP","floor":41},{"not_picked":["Entrench","Carnage"],"picked":"Shrug It Off+1","floor":46}],"player_experience":440489,"relics_obtained":[{"floor":9,"key":"Boot"},{"floor":12,"key":"Happy Flower"},{"floor":19,"key":"Torii"},{"floor":19,"key":"The Courier"},{"floor":26,"key":"Bag of Preparation"},{"floor":27,"key":"Omamori"},{"floor":31,"key":"Smiling Mask"},{"floor":37,"key":"Bag of Marbles"},{"floor":41,"key":"Self Forming Clay"},{"floor":42,"key":"Lantern"},{"floor":43,"key":"Potion Belt"},{"floor":46,"key":"War Paint"},{"floor":48,"key":"Prayer Wheel"}],"event_choices":[{"damage_healed":0,"gold_gain":0,"player_choice":"Rummage","damage_taken":0,"relics_obtained":["WarpedTongs"],"max_hp_gain":0,"max_hp_loss":0,"event_name":"Accursed Blacksmith","floor":4,"gold_loss":0,"cards_obtained":["Pain"]},{"damage_healed":0,"gold_gain":0,"player_choice":"Donut","damage_taken":0,"max_hp_gain":5,"max_hp_loss":0,"event_name":"Big Fish","floor":7,"gold_loss":0},{"cards_removed":["Pain"],"damage_healed":0,"gold_gain":0,"player_choice":"Card Removal","damage_taken":0,"max_hp_gain":0,"max_hp_loss":0,"event_name":"The Cleric","floor":10,"gold_loss":75},{"damage_healed":0,"gold_gain":0,"player_choice":"Fight","damage_taken":0,"max_hp_gain":0,"max_hp_loss":0,"event_name":"Colosseum","floor":19,"gold_loss":0},{"damage_healed":0,"gold_gain":0,"player_choice":"Fought Nobs","damage_taken":0,"max_hp_gain":0,"max_hp_loss":0,"event_name":"Colosseum","floor":19,"gold_loss":0},{"damage_healed":0,"gold_gain":0,"player_choice":"Copied","damage_taken":0,"max_hp_gain":0,"max_hp_loss":0,"event_name":"Duplicator","floor":21,"gold_loss":0,"cards_obtained":["Iron Wave"]},{"damage_healed":0,"gold_gain":0,"player_choice":"Embrace Madness","damage_taken":14,"max_hp_gain":0,"max_hp_loss":0,"event_name":"Winding Halls","floor":36,"gold_loss":0,"cards_obtained":["Madness","Madness"]},{"cards_removed":["Clothesline"],"damage_healed":0,"gold_gain":0,"player_choice":"Removed Attack","damage_taken":0,"max_hp_gain":0,"max_hp_loss":0,"event_name":"Falling","floor":38,"gold_loss":0},{"damage_healed":0,"gold_gain":0,"player_choice":"Fight","damage_taken":0,"max_hp_gain":0,"max_hp_loss":0,"event_name":"MindBloom","floor":48,"gold_loss":0}],"is_beta":true,"boss_relics":[{"not_picked":["Runic Cube","Empty Cage"],"picked":"Sozu"},{"not_picked":["Runic Dome","Pandora\u0027s Box"],"picked":"Astrolabe"}],"items_purged_floors":[2,20,39,44],"is_endless":false,"potions_floor_spawned":[3,8,18,24,31,33,35,41],"ascension_level":15}