{"gold_per_floor":[116,266,266,191,191,224,224,247,247,267,305,17,17],"floor_reached":13,"playtime":278,"items_purged":["Doubt"],"score":232,"play_id":"c22f9027-9627-4ec7-a1d8-077e7e1937b9","local_time":"20190315012843","is_ascension_mode":true,"campfire_choices":[],"neow_cost":"NONE","seed_source_timestamp":162500476731745,"circlet_count":0,"master_deck":["AscendersBane","Defend_G+1","Defend_G","Defend_G","Defend_G","Defend_G","Strike_G+1","Strike_G","Strike_G","Strike_G","Strike_G","Survivor","Neutralize","Backstab","Dagger Spray+1","Dodge and Roll","Poisoned Stab","Burst"],"relics":["Ring of the Snake","NeowsBlessing","Golden Idol","Potion Belt","Sundial","Anchor","Toxic Egg 2"],"potions_floor_usage":[11,11],"damage_taken":[{"damage":0,"enemies":"Jaw Worm","floor":1,"turns":1},{"damage":0,"enemies":"Lagavulin","floor":6,"turns":1},{"damage":0,"enemies":"2 Louse","floor":8,"turns":1},{"damage":0,"enemies":"Small Slimes","floor":10,"turns":3},{"damage":10,"enemies":"3 Sentries","floor":11,"turns":5},{"damage":49,"enemies":"Gremlin Nob","floor":13,"turns":4}],"seed_played":"3080841903404102086","potions_obtained":[{"floor":1,"key":"Energy Potion"},{"floor":8,"key":"Regen Potion"},{"floor":10,"key":"PowerPotion"}],"is_trial":false,"path_per_floor":["M","?","?","$","?","E","?","M","T","M","E","$","E"],"character_chosen":"THE_SILENT","items_purchased":["Toxic Egg 2"],"campfire_rested":0,"item_purchase_floors":[12],"current_hp_per_floor":[59,59,39,39,39,39,39,39,39,39,44,44,0],"gold":17,"neow_bonus":"THREE_ENEMY_KILL","is_prod":false,"is_daily":false,"chose_seed":false,"campfire_upgraded":0,"win_rate":0,"timestamp":1552627723,"path_taken":["M","?","?","$","?","E","?","M","T","M","E","$","E"],"build_version":"2019-02-06","purchased_purges":1,"victory":false,"max_hp_per_floor":[66,66,66,66,60,60,60,60,60,60,60,60,60],"card_choices":[{"not_picked":["Calculated Gamble","Prepared"],"picked":"Backstab","floor":1},{"not_picked":["Infinite Blades","PiercingWail"],"picked":"Dagger Spray","floor":6},{"not_picked":["Slice","Prepared"],"picked":"Dodge and Roll","floor":8},{"not_picked":["Cloak And Dagger","Backflip"],"picked":"Poisoned Stab","floor":10},{"not_picked":["Dodge and Roll","Slice"],"picked":"Burst","floor":11}],"player_experience":1093667,"relics_obtained":[{"floor":6,"key":"Potion Belt"},{"floor":9,"key":"Sundial"},{"floor":11,"key":"Anchor"}],"event_choices":[{"damage_healed":0,"gold_gain":150,"player_choice":"AGREE","damage_taken":0,"max_hp_gain":0,"max_hp_loss":0,"event_name":"Liars Game","floor":2,"gold_loss":0,"cards_obtained":["Doubt"]},{"damage_healed":0,"gold_gain":0,"player_choice":"Entered Light","damage_taken":20,"max_hp_gain":0,"max_hp_loss":0,"event_name":"Shining Light","floor":3,"gold_loss":0,"cards_upgraded":["Strike_G","Defend_G"]},{"damage_healed":0,"gold_gain":0,"player_choice":"Lose Max HP","damage_taken":0,"relics_obtained":["Golden Idol"],"max_hp_gain":0,"max_hp_loss":6,"event_name":"Golden Idol","floor":5,"gold_loss":0},{"damage_healed":0,"gold_gain":0,"player_choice":"Grow","damage_taken":0,"max_hp_gain":0,"max_hp_loss":0,"event_name":"Living Wall","floor":7,"gold_loss":0,"cards_upgraded":["Dagger Spray"]}],"is_beta":true,"boss_relics":[],"items_purged_floors":[4],"is_endless":false,"potions_floor_spawned":[1,8,10],"killed_by":"Gremlin Nob","ascension_level":20}