{"path_per_floor":["M","M","M","?","M","E","R","?","T","M","?","M","$","E","R","B",null,"M","?","$","M","M","R"],"character_chosen":"THE_SILENT","items_purchased":["Whetstone","Swift Strike"],"gold_per_floor":[11,24,41,6,24,53,53,53,80,90,190,206,60,85,85,180,180,200,200,32,0,15,15],"floor_reached":24,"campfire_rested":0,"playtime":3173,"current_hp_per_floor":[61,61,61,70,63,31,31,54,54,38,38,38,38,28,28,21,70,68,68,68,59,49,49],"items_purged":["Injury"],"gold":15,"play_id":"4f12a8a7-33d1-455f-a36b-aba40457a7ad","is_prod":false,"is_daily":false,"campfire_rituals":0,"campfire_upgraded":3,"is_hardmode":false,"path_taken":["M","M","M","?","M","E","R","?","T","M","?","M","$","E","R","BOSS","M","?","$","M","M","R","E"],"build_version":"2018-01-11-PROD2","purchased_purges":1,"victory":false,"master_deck":["Defend_G","Defend_G","Defend_G","Defend_G","Defend_G","Strike_G","Strike_G","Strike_G","Strike_G","Survivor","Neutralize","Leg Sweep","Caltrops","Tactician","Reflex","Well Laid Plans","Acrobatics","Footwork","Predator","Tactician","Footwork","Skewer","Swift Strike","Terror","Dagger Throw"],"max_hp_per_floor":[70,70,70,70,70,70,70,70,70,70,70,70,70,70,70,70,70,70,70,70,70,70,70],"relics":["Ring of the Snake","Frozen Eye","Juzu Bracelet","Dream Catcher","Whetstone","Omamori","Calling Bell","Bag of Preparation","Oddly Smooth Stone","Ancient Tea Set"],"campfire_meditates":0,"card_choices":[{"not_picked":["Crippling Poison","Acrobatics"],"picked":"Leg Sweep"},{"not_picked":["Quick Slash","Slice"],"picked":"Caltrops"},{"not_picked":["Malaise","Poisoned Stab"],"picked":"Tactician"},{"not_picked":["Endless Agony","Flying Knee"],"picked":"Reflex"},{"not_picked":["Backflip","Corpse Explosion"],"picked":"Well Laid Plans"},{"not_picked":["Prepared","Slice"],"picked":"Acrobatics"},{"not_picked":["Outmaneuver","Bane"],"picked":"Footwork"},{"not_picked":["Dagger Spray","Slice"],"picked":"Predator"},{"not_picked":["Venomology","Burst"],"picked":"Tactician"},{"not_picked":["Sucker Punch","Acrobatics"],"picked":"Footwork"},{"not_picked":["Deadly Poison","Quick Slash"],"picked":"Terror"},{"not_picked":["Heel Hook","Deadly Poison"],"picked":"Dagger Throw"}],"player_experience":68647,"potions_floor_usage":[6,6,14,14,16,21],"damage_taken":[{"damage":9,"enemies":"Cultist","floor":1,"turns":5},{"damage":0,"enemies":"Small Slimes","floor":2,"turns":5},{"damage":0,"enemies":"Blue Slaver","floor":3,"turns":6},{"damage":7,"enemies":"3 Louse","floor":5,"turns":5},{"damage":32,"enemies":"Gremlin Nob","floor":6,"turns":5},{"damage":16,"enemies":"Large Slime","floor":10,"turns":10},{"damage":0,"enemies":"Exordium Wildlife","floor":12,"turns":4},{"damage":10,"enemies":"3 Sentries","floor":14,"turns":5},{"damage":7,"enemies":"The Guardian","floor":16,"turns":14},{"damage":2,"enemies":"Shell Parasite","floor":18,"turns":8},{"damage":17,"enemies":"2 Thieves","floor":21,"turns":4},{"damage":10,"enemies":"Centurion and Healer","floor":22,"turns":11},{"damage":54,"enemies":"Slavers","floor":24,"turns":3}],"event_choices":[{"event_name":"The Cleric","player_choice":"Healed","floor":4,"damage_taken":0},{"event_name":"Big Fish","player_choice":"Banana","floor":8,"damage_taken":0},{"event_name":"Golden Shrine","player_choice":"Pray","floor":11,"damage_taken":0},{"event_name":"Transmorgrifier","player_choice":"Transform","floor":19,"damage_taken":0}],"boss_relics":[{"not_picked":["Runic Dome","Philosopher\u0027s Stone"],"picked":"Calling Bell"}],"potions_floor_spawned":[1,2,10,12,14,16],"seed_played":"2304160061627160085","killed_by":"Slavers","is_trial":false}