{"gold_per_floor":[112,112,287,287,287,287,287,310,310,331,331,367,367,391,391,517,517,535,835,850,850,865,865,880,880,906,919,103,103],"floor_reached":29,"playtime":822,"items_purged":["Strike_R"],"score":295,"play_id":"2a898bdb-1851-4f01-9030-968f79728ef3","local_time":"20190311055050","is_ascension_mode":true,"campfire_choices":[{"floor":6,"key":"DIG"},{"floor":11,"key":"DIG"},{"floor":13,"key":"REST"},{"floor":15,"key":"REST"},{"data":"Reaper","floor":23,"key":"SMITH"},{"floor":25,"key":"DIG"}],"neow_cost":"PERCENT_DAMAGE","seed_source_timestamp":255895194825982,"circlet_count":0,"master_deck":["Strike_R","Strike_R","Strike_R","Defend_R","Defend_R+1","Defend_R","Defend_R+1","Bash","Heavy Blade+1","Doubt","Inflame","Twin Strike","Reaper+1","Flex","Violence+1"],"relics":["Burning Blood","Pocketwatch","Shovel","Dead Branch","Golden Idol","Darkstone Periapt","Mango","War Paint","Eternal Feather","Old Coin","Pear","Regal Pillow","Toxic Egg 2","WingedGreaves"],"potions_floor_usage":[1,24,24,24,29],"damage_taken":[{"damage":8,"enemies":"2 Louse","floor":1,"turns":3},{"damage":7,"enemies":"Jaw Worm","floor":8,"turns":3},{"damage":8,"enemies":"Small Slimes","floor":10,"turns":3},{"damage":20,"enemies":"Gremlin Nob","floor":12,"turns":4},{"damage":3,"enemies":"3 Louse","floor":14,"turns":3},{"damage":72,"enemies":"Slime Boss","floor":16,"turns":11},{"damage":24,"enemies":"3 Byrds","floor":18,"turns":8},{"damage":22,"enemies":"Spheric Guardian","floor":20,"turns":4},{"damage":46,"enemies":"Centurion and Healer","floor":22,"turns":6},{"damage":29,"enemies":"Cultist and Chosen","floor":24,"turns":5},{"damage":48,"enemies":"Snake Plant","floor":27,"turns":5},{"damage":24,"enemies":"Sentry and Sphere","floor":29,"turns":4}],"seed_played":"-404020531619950418","potions_obtained":[{"floor":1,"key":"Fruit Juice"},{"floor":12,"key":"GamblersBrew"},{"floor":14,"key":"EssenceOfSteel"},{"floor":16,"key":"FearPotion"},{"floor":22,"key":"PowerPotion"},{"floor":27,"key":"EssenceOfSteel"}],"is_trial":false,"path_per_floor":["M","?","?","T","?","R","?","M","T","M","R","E","R","M","R","B",null,"M","?","M","?","M","R","M","R","T","M","$","M"],"character_chosen":"IRONCLAD","items_purchased":["Toxic Egg 2","Violence+1","WingedGreaves"],"campfire_rested":2,"item_purchase_floors":[28,28,28],"current_hp_per_floor":[59,59,59,59,64,64,42,41,41,39,53,39,70,73,104,38,104,88,88,72,72,44,53,40,59,59,23,23,0],"gold":103,"neow_bonus":"ONE_RARE_RELIC","is_prod":false,"is_daily":false,"chose_seed":false,"campfire_upgraded":1,"win_rate":0,"timestamp":1552308650,"path_taken":["M","?","?","?","?","R","?","?","T","M","R","E","R","M","R","BOSS","M","?","?","?","M","R","M","R","T","M","$","?"],"build_version":"2019-01-23","purchased_purges":1,"victory":false,"max_hp_per_floor":[85,85,85,85,90,90,90,90,90,90,104,104,104,104,104,104,104,104,104,104,104,104,104,104,114,114,114,114,114],"card_choices":[{"not_picked":["Evolve","Sword Boomerang"],"picked":"Heavy Blade","floor":1},{"not_picked":["Flex","Combust"],"picked":"Inflame","floor":8},{"not_picked":["Clash","Havoc"],"picked":"Twin Strike","floor":10},{"not_picked":["Clothesline","Wild Strike","Evolve"],"picked":"SKIP","floor":12},{"not_picked":["True Grit","Intimidate","Cleave"],"picked":"SKIP","floor":14},{"not_picked":["Brutality","Immolate"],"picked":"Reaper","floor":16},{"not_picked":["Thunderclap+1","Blood for Blood+1"],"picked":"Flex","floor":18},{"not_picked":["Bloodletting","Intimidate","Perfected Strike"],"picked":"SKIP","floor":20},{"not_picked":["Flex","Pommel Strike","Disarm"],"picked":"SKIP","floor":22},{"not_picked":["Warcry","Ghostly Armor","Clash"],"picked":"SKIP","floor":24},{"not_picked":["Shrug It Off","Cleave","Warcry+1"],"picked":"SKIP","floor":27}],"player_experience":325316,"relics_obtained":[{"floor":4,"key":"Shovel"},{"floor":6,"key":"Dead Branch"},{"floor":9,"key":"Darkstone Periapt"},{"floor":11,"key":"Mango"},{"floor":12,"key":"War Paint"},{"floor":25,"key":"Pear"},{"floor":26,"key":"Regal Pillow"}],"event_choices":[{"damage_healed":0,"gold_gain":0,"player_choice":"Grow","damage_taken":0,"max_hp_gain":0,"max_hp_loss":0,"event_name":"Living Wall","floor":2,"gold_loss":0,"cards_upgraded":["Heavy Blade"]},{"damage_healed":0,"gold_gain":175,"player_choice":"AGREE","damage_taken":0,"max_hp_gain":0,"max_hp_loss":0,"event_name":"Liars Game","floor":3,"gold_loss":0,"cards_obtained":["Doubt"]},{"damage_healed":0,"gold_gain":0,"player_choice":"Donut","damage_taken":0,"max_hp_gain":5,"max_hp_loss":0,"event_name":"Big Fish","floor":5,"gold_loss":0},{"damage_healed":0,"gold_gain":0,"player_choice":"Take Damage","damage_taken":22,"relics_obtained":["Golden Idol"],"max_hp_gain":0,"max_hp_loss":0,"event_name":"Golden Idol","floor":7,"gold_loss":0},{"damage_healed":0,"gold_gain":0,"player_choice":"Gave Potion","damage_taken":0,"relics_obtained":["Old Coin"],"max_hp_gain":0,"max_hp_loss":0,"event_name":"WeMeetAgain","floor":19,"gold_loss":0},{"cards_removed":["Strike_R"],"damage_healed":0,"gold_gain":0,"player_choice":"Purged","damage_taken":0,"max_hp_gain":0,"max_hp_loss":0,"event_name":"Purifier","floor":21,"gold_loss":0}],"is_beta":false,"boss_relics":[{"not_picked":["Coffee Dripper","Philosopher\u0027s Stone"],"picked":"Eternal Feather"}],"items_purged_floors":[28],"is_endless":false,"potions_floor_spawned":[1,12,14,16,22,27],"killed_by":"Sentry and Sphere","ascension_level":2}