{"gold_per_floor":[367,442,457,471,471,500,500,517,542,561,30,44,44,44,44,141,141,151,1,1,100,100,134,134,159,186,186,217,217,250,250,250,250],"floor_reached":33,"playtime":1841,"items_purged":["Strike_G"],"score":553,"play_id":"8e895a3f-6687-4a98-8f93-d75dd5c4a73a","local_time":"20181128130647","is_ascension_mode":true,"campfire_choices":[{"data":"Neutralize","floor":7,"key":"SMITH"},{"floor":13,"key":"REST"},{"floor":15,"key":"REST"},{"data":"Corpse Explosion","floor":24,"key":"SMITH"},{"floor":32,"key":"RECALL"}],"neow_cost":"TEN_PERCENT_HP_LOSS","seed_source_timestamp":559705623800687,"circlet_count":0,"master_deck":["Defend_G+1","Defend_G+1","Defend_G+1","Defend_G+1","Defend_G+1","Neutralize+1","Heel Hook","Flying Knee","Well Laid Plans","Acrobatics+1","Poisoned Stab","Footwork+1","Blur+1","Corpse Explosion+1","Skewer","Eviscerate","Bite","Bite","Bite","Bite","Bite","Ghostly+1","Ghostly+1","Ghostly+1","Ghostly+1","Ghostly+1"],"relics":["Ring of the Snake","PreservedInsect","Juzu Bracelet","Frozen Egg 2","Busted Crown","Happy Flower","MutagenicStrength","Oddly Smooth Stone","Bottled Lightning","Lantern","Toxic Egg 2","War Paint"],"potions_floor_usage":[10,16,16,23,33,33],"damage_taken":[{"damage":6,"enemies":"Jaw Worm","floor":1,"turns":5},{"damage":1,"enemies":"Cultist","floor":3,"turns":4},{"damage":1,"enemies":"Small Slimes","floor":4,"turns":4},{"damage":28,"enemies":"Gremlin Nob","floor":6,"turns":5},{"damage":7,"enemies":"Red Slaver","floor":8,"turns":6},{"damage":14,"enemies":"Large Slime","floor":10,"turns":7},{"damage":1,"enemies":"Blue Slaver","floor":12,"turns":4},{"damage":2,"enemies":"The Guardian","floor":16,"turns":18},{"damage":11,"enemies":"2 Thieves","floor":18,"turns":4},{"damage":0,"enemies":"Book of Stabbing","floor":23,"turns":6},{"damage":0,"enemies":"Gremlin Leader","floor":25,"turns":6},{"damage":0,"enemies":"Slavers","floor":28,"turns":1},{"damage":22,"enemies":"Book of Stabbing","floor":30,"turns":5},{"damage":78,"enemies":"Champ","floor":33,"turns":18}],"seed_played":"-201810606362856117","potions_obtained":[{"floor":4,"key":"Energy Potion"},{"floor":8,"key":"SkillPotion"},{"floor":10,"key":"Energy Potion"},{"floor":12,"key":"Swift Potion"},{"floor":18,"key":"EssenceOfSteel"},{"floor":25,"key":"Energy Potion"},{"floor":28,"key":"Regen Potion"}],"is_trial":false,"path_per_floor":["M","?","M","M","?","E","R","M","T","M","$","M","R","$","R","B",null,"M","$","?","?","?","E","R","E","T","?","E","?","E","?","R","B"],"character_chosen":"THE_SILENT","items_purchased":["Juzu Bracelet","Frozen Egg 2","Footwork+1","Happy Flower"],"campfire_rested":2,"item_purchase_floors":[11,11,11,19],"current_hp_per_floor":[57,51,50,49,49,21,21,14,14,2,2,3,21,21,39,39,63,52,52,52,52,52,54,54,56,56,56,58,58,50,31,31,0],"gold":250,"neow_bonus":"TWO_FIFTY_GOLD","is_prod":false,"is_daily":false,"chose_seed":false,"campfire_upgraded":2,"win_rate":0,"timestamp":1543428407,"path_taken":["M","?","?","M","?","E","R","M","T","?","$","M","R","?","R","BOSS","M","$","?","?","?","E","R","E","T","?","E","?","E","?","R","BOSS"],"build_version":"2018-11-15","purchased_purges":1,"victory":false,"max_hp_per_floor":[63,63,63,63,63,63,63,63,63,63,63,63,63,63,63,63,63,63,63,63,63,63,63,63,63,63,63,63,63,63,31,31,31],"card_choices":[{"not_picked":["Outmaneuver","Flying Knee"],"picked":"Heel Hook","floor":1},{"not_picked":["Crippling Poison","Skewer","Accuracy"],"picked":"SKIP","floor":3},{"not_picked":["Distraction","Flechettes"],"picked":"Flying Knee","floor":4},{"not_picked":["Catalyst","PiercingWail"],"picked":"Well Laid Plans","floor":6},{"not_picked":["Well Laid Plans","Crippling Poison"],"picked":"Acrobatics","floor":8},{"not_picked":["Well Laid Plans","Underhanded Strike"],"picked":"Poisoned Stab","floor":10},{"not_picked":["Deadly Poison","Outmaneuver"],"picked":"Blur","floor":12},{"not_picked":["Bullet Time","Wraith Form v2+1"],"picked":"Corpse Explosion","floor":16},{"not_picked":[],"picked":"Skewer","floor":18},{"not_picked":["Finisher"],"picked":"SKIP","floor":23},{"not_picked":["Finisher"],"picked":"SKIP","floor":25},{"not_picked":["Tactician"],"picked":"SKIP","floor":28},{"not_picked":["Skewer"],"picked":"SKIP","floor":30}],"player_experience":144117,"relics_obtained":[{"floor":6,"key":"PreservedInsect"},{"floor":9,"key":"Blood Vial"},{"floor":23,"key":"Oddly Smooth Stone"},{"floor":25,"key":"Bottled Lightning"},{"floor":26,"key":"Lantern"},{"floor":28,"key":"Toxic Egg 2"},{"floor":30,"key":"War Paint"}],"event_choices":[{"damage_healed":0,"gold_gain":75,"player_choice":"Touch","damage_taken":6,"max_hp_gain":0,"max_hp_loss":0,"event_name":"FaceTrader","floor":2,"gold_loss":0},{"cards_removed":["Strike_G"],"damage_healed":0,"gold_gain":0,"player_choice":"Offered Basic","damage_taken":0,"max_hp_gain":0,"max_hp_loss":0,"event_name":"Bonfire Elementals","floor":5,"gold_loss":0},{"damage_healed":0,"gold_gain":0,"player_choice":"Simplicity","damage_taken":0,"max_hp_gain":0,"max_hp_loss":0,"event_name":"Back to Basics","floor":20,"gold_loss":0,"cards_upgraded":["Defend_G","Defend_G","Defend_G","Defend_G","Defend_G","Strike_G","Strike_G","Strike_G"]},{"damage_healed":0,"gold_gain":99,"player_choice":"Stole From Cult","damage_taken":0,"max_hp_gain":0,"max_hp_loss":0,"event_name":"Nest","floor":21,"gold_loss":0},{"damage_healed":0,"gold_gain":0,"player_choice":"Inject Mutagens","damage_taken":0,"relics_obtained":["MutagenicStrength"],"max_hp_gain":0,"max_hp_loss":0,"event_name":"Drug Dealer","floor":22,"gold_loss":0},{"damage_healed":0,"gold_gain":0,"cards_transformed":["Survivor"],"player_choice":"Transformed","damage_taken":0,"max_hp_gain":0,"max_hp_loss":0,"event_name":"Transmorgrifier","floor":27,"gold_loss":0,"cards_obtained":["Eviscerate"]},{"damage_healed":0,"gold_gain":0,"player_choice":"Became a vampire (Vial)","damage_taken":0,"max_hp_gain":0,"max_hp_loss":0,"event_name":"Vampires","floor":29,"relics_lost":["Blood Vial"],"gold_loss":0,"cards_obtained":["Bite","Bite","Bite","Bite","Bite"]},{"damage_healed":0,"gold_gain":0,"player_choice":"Became a Ghost","damage_taken":0,"max_hp_gain":0,"max_hp_loss":32,"event_name":"Ghosts","floor":31,"gold_loss":0,"cards_obtained":["Ghostly","Ghostly","Ghostly","Ghostly","Ghostly"]}],"is_beta":true,"boss_relics":[{"not_picked":["Coffee Dripper","Runic Pyramid"],"picked":"Busted Crown"}],"items_purged_floors":[11],"is_endless":false,"potions_floor_spawned":[4,8,10,12,18,25,28],"killed_by":"Champ","ascension_level":4}