{"gold_per_floor":[114,127,127,127,127,127,177,207,207,220,233,233,158,174,174,246,246,263,43,43,43,43,43,78,78,154,187,187,112,112,130,130,130],"floor_reached":33,"playtime":1140,"items_purged":["Regret"],"score":658,"play_id":"4c1b709c-333d-4ed3-932a-8cd7f7ab80a4","local_time":"20190216143454","is_ascension_mode":true,"campfire_choices":[{"data":"Zap","floor":6.0,"key":"SMITH"},{"data":"Sweeping Beam","floor":12,"key":"SMITH"},{"data":"Go for the Eyes","floor":15,"key":"SMITH"},{"data":"Ghostly","floor":23,"key":"SMITH"},{"data":"Consume","floor":28,"key":"SMITH"},{"data":"Ghostly","floor":30,"key":"SMITH"},{"data":"Ghostly","floor":32,"key":"SMITH"}],"neow_cost":"NONE","seed_source_timestamp":247440385249017,"circlet_count":0,"master_deck":["AscendersBane","Zap+1","Dualcast+1","Sweeping Beam","Loop+1","Glacier","Sweeping Beam+1","Cold Snap","Go for the Eyes+1","All For One","Auto Shields","Creative AI","Chill","Double Energy","Blizzard","Electrodynamics","Consume+1","Go for the Eyes","Steam","Cold Snap","Ghostly+1","Ghostly+1","Ghostly+1","Core Surge+1","Capacitor+1","Compile Driver+1"],"special_seed":0,"relics":["Cracked Core","NeowsBlessing","PreservedInsect","Pantograph","Symbiotic Virus","Question Card","Pandora\u0027s Box","Happy Flower","Orichalcum","Molten Egg 2","Kunai","Frozen Egg 2"],"potions_floor_usage":[16,24],"damage_taken":[{"damage":0.0,"enemies":"Small Slimes","floor":1.0,"turns":1.0},{"damage":0.0,"enemies":"Jaw Worm","floor":2.0,"turns":1.0},{"damage":0,"enemies":"Lagavulin","floor":8,"turns":1},{"damage":2,"enemies":"Cultist","floor":10,"turns":3},{"damage":8,"enemies":"Blue Slaver","floor":11,"turns":2},{"damage":0,"enemies":"2 Fungi Beasts","floor":14,"turns":4},{"damage":27,"enemies":"The Guardian","floor":16,"turns":15},{"damage":6,"enemies":"Shell Parasite","floor":18,"turns":6},{"damage":0,"enemies":"Gremlin Leader","floor":24,"turns":7},{"damage":10,"enemies":"Book of Stabbing","floor":27,"turns":7},{"damage":0,"enemies":"Chosen","floor":31,"turns":3},{"damage":40,"enemies":"Automaton","floor":33,"turns":6}],"seed_played":"-5856270889947899847","potions_obtained":[{"floor":1.0,"key":"AttackPotion"},{"floor":8,"key":"Ancient Potion"},{"floor":11,"key":"Dexterity Potion"},{"floor":14,"key":"Fire Potion"},{"floor":24,"key":"Explosive Potion"},{"floor":27,"key":"Explosive Potion"}],"is_trial":false,"path_per_floor":["M","M","?","?","T","R","?","E","T","M","M","R","$","M","R","B",null,"M","$","?","?","?","R","E","$","T","E","R","?","R","M","R","B"],"character_chosen":"DEFECT","items_purchased":["Cold Snap","Happy Flower"],"campfire_rested":0,"item_purchase_floors":[19,19],"current_hp_per_floor":[64,64,43,43,43,43,36,36,36,34,26,26,26,26,26,24,59,53,53,53,35,28,28,28,28,28,18,18,18,18,18,18,0],"gold":130,"neow_bonus":"THREE_ENEMY_KILL","is_prod":false,"is_daily":false,"chose_seed":false,"campfire_upgraded":7,"win_rate":0,"timestamp":1550345694,"path_taken":["M","M","?","?","?","R","?","E","T","M","M","R","$","M","R","BOSS","M","?","?","?","?","R","E","$","T","E","R","?","R","M","R","BOSS"],"build_version":"2019-02-06","purchased_purges":1,"victory":false,"max_hp_per_floor":[71,71,71,71,71,71,71,71,71,71,71,71,71,71,71,71,71,71,71,71,35,40,40,40,40,40,40,40,40,40,40,40,40],"card_choices":[{"not_picked":["Melter","Go for the Eyes"],"picked":"Sweeping Beam","floor":1.0},{"not_picked":["Stack","Recycle"],"picked":"Loop","floor":2.0},{"not_picked":["Doom and Gloom","Steam"],"picked":"Glacier","floor":8},{"not_picked":["Blizzard","Tempest","Aggregate"],"picked":"Sweeping Beam","floor":10},{"not_picked":["Hello World","Turbo","Streamline"],"picked":"Cold Snap","floor":11},{"not_picked":["Stack","Rebound","Darkness"],"picked":"Go for the Eyes","floor":14},{"not_picked":["Creative AI","Meteor Strike","Reboot"],"picked":"All For One","floor":16},{"not_picked":["Fusion+1","Turbo","Conserve Battery"],"picked":"Steam","floor":18},{"not_picked":["Amplify","Recycle+1","White Noise+1"],"picked":"Core Surge","floor":24},{"not_picked":["Core Surge+1","Turbo","Cold Snap+1"],"picked":"Capacitor","floor":27},{"not_picked":["Coolheaded","Ball Lightning+1","Chaos"],"picked":"Compile Driver+1","floor":31}],"player_experience":925121,"relics_obtained":[{"floor":5.0,"key":"Pantograph"},{"floor":8,"key":"Symbiotic Virus"},{"floor":9,"key":"Question Card"},{"floor":24,"key":"Molten Egg 2"},{"floor":26,"key":"Kunai"},{"floor":27,"key":"Frozen Egg 2"}],"event_choices":[{"damage_healed":0.0,"max_hp_gain":0.0,"max_hp_loss":0.0,"gold_gain":0.0,"event_name":"Shining Light","player_choice":"Entered Light","floor":3.0,"gold_loss":0.0,"damage_taken":21.0,"cards_upgraded":["Loop","Dualcast"]},{"damage_healed":0.0,"max_hp_gain":0.0,"max_hp_loss":0.0,"gold_gain":0.0,"event_name":"Big Fish","player_choice":"Box","floor":4.0,"gold_loss":0.0,"damage_taken":0.0,"relics_obtained":["PreservedInsect"],"cards_obtained":["Regret"]},{"damage_healed":0,"gold_gain":50,"player_choice":"Touch","damage_taken":7,"max_hp_gain":0,"max_hp_loss":0,"event_name":"FaceTrader","floor":7,"gold_loss":0},{"damage_healed":0,"gold_gain":0,"player_choice":"Opened","damage_taken":0,"relics_obtained":["Orichalcum"],"max_hp_gain":0,"max_hp_loss":0,"event_name":"The Mausoleum","floor":20,"gold_loss":0,"cards_obtained":["Writhe"]},{"damage_healed":0,"gold_gain":0,"player_choice":"Became a Ghost","damage_taken":0,"max_hp_gain":0,"max_hp_loss":36,"event_name":"Ghosts","floor":21,"gold_loss":0,"cards_obtained":["Ghostly","Ghostly","Ghostly"]},{"damage_healed":0,"gold_gain":0,"player_choice":"Shed Blood","damage_taken":12,"max_hp_gain":5,"max_hp_loss":0,"event_name":"Forgotten Altar","floor":22,"gold_loss":0},{"cards_removed":["Writhe"],"damage_healed":0,"gold_gain":0,"player_choice":"Gave Gold","damage_taken":0,"max_hp_gain":0,"max_hp_loss":0,"event_name":"Beggar","floor":29,"gold_loss":75}],"is_beta":true,"boss_relics":[{"not_picked":["FrozenCore","Velvet Choker"],"picked":"Pandora\u0027s Box"}],"items_purged_floors":[13],"is_endless":false,"potions_floor_spawned":[1,8,11,14,24,27],"killed_by":"Automaton","ascension_level":20}