{"path_per_floor":["M","?","?","M","M","R","E","M","T","M","T","R","$","M","R","B",null,"M","$","M","$","?","R","M","$","T","?","M","M","R","M","R"],"character_chosen":"DEFECT","items_purchased":["War Paint","DataDisk"],"gold_per_floor":[110,110,60,75,93,93,133,153,176,194,194,194,44,32,32,160,160,181,25,41,41,41,41,55,55,55,55,69,89,89,112,112,112],"floor_reached":33,"campfire_rested":3,"playtime":1656,"item_purchase_floors":[13,19],"current_hp_per_floor":[73,55,55,55,55,55,53,50,50,34,34,56,56,49,49,49,81,73,73,63,63,63,63,56,56,56,56,56,12,37,39,66,0],"items_purged":[],"gold":112,"score":324,"play_id":"4466c8a8-231f-49f2-b8c7-ce11978b5713","local_time":"20180610073117","is_prod":false,"is_daily":false,"chose_seed":false,"is_ascension_mode":false,"campfire_upgraded":3,"win_rate":0.0,"timestamp":1528641077,"campfire_choices":[{"data":"Zap","floor":6,"key":"SMITH"},{"floor":12,"key":"REST"},{"data":"Echo Form","floor":15,"key":"SMITH"},{"data":"Hologram","floor":23,"key":"SMITH"},{"floor":30,"key":"REST"},{"floor":32,"key":"REST"}],"path_taken":["M","?","?","M","M","R","E","M","T","M","?","R","$","M","R","BOSS","M","$","?","$","?","R","M","$","T","?","M","M","R","M","R","BOSS"],"build_version":"2018-06-07v3","seed_source_timestamp":1580552261842799,"purchased_purges":0,"victory":false,"master_deck":["Strike_B","Strike_B","Strike_B","Defend_B","Defend_B","Zap+1","Dualcast+1","Hologram+1","Doom and Gloom","Conserve Battery+1","Glacier","Buffer","Melter","Heatsinks","Echo Form+1","Buffer","Static Discharge","Skim","Turbo+1","Hologram+1","Self Repair+1"],"max_hp_per_floor":[75,75,75,75,75,75,75,75,75,75,75,75,75,75,75,75,81,83,83,83,83,83,83,83,83,83,83,85,85,85,92,92,92],"relics":["Cracked Core","Golden Idol","Boot","Singing Bowl","Bottled Lightning","War Paint","Orrery","DataDisk","Bag of Marbles","Orichalcum"],"card_choices":[{"not_picked":["Stack","Glacier"],"picked":"Doom and Gloom","floor":1},{"not_picked":["Compile Driver","Stack"],"picked":"Conserve Battery","floor":4},{"not_picked":["Hello World","Ball Lightning"],"picked":"Glacier","floor":5},{"not_picked":["Streamline","Gash"],"picked":"Buffer","floor":7},{"not_picked":["Go for the Eyes","Turbo"],"picked":"Melter","floor":8},{"not_picked":["Glacier","Compile Driver"],"picked":"Heatsinks","floor":10},{"not_picked":["Sweeping Beam","Conserve Battery"],"picked":"Echo Form","floor":14},{"not_picked":["Seek","Amplify"],"picked":"Buffer","floor":16},{"not_picked":["Compile Driver","Turbo","Streamline"],"picked":"Singing Bowl","floor":17},{"not_picked":["Steam Power","Reprogram","Hologram"],"picked":"Singing Bowl","floor":17},{"not_picked":["Beam Cell","Sunder","Sweeping Beam"],"picked":"Singing Bowl","floor":17},{"not_picked":["Chaos","Steam"],"picked":"Static Discharge","floor":17},{"not_picked":["Leap","Fission"],"picked":"Skim","floor":17},{"not_picked":["Chill","Conserve Battery","Go for the Eyes"],"picked":"Singing Bowl","floor":18},{"not_picked":["Reinforced Body","Barrage"],"picked":"Turbo+1","floor":20},{"not_picked":["Darkness","Redo"],"picked":"Hologram+1","floor":24},{"not_picked":["Fission","Leap","Streamline"],"picked":"Singing Bowl","floor":28},{"not_picked":["Turbo","Leap"],"picked":"Self Repair+1","floor":29},{"not_picked":["Cold Snap","Barrage","Stack"],"picked":"Singing Bowl","floor":31}],"player_experience":179237,"potions_floor_usage":[10,24,28,31,31,33],"damage_taken":[{"damage":2,"enemies":"Jaw Worm","floor":1,"turns":4},{"damage":0,"enemies":"Small Slimes","floor":4,"turns":3},{"damage":0,"enemies":"Cultist","floor":5,"turns":3},{"damage":2,"enemies":"Lagavulin","floor":7,"turns":9},{"damage":3,"enemies":"2 Fungi Beasts","floor":8,"turns":4},{"damage":16,"enemies":"Exordium Wildlife","floor":10,"turns":4},{"damage":7,"enemies":"Exordium Thugs","floor":14,"turns":5},{"damage":0,"enemies":"Slime Boss","floor":16,"turns":7},{"damage":10,"enemies":"Spheric Guardian","floor":18,"turns":4},{"damage":10,"enemies":"Chosen","floor":20,"turns":4},{"damage":7,"enemies":"3 Cultists","floor":24,"turns":4},{"damage":2,"enemies":"Centurion and Healer","floor":28,"turns":10},{"damage":44,"enemies":"Slaver and Parasite","floor":29,"turns":6},{"damage":25,"enemies":"Chosen and Byrds","floor":31,"turns":8},{"damage":69,"enemies":"Champ","floor":33,"turns":16}],"relics_obtained":[{"floor":7,"key":"Boot"},{"floor":9,"key":"Singing Bowl"},{"floor":11,"key":"Bottled Lightning"},{"floor":26,"key":"Orichalcum"}],"event_choices":[{"event_name":"Golden Idol","player_choice":"Take Damage","floor":2,"damage_taken":0},{"event_name":"The Cleric","player_choice":"Card Removal","floor":3,"damage_taken":0},{"event_name":"The Mausoleum","player_choice":"Yes","floor":22,"damage_taken":0},{"event_name":"Back to Basics","player_choice":"Elegance","floor":27,"damage_taken":0}],"boss_relics":[{"not_picked":["Snecko Eye","Sozu"],"picked":"Orrery"}],"items_purged_floors":[],"potions_floor_spawned":[1,4,7,16,20,24,29],"seed_played":"-3341629834996925678","killed_by":"Champ","ascension_level":0,"potions_obtained":[{"floor":1,"key":"SpeedPotion"},{"floor":4,"key":"SkillPotion"},{"floor":7,"key":"FearPotion"},{"floor":16,"key":"SteroidPotion"},{"floor":20,"key":"AttackPotion"},{"floor":24,"key":"Explosive Potion"},{"floor":29,"key":"Fruit Juice"}],"is_trial":false}