{"path_per_floor":["M","$","?","M","M","R","M","M","T","?","E","M","M","M","R"],"character_chosen":"THE_SILENT","items_purchased":["Caltrops","Sucker Punch"],"gold_per_floor":[114,10,10,21,40,40,50,60,60,90,120,133,152,165,165,165],"floor_reached":16,"campfire_rested":0,"playtime":973,"current_hp_per_floor":[70,70,70,70,68,68,65,65,65,65,50,50,49,49,49,0],"items_purged":[],"gold":165,"score":106,"play_id":"fac29230-4249-496a-a2b4-5263cb784aee","local_time":"20180329174416","is_prod":false,"is_daily":false,"is_ascension_mode":false,"campfire_upgraded":2,"timestamp":1522370656,"path_taken":["M","$","?","M","M","R","M","?","T","?","E","M","M","?","R","BOSS"],"build_version":"2018-03-22v2","purchased_purges":0,"victory":false,"master_deck":["Defend_G","Defend_G","Defend_G","Defend_G","Defend_G","Strike_G","Strike_G","Strike_G","Strike_G","Strike_G","Survivor","Neutralize+1","Acrobatics","Caltrops","Sucker Punch","Choke","Deflect","All Out Attack","Skewer+1","Parasite","Slice","Deadly Poison","Dagger Throw","Prepared"],"max_hp_per_floor":[70,70,70,70,70,70,70,70,70,70,70,70,70,70,70,70],"relics":["Cursed Key","Gremlin Horn","Vajra"],"card_choices":[{"not_picked":["Dodge and Roll","PiercingWail"],"picked":"Acrobatics","floor":1},{"not_picked":["Bane","Heel Hook"],"picked":"Choke","floor":4},{"not_picked":["Dodge and Roll","PiercingWail"],"picked":"Deflect","floor":5},{"not_picked":["Dagger Throw","Reflex"],"picked":"All Out Attack","floor":7},{"not_picked":["Bane","PiercingWail"],"picked":"Skewer","floor":8},{"not_picked":["Tactician","Calculated Gamble"],"picked":"Slice","floor":11},{"not_picked":["Dash","Outmaneuver"],"picked":"Deadly Poison","floor":12},{"not_picked":["Distraction","Outmaneuver"],"picked":"Dagger Throw","floor":13},{"not_picked":["Bouncing Flask","Calculated Gamble"],"picked":"Prepared","floor":14}],"player_experience":32973,"potions_floor_usage":[],"damage_taken":[{"damage":0,"enemies":"Jaw Worm","floor":1,"turns":9},{"damage":0,"enemies":"Cultist","floor":4,"turns":4},{"damage":2,"enemies":"Small Slimes","floor":5,"turns":4},{"damage":3,"enemies":"Gremlin Gang","floor":7,"turns":6},{"damage":0,"enemies":"Lots of Slimes","floor":8,"turns":2},{"damage":15,"enemies":"3 Sentries","floor":11,"turns":6},{"damage":0,"enemies":"Large Slime","floor":12,"turns":4},{"damage":1,"enemies":"Looter","floor":13,"turns":3},{"damage":0,"enemies":"Blue Slaver","floor":14,"turns":2},{"damage":50,"enemies":"The Guardian","floor":16,"turns":6}],"event_choices":[{"event_name":"The Lab","player_choice":"Got Potions","floor":3,"damage_taken":0},{"event_name":"Dead Adventurer","player_choice":"Searched \u00273\u0027 times","floor":10,"damage_taken":0}],"boss_relics":[],"potions_floor_spawned":[4,5,8,11],"seed_played":"8200708944258127756","killed_by":"The Guardian","ascension_level":0,"is_trial":false}