{"gold_per_floor":[110,35,46,46,46,46,59,100,100,100,135,148,162,195,195,288,288,306,356,372,96,71,71,71],"floor_reached":24,"playtime":797,"items_purged":[],"score":478,"play_id":"171e50f9-2c6e-4903-8d5b-bf87e59a0f34","local_time":"20181026173743","is_ascension_mode":true,"campfire_choices":[{"data":"Inflame","floor":6.0,"key":"SMITH"},{"data":"Armaments","floor":10.0,"key":"SMITH"},{"data":"Demon Form","floor":15.0,"key":"SMITH"},{"data":"True Grit","floor":23,"key":"SMITH"}],"neow_cost":"NONE","seed_source_timestamp":1291889377260936,"circlet_count":0,"master_deck":["Strike_R","Strike_R","Strike_R","Strike_R","Defend_R","Defend_R","Defend_R","Defend_R","Bash+1","AscendersBane","Inflame+1","Heavy Blade","Armaments+1","Immolate","Offering","Headbutt","True Grit+1","Demon Form+1","Reaper","Evolve","True Grit"],"special_seed":0,"relics":["Burning Blood","Golden Idol","Bag of Preparation","Pear","Pen Nib","Vajra","Mark of Pain","Meat on the Bone"],"potions_floor_usage":[],"damage_taken":[{"damage":2.0,"enemies":"2 Louse","floor":1.0,"turns":4.0},{"damage":4.0,"enemies":"Small Slimes","floor":3.0,"turns":4.0},{"damage":7.0,"enemies":"Jaw Worm","floor":7.0,"turns":3.0},{"damage":37.0,"enemies":"3 Sentries","floor":8.0,"turns":11.0},{"damage":8.0,"enemies":"Gremlin Nob","floor":11.0,"turns":3.0},{"damage":0.0,"enemies":"3 Louse","floor":12.0,"turns":1.0},{"damage":6.0,"enemies":"Large Slime","floor":13.0,"turns":5.0},{"damage":19.0,"enemies":"Lagavulin","floor":14.0,"turns":5.0},{"damage":17.0,"enemies":"The Guardian","floor":16.0,"turns":8.0},{"damage":48.0,"enemies":"Spheric Guardian","floor":18.0,"turns":6.0},{"damage":43.0,"enemies":"Shell Parasite","floor":20.0,"turns":4.0},{"damage":30,"enemies":"Colosseum Slavers","floor":24,"turns":2}],"seed_played":"-8864351832535885768","potions_obtained":[{"floor":3.0,"key":"Swift Potion"},{"floor":8.0,"key":"Weak Potion"},{"floor":14.0,"key":"EssenceOfSteel"},{"floor":16.0,"key":"Dexterity Potion"},{"floor":18.0,"key":"SteroidPotion"}],"is_trial":false,"path_per_floor":["M","?","M","?","?","R","M","E","T","R","E","M","M","E","R","B",null,"M","?","M","$","$","R"],"character_chosen":"IRONCLAD","items_purchased":["Meat on the Bone","True Grit"],"campfire_rested":0,"item_purchase_floors":[21,22],"current_hp_per_floor":[79,79,81,74,74,74,73,42,52,52,50,56,56,43,43,32,71,49,49,30,30,30,30,0],"gold":71,"neow_bonus":"TEN_PERCENT_HP_BONUS","is_prod":false,"is_daily":false,"chose_seed":false,"campfire_upgraded":4,"win_rate":0,"timestamp":1540589863,"path_taken":["M","?","M","?","?","R","M","E","T","R","E","M","?","E","R","BOSS","M","?","M","?","$","R","?"],"build_version":"2018-10-25v2","purchased_purges":0,"victory":false,"max_hp_per_floor":[82,82,82,74,74,74,74,74,84,84,84,84,84,84,84,84,84,84,84,84,84,84,84,84],"card_choices":[{"not_picked":["Wild Strike","Cleave"],"picked":"Inflame","floor":1.0},{"not_picked":["Perfected Strike","Flex"],"picked":"Heavy Blade","floor":3.0},{"not_picked":["Heavy Blade","Headbutt"],"picked":"Armaments","floor":7.0},{"not_picked":["Power Through","Clothesline"],"picked":"Immolate","floor":8.0},{"not_picked":["Heavy Blade","Shockwave"],"picked":"Offering","floor":11.0},{"not_picked":["Sever Soul","Havoc"],"picked":"Headbutt","floor":12.0},{"not_picked":["Twin Strike","Seeing Red"],"picked":"True Grit","floor":13.0},{"not_picked":["Spot Weakness","Second Wind"],"picked":"Demon Form","floor":14.0},{"not_picked":["Juggernaut","Brutality"],"picked":"Reaper","floor":16.0},{"not_picked":["True Grit","Pommel Strike"],"picked":"Evolve","floor":18.0},{"not_picked":["Clash","Warcry","Wild Strike"],"picked":"SKIP","floor":20.0}],"player_experience":1026863,"relics_obtained":[{"floor":8.0,"key":"Bag of Preparation"},{"floor":9.0,"key":"Pear"},{"floor":11.0,"key":"Pen Nib"},{"floor":14.0,"key":"Vajra"}],"event_choices":[{"cards_removed":["Strike_R"],"damage_healed":0.0,"max_hp_gain":0.0,"max_hp_loss":0.0,"gold_gain":0.0,"event_name":"The Cleric","player_choice":"Card Removal","floor":2.0,"gold_loss":75.0,"damage_taken":0.0},{"damage_healed":0.0,"max_hp_gain":0.0,"max_hp_loss":8.0,"gold_gain":0.0,"event_name":"Golden Idol","player_choice":"Lose Max HP","floor":4.0,"gold_loss":0.0,"damage_taken":0.0,"relics_obtained":["Golden Idol"]},{"damage_healed":0.0,"max_hp_gain":0.0,"max_hp_loss":0.0,"gold_gain":0.0,"event_name":"Living Wall","player_choice":"Grow","floor":5.0,"gold_loss":0.0,"damage_taken":0.0,"cards_upgraded":["Bash"]},{"damage_healed":0.0,"max_hp_gain":0.0,"max_hp_loss":0.0,"gold_gain":50.0,"event_name":"Nest","player_choice":"Stole From Cult","floor":19.0,"gold_loss":0.0,"damage_taken":0.0},{"damage_healed":0,"gold_gain":0,"player_choice":"Fight","damage_taken":0,"max_hp_gain":0,"max_hp_loss":0,"event_name":"Colosseum","floor":24,"gold_loss":0}],"is_beta":false,"boss_relics":[{"not_picked":["Empty Cage","Philosopher\u0027s Stone"],"picked":"Mark of Pain"}],"items_purged_floors":[],"is_endless":false,"potions_floor_spawned":[3,8,14,16,18],"killed_by":"Colosseum Slavers","ascension_level":20}