{"gold_per_floor":[131,143,168,145,167,179,208,248,286,309,340,352,394,556,568,580],"floor_reached":16,"playtime":623,"items_purged":[],"score":224,"play_id":"5c561469-9f74-4709-bf0a-5b968cad828b","local_time":"20190327085112","is_ascension_mode":true,"campfire_choices":[{"data":"Crippling Poison","floor":6.0,"key":"SMITH"},{"data":"Poisoned Stab","floor":12.0,"key":"SMITH"},{"data":"Dagger Spray","floor":15,"key":"SMITH"}],"neow_cost":"NONE","seed_source_timestamp":1225457357307084,"circlet_count":0,"master_deck":["AscendersBane","Defend_G","Defend_G","Defend_G","Defend_G","Defend_G","Strike_G","Strike_G","Strike_G","Strike_G","Survivor","Neutralize","Finisher","Crippling Poison+1","Endless Agony","Dagger Spray+1","Footwork","Poisoned Stab+1","Well Laid Plans"],"special_seed":0,"relics":["Ring of the Snake","MawBank","Snake Skull","Lantern","Omamori"],"potions_floor_usage":[16],"damage_taken":[{"damage":8.0,"enemies":"Cultist","floor":1.0,"turns":5.0},{"damage":2.0,"enemies":"2 Louse","floor":3.0,"turns":4.0},{"damage":2.0,"enemies":"Small Slimes","floor":5.0,"turns":4.0},{"damage":5.0,"enemies":"Red Slaver","floor":7.0,"turns":3.0},{"damage":24.0,"enemies":"Gremlin Nob","floor":8.0,"turns":4.0},{"damage":0.0,"enemies":"Large Slime","floor":10.0,"turns":3.0},{"damage":3.0,"enemies":"Exordium Wildlife","floor":11.0,"turns":5.0},{"damage":3,"enemies":"3 Sentries","floor":13,"turns":8},{"damage":24,"enemies":"Slime Boss","floor":16,"turns":7}],"seed_played":"4135213152856521446","potions_obtained":[{"floor":7.0,"key":"LiquidBronze"},{"floor":13,"key":"Poison Potion"}],"is_trial":false,"path_per_floor":["M","?","M","?","M","R","M","E","T","M","M","R","E","?","R","B"],"character_chosen":"THE_SILENT","items_purchased":[],"campfire_rested":0,"item_purchase_floors":[],"current_hp_per_floor":[51,51,49,65,63,63,58,34,34,34,31,31,28,28,28,4],"gold":580,"neow_bonus":"RANDOM_COMMON_RELIC","is_prod":false,"is_daily":false,"chose_seed":false,"campfire_upgraded":3,"win_rate":0,"timestamp":1553691072,"path_taken":["M","?","?","?","M","R","M","E","T","M","M","R","E","?","R","BOSS"],"build_version":"2019-03-15","purchased_purges":0,"victory":false,"max_hp_per_floor":[66,66,66,66,66,66,66,66,66,66,66,66,66,66,66,66],"card_choices":[{"not_picked":["Underhanded Strike","Sucker Punch","Outmaneuver"],"picked":"SKIP","floor":1.0},{"not_picked":["Cloak And Dagger","Acrobatics"],"picked":"Crippling Poison","floor":3.0},{"not_picked":["Blade Dance","Calculated Gamble"],"picked":"Endless Agony","floor":5.0},{"not_picked":["Flying Knee","Distraction"],"picked":"Dagger Spray","floor":7.0},{"not_picked":["Expertise","Dodge and Roll"],"picked":"Footwork","floor":8.0},{"not_picked":["Outmaneuver","Endless Agony"],"picked":"Poisoned Stab","floor":10.0},{"not_picked":["Deadly Poison","Heel Hook"],"picked":"Well Laid Plans","floor":11.0},{"not_picked":["Dagger Throw","Flying Knee","Sucker Punch"],"picked":"SKIP","floor":13}],"player_experience":1316490,"relics_obtained":[{"floor":8.0,"key":"Snake Skull"},{"floor":9.0,"key":"Lantern"},{"floor":13,"key":"Omamori"}],"event_choices":[{"damage_healed":0.0,"max_hp_gain":0.0,"max_hp_loss":0.0,"gold_gain":0.0,"cards_transformed":["Strike_G"],"event_name":"Transmorgrifier","player_choice":"Transformed","floor":2.0,"gold_loss":0.0,"damage_taken":0.0,"cards_obtained":["Finisher"]},{"damage_healed":16.0,"max_hp_gain":0.0,"max_hp_loss":0.0,"gold_gain":0.0,"event_name":"The Cleric","player_choice":"Healed","floor":4.0,"gold_loss":35.0,"damage_taken":0.0},{"damage_healed":0,"gold_gain":150,"player_choice":"AGREE","damage_taken":0,"max_hp_gain":0,"max_hp_loss":0,"event_name":"Liars Game","floor":14,"gold_loss":0,"cards_obtained":["Doubt"]}],"is_beta":true,"boss_relics":[],"items_purged_floors":[],"is_endless":false,"potions_floor_spawned":[7,13],"killed_by":"Slime Boss","ascension_level":20}