{"gold_per_floor":[119,119,138,151,151,178,178,44,44,44,78,153,186,196,196,273,273,273,273,273,273,213,213,213,213,213,213,213,213,213,213,213,213],"floor_reached":33,"playtime":1309,"items_purged":["Doubt"],"score":602,"play_id":"f903271d-0610-47d4-8001-0cbf1cbae874","local_time":"20190323164907","is_ascension_mode":true,"campfire_choices":[{"data":"Immolate","floor":7,"key":"SMITH"},{"floor":10,"key":"REST"},{"data":"Evolve","floor":15,"key":"SMITH"},{"data":"Shockwave","floor":24,"key":"SMITH"},{"data":"Spot Weakness","floor":27,"key":"SMITH"},{"data":"Disarm","floor":30,"key":"SMITH"},{"data":"Combust","floor":32,"key":"SMITH"}],"neow_cost":"CURSE","seed_source_timestamp":907885506457264,"circlet_count":0,"master_deck":["AscendersBane","Strike_R+1","Strike_R+1","Strike_R+1","Defend_R+1","Defend_R+1","Defend_R+1","Defend_R+1","Bash","Twin Strike","Immolate+1","Combust+1","Inflame+1","Battle Trance","Flame Barrier","Evolve+1","Cleave+1","Feel No Pain","Reaper+1","Shockwave+1","Spot Weakness+1","Disarm+1","Corruption","True Grit+1"],"relics":["Burning Blood","The Courier","Pen Nib","Molten Egg 2","Juzu Bracelet","Question Card","Ectoplasm","MutagenicStrength","Anchor","Peace Pipe","Self Forming Clay"],"potions_floor_usage":[6,16,19,29],"damage_taken":[{"damage":2,"enemies":"2 Louse","floor":1,"turns":3},{"damage":5,"enemies":"Cultist","floor":3,"turns":4},{"damage":0,"enemies":"Small Slimes","floor":4,"turns":2},{"damage":18,"enemies":"3 Sentries","floor":6,"turns":5},{"damage":8,"enemies":"Gremlin Nob","floor":11,"turns":3},{"damage":17,"enemies":"3 Sentries","floor":13,"turns":4},{"damage":0,"enemies":"Exordium Wildlife","floor":14,"turns":2},{"damage":14,"enemies":"Slime Boss","floor":16,"turns":7},{"damage":20,"enemies":"Chosen","floor":18,"turns":4},{"damage":22,"enemies":"Shell Parasite","floor":19,"turns":5},{"damage":27,"enemies":"Centurion and Healer","floor":23,"turns":8},{"damage":6,"enemies":"Snake Plant","floor":28,"turns":4},{"damage":26,"enemies":"Gremlin Leader","floor":29,"turns":7},{"damage":37,"enemies":"Book of Stabbing","floor":31,"turns":6},{"damage":62,"enemies":"Automaton","floor":33,"turns":6}],"seed_played":"7523430290394577660","potions_obtained":[{"floor":2,"key":"FairyPotion"},{"floor":2,"key":"FearPotion"},{"floor":3,"key":"Block Potion"},{"floor":11,"key":"Weak Potion"},{"floor":13,"key":"SkillPotion"},{"floor":16,"key":"Fire Potion"},{"floor":19,"key":"Weak Potion"},{"floor":31,"key":"Explosive Potion"}],"is_trial":false,"path_per_floor":["M","?","M","M","?","E","R","$","T","R","E","?","E","M","R","B",null,"M","M","?","?","$","M","R","?","T","R","M","E","R","E","R","B"],"character_chosen":"IRONCLAD","items_purchased":["Pen Nib"],"campfire_rested":1,"item_purchase_floors":[8],"current_hp_per_floor":[72,72,73,75,52,40,40,40,40,62,60,49,38,44,44,36,65,56,61,61,61,61,56,56,56,56,56,74,75,75,62,62,0],"gold":213,"neow_bonus":"TRANSFORM_TWO_CARDS","is_prod":false,"is_daily":false,"chose_seed":false,"campfire_upgraded":6,"win_rate":0,"timestamp":1553374147,"path_taken":["M","?","M","?","?","E","R","$","T","R","E","?","E","M","R","BOSS","M","M","?","?","$","M","R","?","T","R","M","E","R","E","R","BOSS"],"build_version":"2019-03-15","purchased_purges":1,"victory":false,"max_hp_per_floor":[75,75,75,75,75,75,75,75,75,75,75,75,75,75,75,75,75,75,75,75,75,75,75,75,75,75,75,75,75,75,75,75,75],"card_choices":[{"not_picked":["Rage","Flex"],"picked":"Combust","floor":1},{"not_picked":["Cleave","Infernal Blade"],"picked":"Inflame","floor":3},{"not_picked":["Dual Wield","Flex"],"picked":"Battle Trance","floor":4},{"not_picked":["Blood for Blood","Havoc"],"picked":"Flame Barrier","floor":6},{"not_picked":["Twin Strike+1","Sever Soul+1"],"picked":"Evolve","floor":11},{"not_picked":["Havoc","Exhume"],"picked":"Cleave+1","floor":13},{"not_picked":["Rupture","Headbutt+1","Pommel Strike+1"],"picked":"Feel No Pain","floor":14},{"not_picked":["Immolate+1","Demon Form","Barricade"],"picked":"Reaper+1","floor":16},{"not_picked":["Wild Strike+1","Headbutt+1","Heavy Blade+1"],"picked":"Shockwave","floor":18},{"not_picked":["Rampage+1","Warcry","Armaments+1"],"picked":"Spot Weakness","floor":19},{"not_picked":["True Grit","Clothesline+1","Armaments"],"picked":"Disarm","floor":23},{"not_picked":["Armaments","Flex","Spot Weakness"],"picked":"Corruption","floor":28},{"not_picked":["Berserk","Havoc","Inflame+1","Bludgeon+1"],"picked":"SKIP","floor":29},{"not_picked":["Berserk","Havoc","Inflame+1","Bludgeon+1"],"picked":"SKIP","floor":29},{"not_picked":["Warcry","Uppercut+1","Anger+1"],"picked":"True Grit+1","floor":31}],"player_experience":1202426,"relics_obtained":[{"floor":6,"key":"The Courier"},{"floor":9,"key":"Molten Egg 2"},{"floor":11,"key":"Juzu Bracelet"},{"floor":13,"key":"Question Card"},{"floor":26,"key":"Anchor"},{"floor":29,"key":"Peace Pipe"},{"floor":31,"key":"Self Forming Clay"}],"event_choices":[{"damage_healed":0,"gold_gain":0,"player_choice":"Got Potions","damage_taken":0,"max_hp_gain":0,"max_hp_loss":0,"event_name":"Lab","floor":2,"gold_loss":0},{"damage_healed":0,"gold_gain":0,"player_choice":"Entered Light","damage_taken":23,"max_hp_gain":0,"max_hp_loss":0,"event_name":"Shining Light","floor":5,"gold_loss":0,"cards_upgraded":["Strike_R","Defend_R"]},{"damage_healed":0,"gold_gain":75,"player_choice":"Gather Gold","damage_taken":11,"max_hp_gain":0,"max_hp_loss":0,"event_name":"World of Goop","floor":12,"gold_loss":0},{"damage_healed":0,"gold_gain":0,"player_choice":"Simplicity","damage_taken":0,"max_hp_gain":0,"max_hp_loss":0,"event_name":"Back to Basics","floor":20,"gold_loss":0,"cards_upgraded":["Strike_R","Strike_R","Defend_R","Defend_R","Defend_R"]},{"damage_healed":0,"gold_gain":0,"player_choice":"Upgraded","damage_taken":0,"max_hp_gain":0,"max_hp_loss":0,"event_name":"Upgrade Shrine","floor":21,"gold_loss":0,"cards_upgraded":["Inflame"]},{"damage_healed":0,"gold_gain":0,"player_choice":"Inject Mutagens","damage_taken":0,"relics_obtained":["MutagenicStrength"],"max_hp_gain":0,"max_hp_loss":0,"event_name":"Drug Dealer","floor":25,"gold_loss":0}],"is_beta":true,"boss_relics":[{"not_picked":["Pandora\u0027s Box","Calling Bell"],"picked":"Ectoplasm"}],"items_purged_floors":[22],"is_endless":false,"potions_floor_spawned":[3,11,13,16,19,31],"killed_by":"Automaton","ascension_level":20}