{"gold_per_floor":[218,218,5,5,21,21,55,68,98,121,142,142,181,202,202,202],"floor_reached":16,"playtime":576,"items_purged":["Injury"],"score":224,"play_id":"8131fc54-2669-4f8a-a8cc-fa089f14adc5","local_time":"20180922133630","is_ascension_mode":true,"campfire_choices":[{"data":"Bash","floor":6.0,"key":"SMITH"},{"data":"Uppercut","floor":12.0,"key":"SMITH"},{"data":"Perfected Strike","floor":15.0,"key":"SMITH"}],"neow_cost":"NONE","seed_source_timestamp":794413346060628,"circlet_count":0,"master_deck":["Strike_R","Strike_R","Strike_R","Strike_R","Strike_R","Defend_R","Defend_R","Defend_R","Defend_R","Bash+1","AscendersBane","Cleave","Feel No Pain","Wild Strike","Impervious","Uppercut+1","Perfected Strike+1"],"special_seed":0,"relics":["Burning Blood","Golden Idol","Singing Bowl","Tiny Chest","Frozen Egg 2"],"potions_floor_usage":[16,16],"damage_taken":[{"damage":10.0,"enemies":"2 Louse","floor":1.0,"turns":4.0},{"damage":10.0,"enemies":"Small Slimes","floor":5.0,"turns":5.0},{"damage":24.0,"enemies":"3 Sentries","floor":7.0,"turns":14.0},{"damage":7.0,"enemies":"Jaw Worm","floor":8.0,"turns":3.0},{"damage":15.0,"enemies":"Exordium Thugs","floor":10.0,"turns":4.0},{"damage":9.0,"enemies":"Red Slaver","floor":11.0,"turns":3.0},{"damage":6.0,"enemies":"Gremlin Nob","floor":13.0,"turns":3.0},{"damage":7.0,"enemies":"Large Slime","floor":14.0,"turns":4.0},{"damage":35,"enemies":"The Guardian","floor":16,"turns":9}],"seed_played":"3297930977754817065","potions_obtained":[{"floor":5.0,"key":"GamblersBrew"},{"floor":7.0,"key":"LiquidBronze"},{"floor":11.0,"key":"GamblersBrew"}],"is_trial":false,"path_per_floor":["M","?","$","?","M","R","E","M","T","M","M","R","E","M","R"],"character_chosen":"IRONCLAD","items_purchased":["Feel No Pain","Energy Potion"],"campfire_rested":0,"item_purchase_floors":[3,3],"current_hp_per_floor":[64,64,64,64,60,60,44,43,43,34,31,31,33,34,34,0],"gold":202,"neow_bonus":"HUNDRED_GOLD","is_prod":false,"is_daily":false,"chose_seed":false,"campfire_upgraded":3,"win_rate":0,"timestamp":1537637790,"path_taken":["M","?","$","?","M","R","E","M","T","M","M","R","E","M","R","BOSS"],"build_version":"2018-09-20","purchased_purges":1,"victory":false,"max_hp_per_floor":[75,75,75,75,75,75,77,77,77,77,77,77,79,81,81,81],"card_choices":[{"not_picked":["Havoc","Headbutt"],"picked":"Cleave","floor":1.0},{"not_picked":["Body Slam","Heavy Blade"],"picked":"Wild Strike","floor":5.0},{"not_picked":["Heavy Blade","Rage","Anger"],"picked":"Singing Bowl","floor":7.0},{"not_picked":["Anger","Body Slam"],"picked":"Impervious","floor":8.0},{"not_picked":["Body Slam","Second Wind"],"picked":"Uppercut","floor":10.0},{"not_picked":["Havoc","Carnage"],"picked":"Perfected Strike","floor":11.0},{"not_picked":["Berserk","Intimidate","Sentinel"],"picked":"Singing Bowl","floor":13.0},{"not_picked":["Sentinel","Anger","Wild Strike"],"picked":"Singing Bowl","floor":14.0}],"player_experience":895808,"relics_obtained":[{"floor":7.0,"key":"Singing Bowl"},{"floor":9.0,"key":"Tiny Chest"},{"floor":13.0,"key":"Frozen Egg 2"}],"event_choices":[{"event_name":"Golden Idol","player_choice":"Take Wound","floor":2.0,"damage_taken":0.0},{"event_name":"The Cleric","player_choice":"Leave","floor":4.0,"damage_taken":0.0}],"is_beta":false,"boss_relics":[],"items_purged_floors":[3],"is_endless":false,"potions_floor_spawned":[5,7,8,11],"killed_by":"The Guardian","ascension_level":20}