{"gold_per_floor":[118,218,21,21,37,37,51,65,65,83,125,125,125,136,136,136],"floor_reached":16,"playtime":496,"items_purged":[],"score":92,"play_id":"5a30b41a-8e9c-4ad6-98cf-54d127d07d0a","local_time":"20190210023539","is_ascension_mode":false,"campfire_choices":[{"data":"Thunderclap","floor":6,"key":"SMITH"},{"floor":12,"key":"REST"},{"floor":15,"key":"REST"}],"neow_cost":"PERCENT_DAMAGE","seed_source_timestamp":1194005127122443,"circlet_count":0,"master_deck":["Strike_R","Strike_R","Strike_R","Defend_R","Defend_R","Defend_R","Defend_R","Bash","Thunderclap+1","Perfected Strike","Double Tap","Dual Wield","Searing Blow"],"relics":["Burning Blood","WingedGreaves","Toolbox","Vajra","Odd Mushroom"],"potions_floor_usage":[8,8,16],"damage_taken":[{"damage":1,"enemies":"2 Louse","floor":1,"turns":3},{"damage":1,"enemies":"Cultist","floor":5,"turns":4},{"damage":6,"enemies":"Jaw Worm","floor":7,"turns":4},{"damage":25,"enemies":"Exordium Thugs","floor":8,"turns":4},{"damage":5,"enemies":"3 Louse","floor":10,"turns":3},{"damage":13,"enemies":"The Mushroom Lair","floor":11,"turns":3},{"damage":15,"enemies":"Looter","floor":14,"turns":3},{"damage":83,"enemies":"The Guardian","floor":16,"turns":7}],"seed_played":"4581486059157583376","potions_obtained":[{"floor":1,"key":"Block Potion"},{"floor":7,"key":"SkillPotion"},{"floor":10,"key":"Poison Potion"},{"floor":14,"key":"SneckoOil"}],"is_trial":false,"path_per_floor":["M","?","$","?","M","R","M","M","T","M","?","R","?","M","R","B"],"character_chosen":"IRONCLAD","items_purchased":["Toolbox"],"campfire_rested":2,"item_purchase_floors":[3],"current_hp_per_floor":[61,61,61,61,66,66,66,47,47,48,41,65,65,56,80,0],"gold":136,"neow_bonus":"ONE_RARE_RELIC","is_prod":false,"is_daily":false,"chose_seed":false,"campfire_upgraded":1,"win_rate":0,"timestamp":1549794939,"path_taken":["M","?","$","?","M","R","?","?","T","M","?","R","?","M","R","BOSS"],"build_version":"2019-01-23","purchased_purges":0,"victory":false,"max_hp_per_floor":[80,80,80,80,80,80,80,80,80,80,80,80,80,80,80,80],"card_choices":[{"not_picked":["Feel No Pain","Warcry","Dual Wield"],"picked":"SKIP","floor":1},{"not_picked":["Hemokinesis","Warcry"],"picked":"Thunderclap","floor":5},{"not_picked":["Warcry","Havoc","Pummel"],"picked":"SKIP","floor":7},{"not_picked":["Heavy Blade","Pommel Strike"],"picked":"Perfected Strike","floor":8},{"not_picked":["Heavy Blade","True Grit","Warcry"],"picked":"SKIP","floor":10},{"not_picked":["True Grit","Shockwave"],"picked":"Double Tap","floor":11},{"not_picked":["Seeing Red","Pommel Strike"],"picked":"Searing Blow","floor":14}],"player_experience":249674,"relics_obtained":[{"floor":9,"key":"Vajra"},{"floor":11,"key":"Odd Mushroom"}],"event_choices":[{"damage_healed":0,"gold_gain":100,"player_choice":"Pray","damage_taken":0,"max_hp_gain":0,"max_hp_loss":0,"event_name":"Golden Shrine","floor":2,"gold_loss":0},{"cards_removed":["Strike_R"],"damage_healed":0,"gold_gain":0,"player_choice":"Card Removal","damage_taken":0,"max_hp_gain":0,"max_hp_loss":0,"event_name":"Wheel of Change","floor":4,"gold_loss":0},{"damage_healed":0,"gold_gain":0,"player_choice":"Fought Mushrooms","damage_taken":0,"max_hp_gain":0,"max_hp_loss":0,"event_name":"Mushrooms","floor":11,"gold_loss":0},{"damage_healed":0,"gold_gain":0,"cards_transformed":["Strike_R"],"player_choice":"Transformed","damage_taken":0,"max_hp_gain":0,"max_hp_loss":0,"event_name":"Transmorgrifier","floor":13,"gold_loss":0,"cards_obtained":["Dual Wield"]}],"is_beta":false,"boss_relics":[],"items_purged_floors":[],"is_endless":false,"potions_floor_spawned":[1,7,10,14],"killed_by":"The Guardian","ascension_level":0}