{"gold_per_floor":[117,117,135,155,165,165,181,215,262,279,314,314,314,345,345,416,416,429,429,298,298],"floor_reached":21,"playtime":864,"items_purged":["Pain"],"score":448,"play_id":"2b49a9e5-9296-48f7-885f-1edf10c4cacd","local_time":"20190219093245","is_ascension_mode":true,"campfire_choices":[{"data":"Buffer","floor":6.0,"key":"SMITH"},{"floor":13.0,"key":"REST"},{"data":"Defragment","floor":15,"key":"SMITH"}],"neow_cost":"TEN_PERCENT_HP_LOSS","seed_source_timestamp":488693865424265,"circlet_count":0,"master_deck":["AscendersBane","Strike_B","Strike_B","Strike_B","Strike_B","Defend_B","Defend_B","Defend_B","Defend_B","Zap","Dualcast","Gash","Undo","Cold Snap","Buffer+1","Doom and Gloom","Ball Lightning","Defragment+1","Compile Driver","Biased Cognition","Gash","Writhe"],"special_seed":0,"relics":["Cracked Core","StoneCalendar","Pen Nib","Lantern","Gremlin Horn","WarpedTongs","Strawberry","Cursed Key","Letter Opener"],"potions_floor_usage":[14,16,21],"damage_taken":[{"damage":2.0,"enemies":"Cultist","floor":1.0,"turns":4.0},{"damage":3.0,"enemies":"2 Louse","floor":3.0,"turns":2.0},{"damage":7.0,"enemies":"Jaw Worm","floor":4.0,"turns":3.0},{"damage":7.0,"enemies":"Large Slime","floor":5.0,"turns":6.0},{"damage":9.0,"enemies":"Lots of Slimes","floor":7.0,"turns":6.0},{"damage":21.0,"enemies":"Gremlin Nob","floor":8.0,"turns":4.0},{"damage":0.0,"enemies":"2 Fungi Beasts","floor":10.0,"turns":4.0},{"damage":0.0,"enemies":"Lagavulin","floor":11.0,"turns":7.0},{"damage":8,"enemies":"Gremlin Nob","floor":14,"turns":5},{"damage":27,"enemies":"Hexaghost","floor":16,"turns":7},{"damage":18,"enemies":"3 Byrds","floor":18,"turns":5},{"damage":22,"enemies":"Colosseum Slavers","floor":21,"turns":3},{"damage":0,"enemies":"Colosseum Nobs","floor":21,"turns":3}],"seed_played":"3566725476320722232","potions_obtained":[{"floor":3.0,"key":"Fruit Juice"},{"floor":5.0,"key":"Energy Potion"},{"floor":10.0,"key":"LiquidBronze"},{"floor":14,"key":"SpeedPotion"}],"is_trial":false,"path_per_floor":["M","$","M","M","M","R","M","E","T","M","E","?","R","E","R","B",null,"M","T","$","?"],"character_chosen":"DEFECT","items_purchased":["Swift Potion"],"campfire_rested":1,"item_purchase_floors":[20],"current_hp_per_floor":[62,62,59,52,45,45,36,15,15,15,15,15,34,38,38,11,60,42,42,42,20],"gold":298,"neow_bonus":"ONE_RARE_RELIC","is_prod":false,"is_daily":false,"chose_seed":false,"campfire_upgraded":2,"win_rate":0,"timestamp":1550586765,"path_taken":["M","?","M","M","?","R","M","E","T","M","E","?","R","E","R","BOSS","M","?","$","?"],"build_version":"2019-02-06","purchased_purges":1,"victory":false,"max_hp_per_floor":[64,64,64,64,64,64,64,64,64,64,64,64,64,76,76,76,76,76,76,76,76],"card_choices":[{"not_picked":["Hologram","Turbo"],"picked":"Gash","floor":1.0},{"not_picked":["Cold Snap","Hello World"],"picked":"Undo","floor":3.0},{"not_picked":["Redo","Loop"],"picked":"Cold Snap","floor":4.0},{"not_picked":["Consume","Darkness"],"picked":"Buffer","floor":5.0},{"not_picked":["Sweeping Beam","Hologram"],"picked":"Doom and Gloom","floor":7.0},{"not_picked":["Chaos","Beam Cell"],"picked":"Ball Lightning","floor":8.0},{"not_picked":["Beam Cell","Hello World"],"picked":"Defragment","floor":10.0},{"not_picked":["Turbo","Redo","Darkness"],"picked":"SKIP","floor":11.0},{"not_picked":["Reprogram","Barrage"],"picked":"Compile Driver","floor":14},{"not_picked":["Multi-Cast","Hyperbeam"],"picked":"Biased Cognition","floor":16},{"not_picked":["Turbo","Double Energy+1"],"picked":"Gash","floor":18}],"player_experience":948232,"relics_obtained":[{"floor":8.0,"key":"Pen Nib"},{"floor":9.0,"key":"Lantern"},{"floor":11.0,"key":"Gremlin Horn"},{"floor":14,"key":"Strawberry"},{"floor":19,"key":"Letter Opener"}],"event_choices":[{"damage_healed":0.0,"max_hp_gain":0.0,"max_hp_loss":0.0,"gold_gain":0.0,"event_name":"Accursed Blacksmith","player_choice":"Rummage","floor":12.0,"gold_loss":0.0,"damage_taken":0.0,"relics_obtained":["WarpedTongs"],"cards_obtained":["Pain"]},{"damage_healed":0,"gold_gain":0,"player_choice":"Fight","damage_taken":0,"max_hp_gain":0,"max_hp_loss":0,"event_name":"Colosseum","floor":21,"gold_loss":0},{"damage_healed":0,"gold_gain":0,"player_choice":"Fought Nobs","damage_taken":0,"max_hp_gain":0,"max_hp_loss":0,"event_name":"Colosseum","floor":21,"gold_loss":0}],"is_beta":true,"boss_relics":[{"not_picked":["Runic Dome","Empty Cage"],"picked":"Cursed Key"}],"items_purged_floors":[20],"is_endless":false,"potions_floor_spawned":[3,5,10,14,21],"killed_by":"Colosseum Nobs","ascension_level":20}