{"gold_per_floor":[364,289,289,304,304,304,330,330,407,407,427,443,475,489,489,565,565,577,595,695,458,473,473,500,415,441,474,489,518,518,553,553,625,625,641,218,218,230,245,245,245,245,245,345,357,357,368,388,388,388,388,388,388,102,133,133],"floor_reached":57,"playtime":3142,"items_purged":["Strike_R","Strike_R"],"score":2865,"play_id":"bc45170e-ba01-4b58-9114-38be7162afeb","local_time":"20181104111134","is_ascension_mode":true,"campfire_choices":[{"data":"Bash","floor":6.0,"key":"SMITH"},{"floor":10.0,"key":"REST"},{"data":"Armaments","floor":15.0,"key":"SMITH"},{"floor":23.0,"key":"REST"},{"floor":30.0,"key":"REST"},{"data":"Double Tap","floor":32.0,"key":"SMITH"},{"data":"Evolve","floor":40.0,"key":"SMITH"},{"floor":42.0,"key":"RECALL"},{"data":"Dual Wield","floor":49.0,"key":"SMITH"},{"floor":53.0,"key":"REST"}],"neow_cost":"CURSE","seed_source_timestamp":91674633351565,"circlet_count":0,"master_deck":["AscendersBane","Strike_R","Defend_R","Defend_R","Defend_R","Defend_R","Bash+1","Headbutt+1","Sword Boomerang","Impervious","Twin Strike","Armaments+1","Thunderclap+1","Evolve+1","Cleave","Double Tap+1","Uppercut+1","Shrug It Off","Flame Barrier","Corruption","Shrug It Off+1","Shrug It Off+1","Havoc","Dark Embrace+1","Corruption+1","Juggernaut+1","Armaments+1","Feel No Pain+1","Dark Shackles","Dark Shackles","Blind","Power Through","True Grit+1","Dual Wield+1","Body Slam+1","Parasite","Shrug It Off","Body Slam"],"special_seed":0,"relics":["Burning Blood","Shuriken","Charon\u0027s Ashes","Pear","Pen Nib","Snecko Eye","Bird Faced Urn","Mummified Hand","Prayer Wheel","Singing Bowl","Whetstone","Frozen Egg 2","Darkstone Periapt","Gremlin Horn","Runic Dome","Torii","Thread and Needle","Medical Kit","Potion Belt"],"potions_floor_usage":[56],"damage_taken":[{"damage":15.0,"enemies":"2 Louse","floor":1.0,"turns":2.0},{"damage":7.0,"enemies":"Jaw Worm","floor":4.0,"turns":3.0},{"damage":50.0,"enemies":"3 Sentries","floor":7.0,"turns":10.0},{"damage":0.0,"enemies":"Cultist","floor":11.0,"turns":2.0},{"damage":24.0,"enemies":"Exordium Thugs","floor":12.0,"turns":6.0},{"damage":23.0,"enemies":"Lagavulin","floor":13.0,"turns":6.0},{"damage":0.0,"enemies":"Large Slime","floor":14.0,"turns":4.0},{"damage":6.0,"enemies":"Slime Boss","floor":16.0,"turns":7.0},{"damage":0.0,"enemies":"Spheric Guardian","floor":18.0,"turns":4.0},{"damage":12.0,"enemies":"3 Byrds","floor":19.0,"turns":5.0},{"damage":27.0,"enemies":"Colosseum Slavers","floor":20.0,"turns":4.0},{"damage":24.0,"enemies":"Colosseum Nobs","floor":20.0,"turns":4.0},{"damage":14.0,"enemies":"Centurion and Healer","floor":22.0,"turns":6.0},{"damage":10.0,"enemies":"Slavers","floor":24.0,"turns":2.0},{"damage":5.0,"enemies":"Book of Stabbing","floor":27.0,"turns":4.0},{"damage":24.0,"enemies":"Snake Plant","floor":28.0,"turns":3.0},{"damage":18.0,"enemies":"Gremlin Leader","floor":29.0,"turns":4.0},{"damage":9.0,"enemies":"Book of Stabbing","floor":31.0,"turns":4.0},{"damage":6.0,"enemies":"Champ","floor":33.0,"turns":9.0},{"damage":6.0,"enemies":"3 Shapes","floor":35.0,"turns":3.0},{"damage":0.0,"enemies":"Orb Walker","floor":38.0,"turns":2.0},{"damage":13.0,"enemies":"Writhing Mass","floor":39.0,"turns":2.0},{"damage":0.0,"enemies":"Mind Bloom Boss Battle","floor":44.0,"turns":3.0},{"damage":0.0,"enemies":"Spire Growth","floor":45.0,"turns":4.0},{"damage":0.0,"enemies":"4 Shapes","floor":47.0,"turns":2.0},{"damage":0.0,"enemies":"Writhing Mass","floor":48.0,"turns":2.0},{"damage":80.0,"enemies":"Awakened One","floor":50.0,"turns":14.0},{"damage":11.0,"enemies":"Time Eater","floor":51.0,"turns":5.0},{"damage":73.0,"enemies":"Shield and Spear","floor":55.0,"turns":5.0},{"damage":19,"enemies":"The Heart","floor":56,"turns":8}],"seed_played":"1908506496178092055","potions_obtained":[{"floor":7.0,"key":"EssenceOfSteel"},{"floor":11.0,"key":"EssenceOfSteel"},{"floor":20.0,"key":"SpeedPotion"},{"floor":27.0,"key":"SpeedPotion"},{"floor":29.0,"key":"Block Potion"},{"floor":33.0,"key":"SneckoOil"},{"floor":39.0,"key":"Weak Potion"},{"floor":44.0,"key":"FearPotion"}],"is_trial":false,"path_per_floor":["M","?","?","M","T","R","E","?","T","R","M","M","E","M","R","B",null,"M","M","?","$","M","R","E","?","T","E","M","E","R","E","R","B",null,"M","$","?","M","M","R","?","R","T","?","M","$","M","M","R","B","B",null,"R","$","E","E","B",null],"character_chosen":"IRONCLAD","items_purchased":["Flame Barrier","Corruption","Torii","Medical Kit","PowerPotion"],"campfire_rested":4,"item_purchase_floors":[21,21,36,54,54],"current_hp_per_floor":[59,59,59,58,58,58,14,14,24,49,55,37,20,26,26,26,70,76,70,31,31,27,52,50,50,50,57,41,35,61,62,62,66,83,87,87,87,93,88,88,78,78,78,94,95,95,95,103,103,39,42,88,103,103,48,51],"gold":133,"neow_bonus":"TWO_FIFTY_GOLD","is_prod":false,"is_daily":false,"chose_seed":false,"campfire_upgraded":5,"win_rate":0,"timestamp":1541347894,"path_taken":["M","?","?","?","?","R","E","?","T","R","M","M","E","M","R","BOSS","M","?","?","$","M","R","E","?","T","E","M","E","R","E","R","BOSS","M","$","?","?","M","R","?","R","T","?","M","$","M","M","R","BOSS","BOSS","R","$","E","BOSS"],"build_version":"2018-11-02","purchased_purges":2,"victory":true,"max_hp_per_floor":[75,75,75,75,75,75,75,75,85,85,85,85,85,85,85,85,85,85,85,85,85,85,85,85,85,85,87,87,89,89,89,89,89,89,91,91,91,93,93,93,93,93,93,95,95,95,95,103,103,103,103,103,103,103,103,103],"card_choices":[{"not_picked":["True Grit","Pommel Strike"],"picked":"Headbutt","floor":1.0},{"not_picked":["Perfected Strike","Dual Wield"],"picked":"Sword Boomerang","floor":4.0},{"not_picked":["Thunderclap","Shrug It Off"],"picked":"Impervious","floor":7.0},{"not_picked":["Body Slam","Iron Wave"],"picked":"Armaments","floor":11.0},{"not_picked":["Perfected Strike","Sword Boomerang"],"picked":"Thunderclap","floor":12.0},{"not_picked":["Anger","Second Wind"],"picked":"Evolve","floor":13.0},{"not_picked":["Blood for Blood","Heavy Blade"],"picked":"Cleave","floor":14.0},{"not_picked":["Immolate","Brutality"],"picked":"Double Tap","floor":16.0},{"not_picked":["Cleave","Sentinel"],"picked":"Uppercut","floor":18.0},{"not_picked":["Sword Boomerang","Intimidate"],"picked":"Shrug It Off","floor":19.0},{"not_picked":["Thunderclap","Heavy Blade","Reckless Charge"],"picked":"SKIP","floor":22.0},{"not_picked":["Warcry+1","Clash","Ghostly Armor"],"picked":"SKIP","floor":24.0},{"not_picked":["Corruption","Rupture","Bloodletting"],"picked":"Singing Bowl","floor":27.0},{"not_picked":["Infernal Blade","Corruption+1"],"picked":"Shrug It Off+1","floor":28.0},{"not_picked":["Whirlwind","Sword Boomerang"],"picked":"Shrug It Off+1","floor":28.0},{"not_picked":["Brutality+1","Rage","Iron Wave"],"picked":"Singing Bowl","floor":29.0},{"not_picked":["Sever Soul","True Grit"],"picked":"Havoc","floor":31.0},{"not_picked":["Juggernaut+1","Impervious"],"picked":"Dark Embrace+1","floor":33.0},{"not_picked":["Heavy Blade+1","Anger","Sword Boomerang"],"picked":"Singing Bowl","floor":35.0},{"not_picked":["Uppercut","Bloodletting+1"],"picked":"Corruption+1","floor":35.0},{"not_picked":["Rampage","Havoc","Thunderclap"],"picked":"Singing Bowl","floor":38.0},{"not_picked":["Ghostly Armor","Cleave+1"],"picked":"Juggernaut+1","floor":38.0},{"not_picked":["Ghostly Armor","Warcry+1"],"picked":"Armaments+1","floor":39.0},{"not_picked":["Disarm","Flame Barrier+1"],"picked":"Feel No Pain+1","floor":39.0},{"not_picked":["Swift Strike","Finesse"],"picked":"Dark Shackles","floor":41.0},{"not_picked":["Discovery","Secret Technique"],"picked":"Dark Shackles","floor":41.0},{"not_picked":["Thinking Ahead","Discovery"],"picked":"Blind","floor":41.0},{"not_picked":["Cleave+1","Infernal Blade","True Grit"],"picked":"Singing Bowl","floor":44.0},{"not_picked":["Uppercut","Perfected Strike"],"picked":"Power Through","floor":45.0},{"not_picked":["Combust+1","Uppercut"],"picked":"True Grit+1","floor":45.0},{"not_picked":["Anger","Clothesline"],"picked":"Dual Wield","floor":47.0},{"not_picked":["Clash+1","Blood for Blood"],"picked":"Body Slam+1","floor":47.0},{"not_picked":["Wild Strike","Bloodletting+1","Twin Strike"],"picked":"Singing Bowl","floor":48.0},{"not_picked":["Spot Weakness","Reckless Charge"],"picked":"Shrug It Off","floor":48.0},{"not_picked":["Evolve+1","Sever Soul"],"picked":"Body Slam","floor":55.0}],"player_experience":837502,"relics_obtained":[{"floor":5.0,"key":"Shuriken"},{"floor":7.0,"key":"Charon\u0027s Ashes"},{"floor":9.0,"key":"Pear"},{"floor":13.0,"key":"Pen Nib"},{"floor":20.0,"key":"Bird Faced Urn"},{"floor":20.0,"key":"Mummified Hand"},{"floor":24.0,"key":"Prayer Wheel"},{"floor":26.0,"key":"Whetstone"},{"floor":27.0,"key":"Frozen Egg 2"},{"floor":29.0,"key":"Darkstone Periapt"},{"floor":31.0,"key":"Gremlin Horn"},{"floor":44.0,"key":"Thread and Needle"},{"floor":55.0,"key":"Potion Belt"}],"event_choices":[{"cards_removed":["Shame"],"damage_healed":0.0,"max_hp_gain":0.0,"max_hp_loss":0.0,"gold_gain":0.0,"event_name":"The Cleric","player_choice":"Card Removal","floor":2.0,"gold_loss":75.0,"damage_taken":0.0},{"cards_removed":["Strike_R"],"damage_healed":0.0,"max_hp_gain":0.0,"max_hp_loss":0.0,"gold_gain":0.0,"event_name":"Purifier","player_choice":"Purged","floor":3.0,"gold_loss":0.0,"damage_taken":0.0},{"damage_healed":0.0,"max_hp_gain":0.0,"max_hp_loss":0.0,"gold_gain":0.0,"cards_transformed":["Strike_R"],"event_name":"Transmorgrifier","player_choice":"Transformed","floor":8.0,"gold_loss":0.0,"damage_taken":0.0,"cards_obtained":["Twin Strike"]},{"damage_healed":0.0,"max_hp_gain":0.0,"max_hp_loss":0.0,"gold_gain":0.0,"event_name":"Colosseum","player_choice":"Fight","floor":20.0,"gold_loss":0.0,"damage_taken":0.0},{"damage_healed":0.0,"max_hp_gain":0.0,"max_hp_loss":0.0,"gold_gain":0.0,"event_name":"Colosseum","player_choice":"Fought Nobs","floor":20.0,"gold_loss":0.0,"damage_taken":0.0},{"damage_healed":0.0,"max_hp_gain":0.0,"max_hp_loss":0.0,"gold_gain":0.0,"event_name":"Addict","player_choice":"Obtained Relic","floor":25.0,"gold_loss":85.0,"damage_taken":0.0,"relics_obtained":["Singing Bowl"]},{"damage_healed":0.0,"max_hp_gain":0.0,"max_hp_loss":0.0,"gold_gain":0.0,"event_name":"Upgrade Shrine","player_choice":"Upgraded","floor":37.0,"gold_loss":0.0,"damage_taken":0.0,"cards_upgraded":["Uppercut"]},{"damage_healed":0.0,"max_hp_gain":0.0,"max_hp_loss":0.0,"gold_gain":0.0,"event_name":"SensoryStone","player_choice":"Memory 3","floor":41.0,"gold_loss":0.0,"damage_taken":10.0},{"damage_healed":0.0,"max_hp_gain":0.0,"max_hp_loss":0.0,"gold_gain":0.0,"event_name":"MindBloom","player_choice":"Fight","floor":44.0,"gold_loss":0.0,"damage_taken":0.0}],"is_beta":true,"boss_relics":[{"not_picked":["Fusion Hammer","Ectoplasm"],"picked":"Snecko Eye"},{"not_picked":["Black Blood","Tiny House"],"picked":"Runic Dome"}],"items_purged_floors":[21,36],"is_endless":false,"potions_floor_spawned":[7,11,20,20,27,29,33,39,44,47,48],"ascension_level":20}