{"path_per_floor":["M","?","?","$","M","E","R","M","T","M","M","$","M","E","R","B",null,"M","M","?","M","M","R","E","R","T","$","M","R","?","$","R"],"character_chosen":"DEFECT","items_purchased":["Doom and Gloom","Melter","Electrodynamics"],"gold_per_floor":[112,62,62,62,77,135,135,146,194,206,226,9,26,59,59,163,163,181,195,195,205,221,221,247,247,247,12,26,26,26,26,26,26],"floor_reached":33,"campfire_rested":5,"playtime":1110,"item_purchase_floors":[12,12,27],"current_hp_per_floor":[75,75,75,75,75,75,75,75,75,75,75,75,56,40,62,27,75,72,72,72,57,24,46,10,32,32,32,10,32,32,32,54,0],"items_purged":["Strike_B","Strike_B"],"gold":26,"score":302,"play_id":"c5401ea6-f974-45a2-828f-6c3ba2d7d0fa","local_time":"20180609051110","is_prod":false,"is_daily":false,"chose_seed":false,"is_ascension_mode":false,"campfire_upgraded":1,"win_rate":0.0,"timestamp":1528546270,"campfire_choices":[{"data":"White Noise","floor":7,"key":"SMITH"},{"floor":15,"key":"REST"},{"floor":23,"key":"REST"},{"floor":25,"key":"REST"},{"floor":29,"key":"REST"},{"floor":32,"key":"REST"}],"path_taken":["M","?","?","$","M","E","R","?","T","M","M","$","M","E","R","BOSS","M","M","?","M","M","R","E","R","T","?","M","R","?","$","R","BOSS"],"build_version":"2018-06-07v3","seed_source_timestamp":1486284484399854,"purchased_purges":2,"victory":false,"master_deck":["Strike_B","Strike_B+1","Defend_B","Defend_B","Defend_B","Zap","Dualcast","Redo","Biased Cognition","Zap","White Noise+1","Doom and Gloom+1","Melter","Hyperbeam","Redo","Tempest","Loop","Doom and Gloom+1","Electrodynamics"],"max_hp_per_floor":[75,75,75,75,75,75,75,75,75,75,75,75,75,75,75,75,75,75,75,75,75,75,75,75,75,75,75,75,75,75,75,75,75],"relics":["Cracked Core","NeowsBlessing","Tiny Chest","Anchor","Prayer Wheel","Lizard Tail","Whetstone","Sundial"],"card_choices":[{"not_picked":["Rebound","Tempest"],"picked":"Redo","floor":1},{"not_picked":["Streamline","Conserve Battery","Storm"],"picked":"SKIP","floor":5},{"not_picked":["Sweeping Beam","Conserve Battery"],"picked":"White Noise","floor":6},{"not_picked":["Rebound","Hyperbeam","Genetic Algorithm"],"picked":"SKIP","floor":8},{"not_picked":["Coolheaded","Gash","Steam"],"picked":"SKIP","floor":10},{"not_picked":["Leap","Glacier","Steam"],"picked":"SKIP","floor":11},{"not_picked":["Reprogram","Chill","Coolheaded"],"picked":"SKIP","floor":13},{"not_picked":["Compile Driver","Turbo","Hologram"],"picked":"SKIP","floor":14},{"not_picked":["Thunder Strike","Fission"],"picked":"Hyperbeam","floor":16},{"not_picked":["Leap","Streamline"],"picked":"Redo","floor":18},{"not_picked":["Stack","Consume","Lockon"],"picked":"SKIP","floor":18},{"not_picked":["Aggregate","Auto Shields"],"picked":"Tempest","floor":19},{"not_picked":["Hologram","Self Repair","Beam Cell"],"picked":"SKIP","floor":19},{"not_picked":["Rebound","Sweeping Beam"],"picked":"Loop","floor":21},{"not_picked":["Static Discharge","Aggregate+1","Leap"],"picked":"SKIP","floor":21},{"not_picked":["Chaos","Rebound+1"],"picked":"Doom and Gloom+1","floor":22},{"not_picked":["Coolheaded","Redo","Streamline"],"picked":"SKIP","floor":22},{"not_picked":["Fusion","Reprogram","Consume"],"picked":"SKIP","floor":24},{"not_picked":["Doom and Gloom","Force Field+1","Steam+1"],"picked":"SKIP","floor":28},{"not_picked":["Rebound","Glacier","Thunder Strike"],"picked":"SKIP","floor":28}],"player_experience":163715,"potions_floor_usage":[10,10,14,19,21,24,28],"damage_taken":[{"damage":0,"enemies":"2 Louse","floor":1,"turns":1},{"damage":0,"enemies":"Jaw Worm","floor":5,"turns":1},{"damage":0,"enemies":"3 Sentries","floor":6,"turns":1},{"damage":0,"enemies":"Small Slimes","floor":8,"turns":3},{"damage":0,"enemies":"Red Slaver","floor":10,"turns":2},{"damage":0,"enemies":"Looter","floor":11,"turns":2},{"damage":19,"enemies":"Exordium Thugs","floor":13,"turns":4},{"damage":16,"enemies":"Lagavulin","floor":14,"turns":5},{"damage":35,"enemies":"The Guardian","floor":16,"turns":8},{"damage":3,"enemies":"Chosen","floor":18,"turns":4},{"damage":0,"enemies":"Spheric Guardian","floor":19,"turns":2},{"damage":15,"enemies":"Snecko","floor":21,"turns":3},{"damage":33,"enemies":"Sentry and Sphere","floor":22,"turns":4},{"damage":36,"enemies":"Slavers","floor":24,"turns":3},{"damage":22,"enemies":"Centurion and Healer","floor":28,"turns":4},{"damage":119,"enemies":"Collector","floor":33,"turns":8}],"relics_obtained":[{"floor":6,"key":"Tiny Chest"},{"floor":9,"key":"Anchor"},{"floor":14,"key":"Prayer Wheel"},{"floor":24,"key":"Whetstone"},{"floor":26,"key":"Sundial"}],"event_choices":[{"event_name":"The Cleric","player_choice":"Card Removal","floor":2,"damage_taken":0},{"event_name":"Match and Keep!","player_choice":"2 cards matched","floor":3,"damage_taken":0},{"event_name":"Vampires","player_choice":"Ignored","floor":20,"damage_taken":0},{"event_name":"Addict","player_choice":"Ignored","floor":30,"damage_taken":0}],"boss_relics":[{"not_picked":["Ectoplasm","Astrolabe"],"picked":"Lizard Tail"}],"items_purged_floors":[12,27],"potions_floor_spawned":[6,8,11,16,19,21,24],"seed_played":"5686473872389706731","killed_by":"Collector","ascension_level":0,"potions_obtained":[{"floor":6,"key":"FearPotion"},{"floor":8,"key":"SteroidPotion"},{"floor":11,"key":"EssenceOfSteel"},{"floor":16,"key":"AttackPotion"},{"floor":19,"key":"PowerPotion"},{"floor":21,"key":"Ancient Potion"},{"floor":24,"key":"SteroidPotion"}],"is_trial":false}