{"path_per_floor":["M","?","?","?","?","$","M","M","T","?","?","M","M","M","R","B",null,"M","$","?","?","$","R","E","R","T","M","R","T","?","M","R"],"character_chosen":"THE_SILENT","items_purchased":["Accuracy","Deflect","Oddly Smooth Stone"],"gold_per_floor":[111,111,111,111,111,24,34,49,49,49,49,68,86,100,100,205,205,205,55,55,55,55,55,55,55,55,55,55,55,55,55,55,55],"floor_reached":33,"campfire_rested":2,"playtime":999,"current_hp_per_floor":[70,70,75,75,60,60,60,60,60,60,48,48,48,40,62,9,75,58,58,58,44,44,68,66,66,66,66,66,66,66,60,60,0],"items_purged":[],"gold":55,"score":278,"play_id":"1404ee25-69a5-4a18-a327-7708ceb5dce8","local_time":"20180401062713","is_prod":false,"is_daily":false,"is_ascension_mode":false,"campfire_upgraded":3,"timestamp":1522589233,"path_taken":["M","?","?","?","?","$","M","?","T","?","?","M","M","M","R","BOSS","M","?","?","?","$","R","E","R","T","M","R","?","?","M","R","BOSS"],"build_version":"2018-03-29v2","purchased_purges":0,"victory":false,"master_deck":["Defend_G","Defend_G","Defend_G+1","Defend_G+1","Defend_G","Strike_G","Strike_G","Strike_G","Strike_G","Strike_G","Survivor","Neutralize+1","Flying Knee","Accuracy+1","Deflect","Slice","Cloak And Dagger+1","Flying Knee","After Image+1","Cloak And Dagger+1","Infinite Blades+1"],"max_hp_per_floor":[70,70,75,75,75,75,75,75,75,75,75,75,75,75,75,75,75,75,75,75,80,80,80,87,87,87,87,87,87,87,87,87,87],"relics":["Ring of the Snake","Anchor","Orichalcum","Toxic Egg 2","Ectoplasm","Oddly Smooth Stone","Strawberry","Omamori","Vajra"],"card_choices":[{"not_picked":["Riddle With Holes","Tools of the Trade"],"picked":"Flying Knee","floor":1},{"not_picked":["Deadly Poison","Terror"],"picked":"Slice","floor":7},{"not_picked":["Dodge and Roll","Unload"],"picked":"Cloak And Dagger","floor":12},{"not_picked":["Dodge and Roll","Prepared"],"picked":"Flying Knee","floor":14},{"not_picked":["Envenom","Grand Finale"],"picked":"After Image","floor":16},{"not_picked":["Backflip","Terror"],"picked":"Cloak And Dagger","floor":18},{"not_picked":["Masterful Stab","Dagger Throw"],"picked":"Infinite Blades","floor":31}],"player_experience":88476,"potions_floor_usage":[16,16,33,33,33],"damage_taken":[{"damage":0,"enemies":"Small Slimes","floor":1,"turns":4},{"damage":0,"enemies":"2 Louse","floor":7,"turns":3},{"damage":0,"enemies":"Jaw Worm","floor":8,"turns":5},{"damage":0,"enemies":"3 Louse","floor":12,"turns":4},{"damage":0,"enemies":"Looter","floor":13,"turns":2},{"damage":8,"enemies":"Lots of Slimes","floor":14,"turns":6},{"damage":68,"enemies":"Hexaghost","floor":16,"turns":15},{"damage":17,"enemies":"Spheric Guardian","floor":18,"turns":6},{"damage":9,"enemies":"Book of Stabbing","floor":24,"turns":7},{"damage":0,"enemies":"Shell Parasite","floor":27,"turns":6},{"damage":6,"enemies":"Cultist and Chosen","floor":31,"turns":7},{"damage":70,"enemies":"Collector","floor":33,"turns":7}],"event_choices":[{"event_name":"The Cleric","player_choice":"Leave","floor":2,"damage_taken":0},{"event_name":"Big Fish","player_choice":"Donut","floor":3,"damage_taken":0},{"event_name":"Golden Wing","player_choice":"Ignored","floor":4,"damage_taken":0},{"event_name":"Shining Light","player_choice":"Entered Light","floor":5,"damage_taken":0},{"event_name":"Living Wall","player_choice":"Grow","floor":10,"damage_taken":0},{"event_name":"Scrap Ooze","player_choice":"success","floor":11,"damage_taken":12},{"event_name":"Addict","player_choice":"Ignored","floor":20,"damage_taken":0},{"event_name":"Forgotten Altar","player_choice":"Shed Blood","floor":21,"damage_taken":0},{"event_name":"Drug Dealer","player_choice":"Ignored","floor":30,"damage_taken":0}],"boss_relics":[{"not_picked":["Tiny House","Astrolabe"],"picked":"Ectoplasm"}],"potions_floor_spawned":[1,12,16,18,24],"seed_played":"-1404005612949864869","killed_by":"Collector","ascension_level":0,"is_trial":false}