{"gold_per_floor":[109,126,142,107,123,123,184,184,210,210,244,263,281,281],"floor_reached":14,"playtime":524,"items_purged":[],"score":189,"play_id":"7d3a46cf-71ec-459b-9149-64f7fef623ed","local_time":"20190315062216","is_ascension_mode":true,"campfire_choices":[{"data":"Echo Form","floor":6,"key":"SMITH"},{"data":"White Noise","floor":8,"key":"SMITH"},{"floor":10,"key":"REST"}],"neow_cost":"PERCENT_DAMAGE","seed_source_timestamp":97006086122780,"circlet_count":0,"master_deck":["AscendersBane","Strike_B","Strike_B","Strike_B","Strike_B","Defend_B","Defend_B","Defend_B","Defend_B","Zap","Dualcast","Echo Form+1","Beam Cell","Leap","Coolheaded","Ball Lightning","White Noise+1","Reinforced Body","Loop","Gash"],"relics":["Cracked Core","Tiny Chest","Ancient Tea Set","Happy Flower"],"potions_floor_usage":[12,13],"damage_taken":[{"damage":7,"enemies":"Jaw Worm","floor":1,"turns":3},{"damage":0,"enemies":"2 Louse","floor":2,"turns":2},{"damage":5,"enemies":"Small Slimes","floor":3,"turns":4},{"damage":9,"enemies":"3 Louse","floor":5,"turns":4},{"damage":18,"enemies":"Lagavulin","floor":7,"turns":7},{"damage":32,"enemies":"Gremlin Nob","floor":11,"turns":4},{"damage":3,"enemies":"Exordium Thugs","floor":12,"turns":4},{"damage":7,"enemies":"2 Fungi Beasts","floor":13,"turns":2},{"damage":9,"enemies":"Large Slime","floor":14,"turns":1}],"seed_played":"4389519055538334321","potions_obtained":[{"floor":5,"key":"EssenceOfSteel"},{"floor":11,"key":"Energy Potion"}],"is_trial":false,"path_per_floor":["M","M","M","?","M","R","E","R","T","R","E","M","M","M"],"character_chosen":"DEFECT","items_purchased":[],"campfire_rested":1,"item_purchase_floors":[],"current_hp_per_floor":[39,39,34,51,42,42,24,24,24,45,13,10,3,0],"gold":281,"neow_bonus":"THREE_RARE_CARDS","is_prod":false,"is_daily":false,"chose_seed":false,"campfire_upgraded":2,"win_rate":0,"timestamp":1552645336,"path_taken":["M","M","M","?","M","R","E","R","T","R","E","M","M","M"],"build_version":"2019-02-06","purchased_purges":0,"victory":false,"max_hp_per_floor":[71,71,71,71,71,71,71,71,71,71,71,71,71,71],"card_choices":[{"not_picked":["Meteor Strike","Thunder Strike"],"picked":"Echo Form","floor":0},{"not_picked":["Ball Lightning","Leap"],"picked":"Beam Cell","floor":1},{"not_picked":["Sweeping Beam","Stack"],"picked":"Leap","floor":2},{"not_picked":["Beam Cell","Sweeping Beam"],"picked":"Coolheaded","floor":3},{"not_picked":["Redo","Consume"],"picked":"Ball Lightning","floor":5},{"not_picked":["Hologram","Multi-Cast"],"picked":"White Noise","floor":7},{"not_picked":["Barrage","Rip and Tear"],"picked":"Reinforced Body","floor":11},{"not_picked":["Gash","Rip and Tear"],"picked":"Loop","floor":12},{"not_picked":["Leap","Doom and Gloom"],"picked":"Gash","floor":13}],"player_experience":514381,"relics_obtained":[{"floor":7,"key":"Tiny Chest"},{"floor":9,"key":"Ancient Tea Set"},{"floor":11,"key":"Happy Flower"}],"event_choices":[{"damage_healed":17,"gold_gain":0,"player_choice":"Healed","damage_taken":0,"max_hp_gain":0,"max_hp_loss":0,"event_name":"The Cleric","floor":4,"gold_loss":35}],"is_beta":true,"boss_relics":[],"items_purged_floors":[],"is_endless":false,"potions_floor_spawned":[5,11],"killed_by":"Large Slime","ascension_level":17}