{"path_per_floor":["M","?","?","M","M","R","T","M","T","?","M","R","$","M","R","B",null,"M","M","$","M","M","R","E","R","T","$","M","M"],"character_chosen":"THE_SILENT","items_purchased":["Happy Flower","Ninja Scroll","Strength Potion"],"gold_per_floor":[110,110,110,128,138,138,138,148,220,320,339,339,183,202,202,303,303,243,258,5,23,34,34,59,59,59,7,18,31,31],"floor_reached":30,"campfire_rested":4,"playtime":1353,"current_hp_per_floor":[35,21,14,14,14,35,35,33,33,33,33,54,54,52,52,30,70,63,58,58,43,25,46,23,44,58,58,35,17,0],"items_purged":[],"gold":31,"score":242,"play_id":"1dcf7618-9bf5-4b69-b5ae-f87dc92300de","local_time":"20180402234039","is_prod":false,"is_daily":false,"is_ascension_mode":false,"campfire_upgraded":1,"timestamp":1522737639,"path_taken":["M","?","?","M","?","R","?","M","T","?","M","R","$","M","R","BOSS","M","?","$","M","M","R","E","R","T","$","M","M","M"],"build_version":"2018-03-29v2","purchased_purges":0,"victory":false,"master_deck":["Defend_G","Defend_G+1","Defend_G+1","Defend_G","Defend_G+1","Strike_G","Strike_G","Strike_G","Strike_G","Strike_G","Survivor+1","Neutralize","Poisoned Stab","Bouncing Flask+1","Poisoned Stab+1","Poisoned Stab","Deadly Poison"],"max_hp_per_floor":[70,70,70,70,70,70,70,70,70,70,70,70,70,70,70,70,70,70,70,70,70,70,70,70,70,84,84,84,84,84],"relics":["Ring of the Snake","Sundial","Vajra","Matryoshka","Happy Flower","Lizard Tail","Ninja Scroll","Question Card","War Paint","Mango"],"card_choices":[{"not_picked":["Dagger Spray","Prepared"],"picked":"Poisoned Stab","floor":1},{"not_picked":["Cloak And Dagger","Backflip"],"picked":"Poisoned Stab","floor":5},{"not_picked":["Backstab","Crippling Poison"],"picked":"Bouncing Flask","floor":8},{"not_picked":["Dagger Throw","Deflect"],"picked":"Poisoned Stab","floor":19},{"not_picked":["Footwork","Venomology","Dash"],"picked":"Poisoned Stab","floor":28},{"not_picked":["Noxious Fumes","Dagger Throw","Bane"],"picked":"Deadly Poison","floor":29}],"player_experience":114314,"potions_floor_usage":[16,21,21,24,28,29],"damage_taken":[{"damage":0,"enemies":"Cultist","floor":1,"turns":4},{"damage":0,"enemies":"Jaw Worm","floor":4,"turns":5},{"damage":0,"enemies":"2 Louse","floor":5,"turns":3},{"damage":2,"enemies":"Large Slime","floor":8,"turns":8},{"damage":0,"enemies":"Looter","floor":11,"turns":3},{"damage":2,"enemies":"Exordium Thugs","floor":14,"turns":5},{"damage":22,"enemies":"Hexaghost","floor":16,"turns":7},{"damage":7,"enemies":"2 Thieves","floor":18,"turns":4},{"damage":5,"enemies":"Spheric Guardian","floor":19,"turns":4},{"damage":15,"enemies":"Slaver and Parasite","floor":21,"turns":8},{"damage":18,"enemies":"Centurion and Healer","floor":22,"turns":7},{"damage":60,"enemies":"Gremlin Leader","floor":24,"turns":9},{"damage":32,"enemies":"3 Cultists","floor":28,"turns":6},{"damage":18,"enemies":"Chosen and Byrds","floor":29,"turns":5},{"damage":21,"enemies":"Snake Plant","floor":30,"turns":2}],"event_choices":[{"event_name":"Shining Light","player_choice":"Entered Light","floor":2,"damage_taken":0},{"event_name":"Golden Wing","player_choice":"Card Removal","floor":3,"damage_taken":0},{"event_name":"Golden Shrine","player_choice":"Pray","floor":10,"damage_taken":0}],"boss_relics":[{"not_picked":["Tiny House","Astrolabe"],"picked":"Lizard Tail"}],"potions_floor_spawned":[8,16,19,22,24,28],"seed_played":"-6082977039814426864","killed_by":"Snake Plant","ascension_level":0,"is_trial":false}