{"gold_per_floor":[112,37,49,199,40,40,115,127,127,127,147,29,29,49,49,125,125,135,135,153,203,118,153,153,28,51,64,94,94,114,145,145,216,216,235,250,86,86,186,216,161,195,265,292,305,305,359,359,359,359,359,359,359,49,78,78],"floor_reached":57,"playtime":5105,"items_purged":["Doubt","Clumsy"],"score":2943,"play_id":"b4a170ca-c289-44cc-b23e-10b075dc17f5","local_time":"20190313000700","is_ascension_mode":true,"campfire_choices":[{"data":"Bash","floor":6.0,"key":"SMITH"},{"data":"Carnage","floor":10.0,"key":"SMITH"},{"data":"Dropkick","floor":13.0,"key":"SMITH"},{"data":"Flame Barrier","floor":15.0,"key":"SMITH"},{"data":"Demon Form","floor":24.0,"key":"SMITH"},{"data":"Disarm","floor":29.0,"key":"SMITH"},{"data":"Power Through","floor":32.0,"key":"SMITH"},{"floor":49.0,"key":"RECALL"},{"data":"Armaments","floor":53.0,"key":"SMITH"}],"neow_cost":"TEN_PERCENT_HP_LOSS","seed_source_timestamp":0,"circlet_count":0,"master_deck":["AscendersBane","Strike_R","Defend_R","Defend_R","Defend_R","Bash+1","Feel No Pain","Carnage+1","Corruption","Dropkick+1","Flame Barrier+1","Demon Form+1","Disarm+1","Blood for Blood","Sever Soul","Dropkick","Power Through+1","Evolve","Thunderclap+1","Spot Weakness","Reaper","Pummel","Dark Shackles","PanicButton","Magnetism","Shrug It Off","Uppercut","Flame Barrier+1","Armaments+1","Spot Weakness","Limit Break"],"special_seed":0,"relics":["Burning Blood","Ginger","Snecko Eye","FossilizedHelix","Pen Nib","Boot","PreservedInsect","Cursed Key","Lantern","Gambling Chip","Incense Burner","Happy Flower","Self Forming Clay","Centennial Puzzle","Blood Vial","Strawberry","Anchor"],"potions_floor_usage":[56],"damage_taken":[{"damage":4.0,"enemies":"2 Louse","floor":1.0,"turns":5.0},{"damage":7.0,"enemies":"Small Slimes","floor":3.0,"turns":4.0},{"damage":9.0,"enemies":"Jaw Worm","floor":8.0,"turns":4.0},{"damage":8.0,"enemies":"Looter","floor":11.0,"turns":3.0},{"damage":25.0,"enemies":"3 Louse","floor":14.0,"turns":3.0},{"damage":29.0,"enemies":"The Guardian","floor":16.0,"turns":10.0},{"damage":9.0,"enemies":"Shell Parasite","floor":18.0,"turns":4.0},{"damage":0.0,"enemies":"Chosen","floor":20.0,"turns":2.0},{"damage":11.0,"enemies":"Gremlin Leader","floor":23.0,"turns":5.0},{"damage":0.0,"enemies":"Centurion and Healer","floor":27.0,"turns":5.0},{"damage":0.0,"enemies":"Book of Stabbing","floor":28.0,"turns":3.0},{"damage":8.0,"enemies":"Snake Plant","floor":30.0,"turns":3.0},{"damage":10.0,"enemies":"Gremlin Leader","floor":31.0,"turns":4.0},{"damage":1.0,"enemies":"Champ","floor":33.0,"turns":6.0},{"damage":0.0,"enemies":"3 Shapes","floor":35.0,"turns":5.0},{"damage":34.0,"enemies":"3 Darklings","floor":36.0,"turns":6.0},{"damage":0.0,"enemies":"Mind Bloom Boss Battle","floor":39.0,"turns":5.0},{"damage":0.0,"enemies":"Nemesis","floor":40.0,"turns":5.0},{"damage":0.0,"enemies":"Giant Head","floor":42.0,"turns":4.0},{"damage":0.0,"enemies":"Reptomancer","floor":44.0,"turns":4.0},{"damage":29.0,"enemies":"Jaw Worm Horde","floor":45.0,"turns":4.0},{"damage":25.0,"enemies":"Donu and Deca","floor":50.0,"turns":8.0},{"damage":13.0,"enemies":"Time Eater","floor":51.0,"turns":9.0},{"damage":1.0,"enemies":"Shield and Spear","floor":55.0,"turns":5.0},{"damage":4,"enemies":"The Heart","floor":56,"turns":9}],"seed_played":"-1248149520234277490","potions_obtained":[{"floor":1.0,"key":"Ancient Potion"},{"floor":16.0,"key":"SkillPotion"},{"floor":27.0,"key":"Strength Potion"},{"floor":30.0,"key":"LiquidBronze"},{"floor":33.0,"key":"Dexterity Potion"},{"floor":44.0,"key":"SneckoOil"}],"is_trial":false,"path_per_floor":["M","?","M","?","$","R","?","M","T","R","M","$","R","M","R","B",null,"M","?","M","?","?","E","R","$","T","M","E","R","M","E","R","B",null,"M","M","$","?","?","E","$","E","T","E","M","?","T","?","R","B","B",null,"R","$","E","B",null],"character_chosen":"IRONCLAD","items_purchased":["Feel No Pain","Corruption","Dropkick","Power Through","Evolve","Lantern","Shrug It Off","Strawberry","Spot Weakness"],"campfire_rested":0,"item_purchase_floors":[5,12,12,25,25,37,41,54,54],"current_hp_per_floor":[68,68,67,67,67,67,56,53,53,53,51,51,51,32,32,9,53,50,50,56,56,56,51,51,51,51,57,63,63,61,57,57,62,67,68,68,68,58,68,68,68,68,68,68,68,68,68,68,68,68,68,68,68,75,75,75],"gold":78,"neow_bonus":"REMOVE_TWO","is_prod":false,"is_daily":false,"chose_seed":false,"campfire_upgraded":8,"win_rate":0,"timestamp":1552450020,"path_taken":["M","?","M","?","$","R","?","M","T","R","M","$","R","M","R","BOSS","M","?","M","?","?","E","R","$","T","M","E","R","M","E","R","BOSS","M","M","$","?","?","E","?","E","T","E","M","?","?","?","R","BOSS","BOSS","R","$","E","BOSS"],"build_version":"2019-01-23","purchased_purges":2,"victory":true,"max_hp_per_floor":[68,68,68,68,68,68,68,68,68,68,68,68,68,68,68,68,68,68,68,68,68,68,68,68,68,68,68,68,68,68,68,68,68,68,68,68,68,68,68,68,68,68,68,68,68,68,68,68,68,68,68,68,68,75,75,75],"card_choices":[{"not_picked":["Ghostly Armor","Sentinel","Twin Strike"],"picked":"SKIP","floor":1.0},{"not_picked":["Cleave","Clash","Flame Barrier"],"picked":"SKIP","floor":3.0},{"not_picked":["Pommel Strike","Combust"],"picked":"Carnage","floor":8.0},{"not_picked":["Wild Strike","Second Wind","Power Through"],"picked":"SKIP","floor":11.0},{"not_picked":["Warcry","Searing Blow"],"picked":"Flame Barrier","floor":14.0},{"not_picked":["Berserk","Bludgeon"],"picked":"Demon Form","floor":16.0},{"not_picked":["Iron Wave","Twin Strike+1"],"picked":"Disarm","floor":18.0},{"not_picked":["Sword Boomerang","Wild Strike"],"picked":"Dropkick","floor":20.0},{"not_picked":["Hemokinesis","Havoc"],"picked":"Headbutt","floor":23.0},{"not_picked":["Flex","Clash"],"picked":"Thunderclap+1","floor":27.0},{"not_picked":["Warcry","Cleave","Clash+1"],"picked":"SKIP","floor":28.0},{"not_picked":["Seeing Red","Twin Strike"],"picked":"Spot Weakness","floor":30.0},{"not_picked":["Brutality","Havoc","Twin Strike"],"picked":"SKIP","floor":31.0},{"not_picked":["Offering","Feed"],"picked":"Reaper","floor":33.0},{"not_picked":["Body Slam","Anger","Clash"],"picked":"SKIP","floor":35.0},{"not_picked":["Body Slam","Anger","Clash"],"picked":"SKIP","floor":35.0},{"not_picked":["Headbutt","Shockwave"],"picked":"Pummel","floor":36.0},{"not_picked":["Deep Breath","Panache"],"picked":"Dark Shackles","floor":38.0},{"not_picked":["Magnetism","Panacea"],"picked":"PanicButton","floor":38.0},{"not_picked":["Impatience","The Bomb"],"picked":"Magnetism","floor":38.0},{"not_picked":["Second Wind","Anger","Thunderclap"],"picked":"SKIP","floor":40.0},{"not_picked":["Clash+1","Hemokinesis"],"picked":"Uppercut","floor":42.0},{"not_picked":["Cleave","Body Slam"],"picked":"Flame Barrier+1","floor":44.0},{"not_picked":["Juggernaut","Headbutt+1"],"picked":"Armaments","floor":45.0},{"not_picked":["Second Wind+1","Entrench"],"picked":"Limit Break","floor":55.0}],"player_experience":615069,"relics_obtained":[{"floor":9.0,"key":"Ginger"},{"floor":23.0,"key":"Pen Nib"},{"floor":28.0,"key":"Boot"},{"floor":31.0,"key":"PreservedInsect"},{"floor":39.0,"key":"Gambling Chip"},{"floor":40.0,"key":"Incense Burner"},{"floor":42.0,"key":"Happy Flower"},{"floor":43.0,"key":"Self Forming Clay"},{"floor":44.0,"key":"Centennial Puzzle"},{"floor":47.0,"key":"Blood Vial"},{"floor":55.0,"key":"Anchor"}],"event_choices":[{"cards_removed":["Defend_R"],"damage_healed":0.0,"max_hp_gain":0.0,"max_hp_loss":0.0,"gold_gain":0.0,"event_name":"The Cleric","player_choice":"Card Removal","floor":2.0,"gold_loss":75.0,"damage_taken":0.0},{"damage_healed":0.0,"max_hp_gain":0.0,"max_hp_loss":0.0,"gold_gain":150.0,"event_name":"Liars Game","player_choice":"AGREE","floor":4.0,"gold_loss":0.0,"damage_taken":0.0,"cards_obtained":["Doubt"]},{"damage_healed":0.0,"max_hp_gain":0.0,"max_hp_loss":0.0,"gold_gain":75.0,"event_name":"World of Goop","player_choice":"Gather Gold","floor":7.0,"gold_loss":0.0,"damage_taken":11.0},{"damage_healed":0.0,"max_hp_gain":0.0,"max_hp_loss":0.0,"gold_gain":0.0,"cards_transformed":["Strike_R","Strike_R"],"event_name":"Drug Dealer","player_choice":"Became Test Subject","floor":19.0,"gold_loss":0.0,"damage_taken":0.0,"cards_obtained":["Blood for Blood","Sever Soul"]},{"damage_healed":0.0,"max_hp_gain":0.0,"max_hp_loss":0.0,"gold_gain":50.0,"event_name":"Nest","player_choice":"Stole From Cult","floor":21.0,"gold_loss":0.0,"damage_taken":0.0},{"damage_healed":0.0,"max_hp_gain":0.0,"max_hp_loss":0.0,"gold_gain":0.0,"event_name":"Addict","player_choice":"Obtained Relic","floor":22.0,"gold_loss":85.0,"damage_taken":0.0,"relics_obtained":["FossilizedHelix"]},{"damage_healed":0.0,"max_hp_gain":0.0,"max_hp_loss":0.0,"gold_gain":0.0,"event_name":"SensoryStone","player_choice":"Memory 3","floor":38.0,"gold_loss":0.0,"damage_taken":10.0},{"damage_healed":0.0,"max_hp_gain":0.0,"max_hp_loss":0.0,"gold_gain":0.0,"event_name":"MindBloom","player_choice":"Fight","floor":39.0,"gold_loss":0.0,"damage_taken":0.0},{"cards_removed":["Headbutt"],"damage_healed":0.0,"max_hp_gain":0.0,"max_hp_loss":0.0,"gold_gain":0.0,"event_name":"Falling","player_choice":"Removed Attack","floor":46.0,"gold_loss":0.0,"damage_taken":0.0},{"cards_removed":["Writhe"],"damage_healed":0.0,"max_hp_gain":0.0,"max_hp_loss":0.0,"gold_gain":0.0,"event_name":"Purifier","player_choice":"Purged","floor":48.0,"gold_loss":0.0,"damage_taken":0.0}],"is_beta":false,"boss_relics":[{"not_picked":["Orrery","Eternal Feather"],"picked":"Snecko Eye"},{"not_picked":["Tiny House","Velvet Choker"],"picked":"Cursed Key"}],"items_purged_floors":[5,54],"is_endless":false,"potions_floor_spawned":[1,16,27,30,31,33,35,44,45],"ascension_level":20}