{"gold_per_floor":[113,113,138,160,172,184,196,208,246,286,298,329,341,380,392,477,489,429,429,429,429,429,429,429,429,429,11,11,11,11],"floor_reached":30,"playtime":1160,"items_purged":["Regret"],"score":456,"play_id":"f6d4579b-d2e6-4653-99a6-9b16012cdc08","local_time":"20190301093409","is_ascension_mode":true,"campfire_choices":[{"data":"Bash","floor":6,"key":"SMITH"},{"data":"Twin Strike","floor":8,"key":"SMITH"},{"floor":11,"key":"REST"},{"data":"Flame Barrier","floor":13,"key":"SMITH"},{"floor":15,"key":"REST"},{"data":"Evolve","floor":23,"key":"SMITH"},{"data":"True Grit","floor":25,"key":"SMITH"}],"neow_cost":"NONE","seed_source_timestamp":562856915978091,"circlet_count":0,"master_deck":["AscendersBane","Strike_R","Strike_R","Strike_R","Strike_R+1","Strike_R","Defend_R","Defend_R+1","Defend_R+1","Defend_R","Bash+1","Twin Strike+1","Shrug It Off","Shrug It Off+1","Battle Trance","Shrug It Off","Flame Barrier+1","Shockwave","Offering","Evolve+1","Thunderclap","Perfected Strike","Inflame","True Grit+1","Body Slam+1"],"relics":["Burning Blood","MawBank","War Paint","Odd Mushroom","Happy Flower","Ectoplasm","Shuriken","Nunchaku","Torii","Gremlin Horn"],"potions_floor_usage":[16,18,29,30],"damage_taken":[{"damage":1,"enemies":"2 Louse","floor":1,"turns":2},{"damage":10,"enemies":"Small Slimes","floor":3,"turns":5},{"damage":10,"enemies":"Jaw Worm","floor":4,"turns":4},{"damage":30,"enemies":"The Mushroom Lair","floor":10,"turns":6},{"damage":6,"enemies":"3 Louse","floor":12,"turns":6},{"damage":33,"enemies":"Lagavulin","floor":14,"turns":8},{"damage":47,"enemies":"The Guardian","floor":16,"turns":16},{"damage":16,"enemies":"2 Thieves","floor":18,"turns":4},{"damage":5,"enemies":"3 Byrds","floor":19,"turns":6},{"damage":23,"enemies":"Cultist and Chosen","floor":21,"turns":6},{"damage":11,"enemies":"Snake Plant","floor":24,"turns":3},{"damage":4,"enemies":"Centurion and Healer","floor":28,"turns":6},{"damage":15,"enemies":"Colosseum Slavers","floor":29,"turns":3},{"damage":0,"enemies":"Colosseum Nobs","floor":29,"turns":4},{"damage":35,"enemies":"Slavers","floor":30,"turns":3}],"seed_played":"-25034754597145607","potions_obtained":[{"floor":12,"key":"Regen Potion"},{"floor":14,"key":"FearPotion"},{"floor":16,"key":"Dexterity Potion"},{"floor":18,"key":"SteroidPotion"}],"is_trial":false,"path_per_floor":["M","?","M","M","?","R","$","R","T","?","R","M","R","E","R","B",null,"M","M","?","M","?","R","M","R","T","$","M","?","E"],"character_chosen":"IRONCLAD","items_purchased":["Nunchaku"],"campfire_rested":2,"item_purchase_floors":[27],"current_hp_per_floor":[73,73,69,65,42,42,42,42,42,18,40,40,40,13,35,9,59,49,50,50,33,33,33,28,28,28,28,30,27,0],"gold":11,"neow_bonus":"THREE_CARDS","is_prod":false,"is_daily":false,"chose_seed":false,"campfire_upgraded":5,"win_rate":0,"timestamp":1551450849,"path_taken":["M","?","M","M","?","R","$","R","T","?","R","M","R","E","R","BOSS","M","M","?","?","?","R","M","R","T","$","M","?","E"],"build_version":"2019-02-06","purchased_purges":1,"victory":false,"max_hp_per_floor":[75,75,75,75,75,75,75,75,75,75,75,75,75,75,75,75,75,75,75,75,75,75,75,75,75,75,75,75,75,75],"card_choices":[{"not_picked":["Body Slam","Havoc"],"picked":"Twin Strike","floor":0},{"not_picked":["Warcry","Body Slam"],"picked":"Shrug It Off","floor":1},{"not_picked":["Clash","Heavy Blade"],"picked":"Shrug It Off","floor":3},{"not_picked":["Feel No Pain","Berserk"],"picked":"Battle Trance","floor":4},{"not_picked":["Heavy Blade","Entrench"],"picked":"Shrug It Off","floor":10},{"not_picked":["Power Through","Havoc"],"picked":"Flame Barrier","floor":12},{"not_picked":["Power Through","Thunderclap"],"picked":"Shockwave","floor":14},{"not_picked":["Berserk","Dark Embrace"],"picked":"Offering","floor":16},{"not_picked":["Armaments","Clash"],"picked":"Evolve","floor":18},{"not_picked":["Havoc","Blood for Blood"],"picked":"Thunderclap","floor":19},{"not_picked":["Headbutt","Cleave"],"picked":"Perfected Strike","floor":21},{"not_picked":["Flex","Seeing Red"],"picked":"True Grit","floor":24},{"not_picked":["True Grit","Shockwave","Armaments"],"picked":"SKIP","floor":28},{"not_picked":["Seeing Red+1","Anger"],"picked":"Body Slam+1","floor":29}],"player_experience":1018524,"relics_obtained":[{"floor":9,"key":"War Paint"},{"floor":10,"key":"Odd Mushroom"},{"floor":14,"key":"Happy Flower"},{"floor":26,"key":"Shuriken"},{"floor":29,"key":"Torii"},{"floor":29,"key":"Gremlin Horn"}],"event_choices":[{"damage_healed":0,"gold_gain":0,"player_choice":"Box","damage_taken":0,"relics_obtained":["MawBank"],"max_hp_gain":0,"max_hp_loss":0,"event_name":"Big Fish","floor":2,"gold_loss":0,"cards_obtained":["Regret"]},{"damage_healed":0,"gold_gain":0,"player_choice":"Entered Light","damage_taken":23,"max_hp_gain":0,"max_hp_loss":0,"event_name":"Shining Light","floor":5,"gold_loss":0,"cards_upgraded":["Defend_R","Strike_R"]},{"damage_healed":0,"gold_gain":0,"player_choice":"Fought Mushrooms","damage_taken":0,"max_hp_gain":0,"max_hp_loss":0,"event_name":"Mushrooms","floor":10,"gold_loss":0},{"damage_healed":0,"gold_gain":0,"player_choice":"Ignored","damage_taken":0,"max_hp_gain":0,"max_hp_loss":0,"event_name":"Golden Shrine","floor":20,"gold_loss":0},{"damage_healed":0,"gold_gain":0,"player_choice":"Read","damage_taken":0,"max_hp_gain":0,"max_hp_loss":0,"event_name":"The Library","floor":22,"gold_loss":0,"cards_obtained":["Inflame"]},{"damage_healed":0,"gold_gain":0,"player_choice":"Fight","damage_taken":0,"max_hp_gain":0,"max_hp_loss":0,"event_name":"Colosseum","floor":29,"gold_loss":0},{"damage_healed":0,"gold_gain":0,"player_choice":"Fought Nobs","damage_taken":0,"max_hp_gain":0,"max_hp_loss":0,"event_name":"Colosseum","floor":29,"gold_loss":0}],"is_beta":true,"boss_relics":[{"not_picked":["White Beast Statue","Mark of Pain"],"picked":"Ectoplasm"}],"items_purged_floors":[27],"is_endless":false,"potions_floor_spawned":[12,14,16,18,29],"killed_by":"Slavers","ascension_level":20}