{"gold_per_floor":[109,128,128,128,149,149,189,189,216,235,259,59,82,107,107,200,200,215,239,239],"floor_reached":20,"playtime":1095,"items_purged":[],"score":433,"play_id":"5e44919d-6f9a-49c9-9f21-cd5e92d02f1e","local_time":"20190316081709","is_ascension_mode":true,"campfire_choices":[{"data":"Quick Slash","floor":6,"key":"SMITH"},{"floor":8,"key":"REST"},{"floor":15,"key":"REST"}],"neow_cost":"NONE","seed_source_timestamp":189724943026032,"circlet_count":0,"master_deck":["AscendersBane","Defend_G","Defend_G","Defend_G","Defend_G","Defend_G","Strike_G","Strike_G","Strike_G","Strike_G+1","Strike_G","Survivor+1","Neutralize","Poisoned Stab","Poisoned Stab","Quick Slash+1","Cloak And Dagger","Underhanded Strike","Cloak And Dagger","Catalyst","Poisoned Stab","PiercingWail","Eviscerate","Catalyst","Tools of the Trade","Noxious Fumes","Acrobatics"],"relics":["Snecko Eye","Golden Idol","Smiling Mask","Snake Skull","HoveringKite"],"potions_floor_usage":[7,16,16,19],"damage_taken":[{"damage":1,"enemies":"Small Slimes","floor":1,"turns":4},{"damage":4,"enemies":"Jaw Worm","floor":2,"turns":3},{"damage":0,"enemies":"2 Louse","floor":5,"turns":3},{"damage":27,"enemies":"Lagavulin","floor":7,"turns":7},{"damage":3,"enemies":"Blue Slaver","floor":10,"turns":2},{"damage":6,"enemies":"Looter","floor":11,"turns":2},{"damage":5,"enemies":"3 Louse","floor":13,"turns":4},{"damage":2,"enemies":"Blue Slaver","floor":14,"turns":3},{"damage":0,"enemies":"Slime Boss","floor":16,"turns":7},{"damage":19,"enemies":"3 Byrds","floor":18,"turns":5},{"damage":18,"enemies":"2 Thieves","floor":19,"turns":4},{"damage":16,"enemies":"Snake Plant","floor":20,"turns":2}],"seed_played":"-986455414669894776","potions_obtained":[{"floor":1,"key":"Fire Potion"},{"floor":7,"key":"Swift Potion"},{"floor":14,"key":"Strength Potion"},{"floor":16,"key":"Ancient Potion"},{"floor":18,"key":"AttackPotion"}],"is_trial":false,"path_per_floor":["M","M","?","?","M","R","E","R","T","M","M","$","M","M","R","B",null,"M","M","M"],"character_chosen":"THE_SILENT","items_purchased":["Catalyst","Poisoned Stab","PiercingWail"],"campfire_rested":2,"item_purchase_floors":[12,12,12],"current_hp_per_floor":[58,54,34,34,34,34,7,25,25,22,16,16,11,9,27,27,52,33,15,0],"gold":239,"neow_bonus":"BOSS_RELIC","is_prod":false,"is_daily":false,"chose_seed":false,"campfire_upgraded":1,"win_rate":0,"timestamp":1552738629,"path_taken":["M","M","?","?","M","R","E","R","T","M","M","$","M","M","R","BOSS","M","M","M"],"build_version":"2019-03-15","purchased_purges":0,"victory":false,"max_hp_per_floor":[66,66,66,60,60,60,60,60,60,60,60,60,60,60,60,60,60,60,60,60],"card_choices":[{"not_picked":["Reflex","Blur"],"picked":"Poisoned Stab","floor":1},{"not_picked":["Slice","Finisher"],"picked":"Poisoned Stab","floor":2},{"not_picked":["Deflect","Accuracy"],"picked":"Quick Slash","floor":5},{"not_picked":["Infinite Blades","Dagger Spray"],"picked":"Cloak And Dagger","floor":7},{"not_picked":["Deflect","Sucker Punch"],"picked":"Underhanded Strike","floor":10},{"not_picked":["Quick Slash","Tactician"],"picked":"Cloak And Dagger","floor":11},{"not_picked":["Underhanded Strike","Cloak And Dagger"],"picked":"Eviscerate","floor":13},{"not_picked":["Backflip","Cloak And Dagger"],"picked":"Catalyst","floor":14},{"not_picked":["Malaise","Unload"],"picked":"Tools of the Trade","floor":16},{"not_picked":["Quick Slash+1","PiercingWail"],"picked":"Noxious Fumes","floor":18},{"not_picked":["Prepared","Cloak And Dagger+1"],"picked":"Acrobatics","floor":19}],"player_experience":522126,"relics_obtained":[{"floor":7,"key":"Smiling Mask"},{"floor":9,"key":"Snake Skull"}],"event_choices":[{"damage_healed":0,"gold_gain":0,"player_choice":"Entered Light","damage_taken":20,"max_hp_gain":0,"max_hp_loss":0,"event_name":"Shining Light","floor":3,"gold_loss":0,"cards_upgraded":["Survivor","Strike_G"]},{"damage_healed":0,"gold_gain":0,"player_choice":"Lose Max HP","damage_taken":0,"relics_obtained":["Golden Idol"],"max_hp_gain":0,"max_hp_loss":6,"event_name":"Golden Idol","floor":4,"gold_loss":0}],"is_beta":true,"boss_relics":[{"not_picked":["Tiny House","Ectoplasm"],"picked":"HoveringKite"}],"items_purged_floors":[],"is_endless":false,"potions_floor_spawned":[1,7,14,16,18],"killed_by":"Snake Plant","ascension_level":18}