{"gold_per_floor":[116,116,130,143,173,173,201,214,240,240,240,256,290,305,305,305],"floor_reached":16,"playtime":558,"items_purged":[],"score":224,"play_id":"c4860ff2-7327-44a8-b1dd-64ed5f7edeba","local_time":"20190224115529","is_ascension_mode":true,"campfire_choices":[{"data":"Bash","floor":6,"key":"SMITH"},{"floor":11,"key":"REST"},{"data":"Armaments","floor":15,"key":"SMITH"}],"neow_cost":"NONE","seed_source_timestamp":139946519947311,"circlet_count":0,"master_deck":["AscendersBane","Strike_R","Strike_R+1","Strike_R","Strike_R+1","Strike_R","Defend_R","Defend_R","Defend_R","Defend_R","Bash+1","Iron Wave","Cleave","Iron Wave","Juggernaut","True Grit","Battle Trance","Armaments+1"],"relics":["Burning Blood","Tiny Chest","Bag of Preparation","Lantern","Paper Frog","Girya"],"potions_floor_usage":[7,8,16],"damage_taken":[{"damage":9,"enemies":"Jaw Worm","floor":1,"turns":4},{"damage":8,"enemies":"2 Louse","floor":3,"turns":2},{"damage":10,"enemies":"Small Slimes","floor":4,"turns":3},{"damage":20,"enemies":"3 Sentries","floor":7,"turns":10},{"damage":6,"enemies":"Exordium Thugs","floor":8,"turns":4},{"damage":3,"enemies":"3 Louse","floor":12,"turns":6},{"damage":32,"enemies":"Lagavulin","floor":13,"turns":6},{"damage":12,"enemies":"Large Slime","floor":14,"turns":4},{"damage":2,"enemies":"Slime Boss","floor":16,"turns":6}],"seed_played":"-2045300143405932637","potions_obtained":[{"floor":3,"key":"SpeedPotion"},{"floor":7,"key":"SkillPotion"},{"floor":14,"key":"SteroidPotion"}],"is_trial":false,"path_per_floor":["M","?","M","M","?","R","E","M","T","T","R","M","E","M","R","B"],"character_chosen":"IRONCLAD","items_purchased":[],"campfire_rested":1,"item_purchase_floors":[],"current_hp_per_floor":[72,47,45,41,30,30,16,16,16,16,40,43,17,11,11,9],"gold":305,"neow_bonus":"TEN_PERCENT_HP_BONUS","is_prod":false,"is_daily":false,"chose_seed":false,"campfire_upgraded":2,"win_rate":0,"timestamp":1551027329,"path_taken":["M","?","M","M","?","R","E","M","T","?","R","M","E","M","R","BOSS"],"build_version":"2019-02-06","purchased_purges":0,"victory":false,"max_hp_per_floor":[82,82,82,82,82,82,82,82,82,82,82,82,82,82,82,82],"card_choices":[{"not_picked":["Dual Wield","Flex"],"picked":"Iron Wave","floor":1},{"not_picked":["Carnage","True Grit"],"picked":"Cleave","floor":3},{"not_picked":["Warcry","Sentinel"],"picked":"Iron Wave","floor":4},{"not_picked":["Flex","Double Tap"],"picked":"Juggernaut","floor":7},{"not_picked":["Warcry","Cleave"],"picked":"True Grit","floor":8},{"not_picked":["Flex","Headbutt","Pommel Strike"],"picked":"SKIP","floor":12},{"not_picked":["Havoc","Ghostly Armor"],"picked":"Battle Trance","floor":13},{"not_picked":["True Grit","Thunderclap"],"picked":"Armaments","floor":14}],"player_experience":994636,"relics_obtained":[{"floor":7,"key":"Bag of Preparation"},{"floor":9,"key":"Lantern"},{"floor":10,"key":"Paper Frog"},{"floor":13,"key":"Girya"}],"event_choices":[{"damage_healed":0,"gold_gain":0,"player_choice":"Entered Light","damage_taken":25,"max_hp_gain":0,"max_hp_loss":0,"event_name":"Shining Light","floor":2,"gold_loss":0,"cards_upgraded":["Strike_R","Strike_R"]},{"damage_healed":0,"gold_gain":0,"player_choice":"Success","damage_taken":11,"relics_obtained":["Tiny Chest"],"max_hp_gain":0,"max_hp_loss":0,"event_name":"Scrap Ooze","floor":5,"gold_loss":0}],"is_beta":true,"boss_relics":[],"items_purged_floors":[],"is_endless":false,"potions_floor_spawned":[3,7,14],"killed_by":"Slime Boss","ascension_level":20}