{"gold_per_floor":[118,137,137,153,123,123,123,167,194,215,290,290,306,277,277,277],"floor_reached":16,"playtime":455,"items_purged":[],"score":200,"play_id":"337cf1b7-3c30-4ddf-a007-e58505fe66c4","local_time":"20190218125850","is_ascension_mode":true,"campfire_choices":[{"data":"True Grit","floor":6.0,"key":"SMITH"},{"data":"Armaments","floor":15,"key":"SMITH"}],"neow_cost":"NONE","seed_source_timestamp":415143957445634,"circlet_count":0,"master_deck":["AscendersBane","Strike_R","Strike_R","Strike_R","Strike_R","Strike_R","Defend_R","Defend_R","Defend_R","Defend_R","Bash","Headbutt","True Grit+1","Impervious","True Grit","Shockwave","Armaments+1"],"special_seed":0,"relics":["Burning Blood","Happy Flower","Juzu Bracelet","Golden Idol","Lantern"],"potions_floor_usage":[16,16],"damage_taken":[{"damage":3.0,"enemies":"Small Slimes","floor":1.0,"turns":4.0},{"damage":0.0,"enemies":"Cultist","floor":2.0,"turns":3.0},{"damage":4.0,"enemies":"2 Louse","floor":4.0,"turns":4.0},{"damage":32,"enemies":"Gremlin Nob","floor":8,"turns":4},{"damage":9,"enemies":"2 Fungi Beasts","floor":10,"turns":4},{"damage":0,"enemies":"Red Slaver","floor":13,"turns":6},{"damage":23,"enemies":"Slime Boss","floor":16,"turns":8}],"seed_played":"-2784358265203493132","potions_obtained":[{"floor":5.0,"key":"GamblersBrew"},{"floor":5.0,"key":"EssenceOfSteel"},{"floor":8,"key":"Weak Potion"}],"is_trial":false,"path_per_floor":["M","M","?","M","?","R","?","E","T","M","?","?","M","$","R","B"],"character_chosen":"IRONCLAD","items_purchased":["Armaments"],"campfire_rested":0,"item_purchase_floors":[14],"current_hp_per_floor":[71,75,75,75,75,75,49,23,23,20,9,4,10,10,10,0],"gold":277,"neow_bonus":"RANDOM_COMMON_RELIC","is_prod":false,"is_daily":false,"chose_seed":false,"campfire_upgraded":2,"win_rate":0,"timestamp":1550512730,"path_taken":["M","M","?","M","?","R","?","E","T","M","?","?","M","$","R","BOSS"],"build_version":"2019-02-06","purchased_purges":0,"victory":false,"max_hp_per_floor":[75,75,75,75,75,75,75,75,75,75,75,75,75,75,75,75],"card_choices":[{"not_picked":["Wild Strike","Seeing Red"],"picked":"Headbutt","floor":1.0},{"not_picked":["Combust","Headbutt"],"picked":"Armaments","floor":2.0},{"not_picked":["Clash","Wild Strike"],"picked":"True Grit","floor":4.0},{"not_picked":["Entrench","Combust"],"picked":"Impervious","floor":8},{"not_picked":["Twin Strike","Flex"],"picked":"True Grit","floor":10},{"not_picked":["Warcry","Pommel Strike"],"picked":"Shockwave","floor":13}],"player_experience":939366,"relics_obtained":[{"floor":8,"key":"Lantern"}],"event_choices":[{"cards_removed":["Armaments"],"damage_healed":0.0,"max_hp_gain":0.0,"max_hp_loss":0.0,"gold_gain":0.0,"event_name":"WeMeetAgain","player_choice":"Gave Card","floor":3.0,"gold_loss":0.0,"damage_taken":0.0,"relics_obtained":["Juzu Bracelet"]},{"damage_healed":0.0,"max_hp_gain":0.0,"max_hp_loss":0.0,"gold_gain":0.0,"event_name":"The Woman in Blue","player_choice":"Bought 2 Potions","floor":5.0,"gold_loss":0.0,"damage_taken":0.0},{"damage_healed":0.0,"max_hp_gain":0.0,"max_hp_loss":0.0,"gold_gain":0.0,"event_name":"Golden Idol","player_choice":"Take Damage","floor":7.0,"gold_loss":0.0,"damage_taken":26.0,"relics_obtained":["Golden Idol"]},{"damage_healed":0,"gold_gain":75,"player_choice":"Gather Gold","damage_taken":11,"max_hp_gain":0,"max_hp_loss":0,"event_name":"World of Goop","floor":11,"gold_loss":0},{"damage_healed":0,"gold_gain":0,"player_choice":"Fled","damage_taken":5,"max_hp_gain":0,"max_hp_loss":0,"event_name":"Scrap Ooze","floor":12,"gold_loss":0}],"is_beta":true,"boss_relics":[],"items_purged_floors":[],"is_endless":false,"potions_floor_spawned":[8],"killed_by":"Slime Boss","ascension_level":20}