{"gold_per_floor":[163,176,42,61,26,26,40,56,56,56,68,68],"floor_reached":12,"playtime":564,"items_purged":[],"score":137,"play_id":"68a1b8ad-aaa2-48a1-b6c9-c95414ded3b6","local_time":"20190318140246","is_ascension_mode":true,"campfire_choices":[{"data":"Bash","floor":6,"key":"SMITH"},{"data":"Armaments","floor":10,"key":"SMITH"}],"neow_cost":"NONE","seed_source_timestamp":18832798655318,"circlet_count":0,"master_deck":["AscendersBane","Strike_R","Strike_R","Strike_R","Strike_R","Strike_R","Defend_R+1","Defend_R","Defend_R","Defend_R","Bash+1","Cleave","Pommel Strike","Armaments+1","Shrug It Off","Flash of Steel","Iron Wave","Headbutt","Cleave","Dual Wield"],"relics":["Tiny House","Kunai"],"potions_floor_usage":[11,12,12],"damage_taken":[{"damage":1,"enemies":"Cultist","floor":1,"turns":3},{"damage":2,"enemies":"Jaw Worm","floor":2,"turns":3},{"damage":1,"enemies":"2 Louse","floor":4,"turns":3},{"damage":16,"enemies":"Exordium Thugs","floor":7,"turns":5},{"damage":1,"enemies":"3 Louse","floor":8,"turns":3},{"damage":13,"enemies":"Gremlin Gang","floor":11,"turns":4},{"damage":65,"enemies":"Lagavulin Event","floor":12,"turns":6}],"seed_played":"-4016191506712186704","potions_obtained":[{"floor":0,"key":"Energy Potion"},{"floor":4,"key":"Regen Potion"},{"floor":7,"key":"SkillPotion"},{"floor":11,"key":"EssenceOfSteel"}],"is_trial":false,"path_per_floor":["M","M","$","M","?","R","M","M","T","R","M","?"],"character_chosen":"IRONCLAD","items_purchased":["Shrug It Off","Flash of Steel"],"campfire_rested":0,"item_purchase_floors":[3,3],"current_hp_per_floor":[72,70,70,69,80,80,64,63,63,63,50,0],"gold":68,"neow_bonus":"BOSS_RELIC","is_prod":false,"is_daily":false,"chose_seed":false,"campfire_upgraded":2,"win_rate":0,"timestamp":1552932166,"path_taken":["M","M","$","M","?","R","M","M","T","R","M","?"],"build_version":"2019-03-15","purchased_purges":0,"victory":false,"max_hp_per_floor":[80,80,80,80,80,80,80,80,80,80,80,80],"card_choices":[{"not_picked":["Clash","Wild Strike"],"picked":"Cleave","floor":0},{"not_picked":["Seeing Red","Offering"],"picked":"Pommel Strike","floor":1},{"not_picked":["True Grit","Clothesline"],"picked":"Armaments","floor":2},{"not_picked":["Havoc","Pommel Strike"],"picked":"Iron Wave","floor":4},{"not_picked":["Twin Strike","Warcry"],"picked":"Headbutt","floor":7},{"not_picked":["Perfected Strike","Flex"],"picked":"Cleave","floor":8},{"not_picked":["Dropkick","Perfected Strike"],"picked":"Dual Wield","floor":11}],"player_experience":565664,"relics_obtained":[{"floor":9,"key":"Kunai"}],"event_choices":[{"damage_healed":20,"gold_gain":0,"player_choice":"Healed","damage_taken":0,"max_hp_gain":0,"max_hp_loss":0,"event_name":"The Cleric","floor":5,"gold_loss":35},{"damage_healed":0,"gold_gain":0,"player_choice":"Searched \u00271\u0027 times","damage_taken":0,"max_hp_gain":0,"max_hp_loss":0,"event_name":"Dead Adventurer","floor":12,"gold_loss":0}],"is_beta":true,"boss_relics":[],"items_purged_floors":[],"is_endless":false,"potions_floor_spawned":[4,7,8,11],"killed_by":"Lagavulin Event","ascension_level":18}