{"gold_per_floor":[116,116,133,148,161,190,130,149,149,149,57,73,11,21,21,21],"floor_reached":16,"playtime":588,"items_purged":["Strike_R"],"score":114,"play_id":"8b251531-f494-4abc-b7f9-8ead0e6206d0","local_time":"20190322004402","is_ascension_mode":true,"campfire_choices":[{"data":"Rampage","floor":10,"key":"SMITH"},{"floor":15,"key":"REST"}],"neow_cost":"NONE","seed_source_timestamp":118140339311094,"circlet_count":0,"master_deck":["Strike_R","Strike_R","Strike_R","Defend_R","Defend_R","Defend_R","Defend_R","Bash","Deep Breath","Rampage+1","Impervious","Flame Barrier","Anger","Thunderclap","Reaper","Clothesline","Blood for Blood","Spot Weakness","Inflame"],"relics":["Burning Blood","Question Card","The Courier","Girya"],"potions_floor_usage":[3,14,16],"damage_taken":[{"damage":15,"enemies":"Small Slimes","floor":1,"turns":5},{"damage":10,"enemies":"Cultist","floor":3,"turns":4},{"damage":11,"enemies":"2 Louse","floor":4,"turns":3},{"damage":6,"enemies":"Lots of Slimes","floor":5,"turns":3},{"damage":38,"enemies":"Gremlin Nob","floor":6,"turns":6},{"damage":12,"enemies":"3 Louse","floor":8,"turns":4},{"damage":14,"enemies":"Exordium Thugs","floor":12,"turns":5},{"damage":25,"enemies":"Gremlin Gang","floor":14,"turns":6},{"damage":62,"enemies":"The Guardian","floor":16,"turns":10}],"seed_played":"-9052185772379287989","potions_obtained":[{"floor":1,"key":"SkillPotion"},{"floor":8,"key":"FearPotion"},{"floor":12,"key":"BloodPotion"}],"is_trial":false,"path_per_floor":["M","?","M","M","M","E","?","M","T","R","$","M","$","M","R","B"],"character_chosen":"IRONCLAD","items_purchased":["Blood for Blood","Spot Weakness"],"campfire_rested":1,"item_purchase_floors":[11,13],"current_hp_per_floor":[71,71,67,62,62,30,30,36,36,36,36,35,35,24,48,0],"gold":21,"neow_bonus":"RANDOM_COLORLESS","is_prod":false,"is_daily":false,"chose_seed":false,"campfire_upgraded":1,"win_rate":0,"timestamp":1553240642,"path_taken":["M","?","?","?","M","E","?","M","T","R","$","?","$","M","R","BOSS"],"build_version":"2019-01-23","purchased_purges":1,"victory":false,"max_hp_per_floor":[80,80,80,80,80,80,80,80,80,80,80,80,80,80,80,80],"card_choices":[{"not_picked":["Whirlwind","Twin Strike"],"picked":"Rampage","floor":1},{"not_picked":["Clothesline","Iron Wave"],"picked":"Flame Barrier","floor":3},{"not_picked":["Carnage","Infernal Blade"],"picked":"Anger","floor":4},{"not_picked":["Iron Wave","Pommel Strike"],"picked":"Thunderclap","floor":5},{"not_picked":["Perfected Strike","Havoc"],"picked":"Reaper","floor":6},{"not_picked":["Corruption","Power Through","Anger"],"picked":"Clothesline","floor":8},{"not_picked":["Clash","Pummel","Havoc","Infernal Blade"],"picked":"SKIP","floor":12},{"not_picked":["Wild Strike","Havoc","Anger"],"picked":"Inflame","floor":14}],"player_experience":374952,"relics_obtained":[{"floor":6,"key":"Question Card"},{"floor":9,"key":"Girya"}],"event_choices":[{"damage_healed":0,"gold_gain":0,"cards_transformed":["Strike_R"],"player_choice":"Transformed","damage_taken":0,"max_hp_gain":0,"max_hp_loss":0,"event_name":"Transmorgrifier","floor":2,"gold_loss":0,"cards_obtained":["Impervious"]},{"damage_healed":0,"gold_gain":0,"player_choice":"Paid Gold","damage_taken":0,"relics_obtained":["The Courier"],"max_hp_gain":0,"max_hp_loss":0,"event_name":"WeMeetAgain","floor":7,"gold_loss":60}],"is_beta":false,"boss_relics":[],"items_purged_floors":[11],"is_endless":false,"potions_floor_spawned":[1,8,12],"killed_by":"The Guardian","ascension_level":2}