{"gold_per_floor":[115,115,290,305,319,319,319,8,81,92,125,125,149,165,165,261,261,280,47,47,61,61,61,61,86,86,185,204,217,227,227,227,328,328,345,89,49,62,78,78,96,112,112,112,112,138,138,171,171,171],"floor_reached":51,"playtime":2429,"items_purged":["Doubt","Shame"],"score":1158,"play_id":"3fba979d-caf1-4e4c-87db-7ba6f10b3dd6","local_time":"20190131204857","is_ascension_mode":true,"campfire_choices":[{"data":"Footwork","floor":6,"key":"SMITH"},{"data":"Footwork","floor":12,"key":"SMITH"},{"data":"After Image","floor":15,"key":"SMITH"},{"data":"Crippling Poison","floor":24,"key":"SMITH"},{"floor":32,"key":"REST"},{"data":"After Image","floor":40,"key":"SMITH"},{"floor":44,"key":"REST"},{"floor":47,"key":"REST"},{"data":"Catalyst","floor":49,"key":"SMITH"}],"neow_cost":"NONE","seed_source_timestamp":9122737001487,"circlet_count":0,"master_deck":["Defend_G+1","Defend_G+1","Defend_G+1","Defend_G+1","Defend_G+1","Strike_G+1","Strike_G+1","Strike_G+1","Strike_G+1","Strike_G+1","Survivor","Neutralize","Dagger Throw+1","Footwork+1","Prepared","Predator","Deadly Poison","Footwork+1","After Image+1","Adrenaline","Catalyst+1","Footwork","Crippling Poison+1","PiercingWail","Corpse Explosion","Poisoned Stab","Catalyst+1","Poisoned Stab","Catalyst","Well Laid Plans","After Image+1","Calculated Gamble+1","Well Laid Plans+1","Tactician+1","Catalyst+1","Parasite","Parasite","Leg Sweep+1"],"relics":["Ring of the Serpent","NeowsBlessing","Darkstone Periapt","TwistedFunnel","Blue Candle","Prayer Wheel","Vajra","ClockworkSouvenir","War Paint","Ornamental Fan","Sundial","Cursed Key","Bronze Scales","Singing Bowl","Boot","Omamori","Art of War"],"potions_floor_usage":[11,11,21,23,30,38,39,39,50,50],"damage_taken":[{"damage":0,"enemies":"Cultist","floor":1,"turns":1},{"damage":0,"enemies":"2 Louse","floor":4,"turns":1},{"damage":0,"enemies":"Jaw Worm","floor":5,"turns":1},{"damage":6,"enemies":"Looter","floor":10,"turns":3},{"damage":12,"enemies":"Gremlin Nob","floor":11,"turns":4},{"damage":0,"enemies":"Exordium Wildlife","floor":14,"turns":5},{"damage":16,"enemies":"Hexaghost","floor":16,"turns":13},{"damage":0,"enemies":"Chosen","floor":18,"turns":6},{"damage":16,"enemies":"2 Thieves","floor":21,"turns":5},{"damage":0,"enemies":"Slavers","floor":23,"turns":1},{"damage":22,"enemies":"Book of Stabbing","floor":25,"turns":8},{"damage":8,"enemies":"Chosen and Byrds","floor":28,"turns":6},{"damage":0,"enemies":"Centurion and Healer","floor":29,"turns":4},{"damage":0,"enemies":"3 Cultists","floor":30,"turns":3},{"damage":5,"enemies":"Champ","floor":33,"turns":8},{"damage":0,"enemies":"3 Shapes","floor":35,"turns":3},{"damage":6,"enemies":"3 Darklings","floor":38,"turns":3},{"damage":14,"enemies":"Jaw Worm Horde","floor":39,"turns":3},{"damage":11,"enemies":"Spire Growth","floor":41,"turns":3},{"damage":27,"enemies":"4 Shapes","floor":42,"turns":5},{"damage":6,"enemies":"Giant Head","floor":46,"turns":4},{"damage":29,"enemies":"Nemesis","floor":48,"turns":3},{"damage":35,"enemies":"Awakened One","floor":50,"turns":11}],"seed_played":"7590067271320946355","potions_obtained":[{"floor":5,"key":"Block Potion"},{"floor":10,"key":"Block Potion"},{"floor":14,"key":"FearPotion"},{"floor":21,"key":"SmokeBomb"},{"floor":25,"key":"Dexterity Potion"},{"floor":28,"key":"Explosive Potion"},{"floor":30,"key":"Explosive Potion"},{"floor":35,"key":"Block Potion"},{"floor":38,"key":"Dexterity Potion"},{"floor":46,"key":"EssenceOfSteel"}],"is_trial":false,"path_per_floor":["M","T","?","M","M","R","?","$","T","M","E","R","T","M","R","B",null,"M","$","?","M","?","E","R","E","T","?","M","M","M","?","R","B",null,"M","$","?","M","M","R","M","M","T","R","T","E","R","E","R","B",null],"character_chosen":"THE_SILENT","items_purchased":["TwistedFunnel","Predator","ClockworkSouvenir","Crippling Poison","Bronze Scales"],"campfire_rested":3,"item_purchase_floors":[8,8,19,19,36],"current_hp_per_floor":[63,63,69,69,69,69,54,54,54,48,36,36,36,36,36,20,62,62,62,68,52,36,36,36,14,14,14,6,6,6,6,32,27,72,72,72,72,66,52,52,41,14,20,47,53,47,76,49,49,14],"gold":171,"neow_bonus":"THREE_ENEMY_KILL","is_prod":false,"is_daily":false,"chose_seed":false,"campfire_upgraded":6,"win_rate":0,"timestamp":1548985737,"path_taken":["M","?","?","?","M","R","?","?","T","M","E","R","?","M","R","BOSS","M","$","?","M","?","E","R","E","T","?","M","M","M","?","R","BOSS","M","$","?","M","M","R","M","?","T","R","?","E","R","E","R","BOSS"],"build_version":"2019-01-23","purchased_purges":2,"victory":true,"max_hp_per_floor":[70,70,76,76,76,76,76,76,76,76,76,76,76,76,76,76,76,76,76,82,82,87,87,87,87,87,87,87,87,87,87,87,87,87,87,87,87,87,87,87,87,87,93,93,99,99,99,101,101,101],"card_choices":[{"not_picked":["Dodge and Roll","Deflect"],"picked":"Dagger Throw","floor":1},{"not_picked":["Glass Knife","Deadly Poison"],"picked":"Footwork","floor":4},{"not_picked":["Outmaneuver","Cloak And Dagger"],"picked":"Prepared","floor":5},{"not_picked":["Sucker Punch","Predator"],"picked":"Deadly Poison","floor":10},{"not_picked":["Finisher","Predator"],"picked":"Footwork","floor":11},{"not_picked":["Deflect","Deadly Poison"],"picked":"After Image","floor":14},{"not_picked":["Prepared","Dagger Throw","Masterful Stab"],"picked":"SKIP","floor":14},{"not_picked":["Doppelganger","Die Die Die"],"picked":"Adrenaline","floor":16},{"not_picked":["Eviscerate","Underhanded Strike"],"picked":"Catalyst","floor":18},{"not_picked":["Dash+1","Accuracy"],"picked":"Footwork","floor":18},{"not_picked":["Noxious Fumes","Leg Sweep"],"picked":"PiercingWail","floor":21},{"not_picked":["Blade Dance","Dagger Throw","All Out Attack"],"picked":"SKIP","floor":21},{"not_picked":["Cloak And Dagger","Well Laid Plans+1"],"picked":"Corpse Explosion","floor":25},{"not_picked":["Flying Knee","Accuracy"],"picked":"Poisoned Stab","floor":28},{"not_picked":["Bane+1","Well Laid Plans"],"picked":"Catalyst+1","floor":28},{"not_picked":["Eviscerate","Masterful Stab"],"picked":"Poisoned Stab","floor":29},{"not_picked":["Blade Dance","Dagger Throw","Skewer"],"picked":"SKIP","floor":29},{"not_picked":["Masterful Stab","Flying Knee"],"picked":"Catalyst","floor":30},{"not_picked":["Blade Dance","Quick Slash"],"picked":"Well Laid Plans","floor":30},{"not_picked":["Adrenaline","Unload"],"picked":"After Image","floor":33},{"not_picked":["Poisoned Stab+1","Acrobatics+1"],"picked":"Calculated Gamble","floor":35},{"not_picked":["Underhanded Strike+1","Tactician+1","Poisoned Stab"],"picked":"SKIP","floor":35},{"not_picked":["Dagger Throw+1","Underhanded Strike+1","Heel Hook+1"],"picked":"SKIP","floor":38},{"not_picked":["Slice","Flying Knee+1","Prepared+1"],"picked":"SKIP","floor":38},{"not_picked":["Unload","Slice"],"picked":"Well Laid Plans+1","floor":39},{"not_picked":["Dagger Spray","Deadly Poison+1","Dodge and Roll+1"],"picked":"SKIP","floor":39},{"not_picked":["Glass Knife","Bane"],"picked":"Tactician+1","floor":41},{"not_picked":["Underhanded Strike","Outmaneuver+1","Reflex+1"],"picked":"SKIP","floor":41},{"not_picked":["Sucker Punch","Dagger Throw"],"picked":"Catalyst","floor":42},{"not_picked":["Blade Dance","Poisoned Stab+1","Night Terror"],"picked":"SKIP","floor":42},{"not_picked":["Expertise+1","Quick Slash+1"],"picked":"Leg Sweep+1","floor":46},{"not_picked":["Bane","Dagger Spray","Die Die Die"],"picked":"Singing Bowl","floor":48}],"player_experience":309399,"relics_obtained":[{"floor":2,"key":"Darkstone Periapt"},{"floor":9,"key":"Blue Candle"},{"floor":11,"key":"Prayer Wheel"},{"floor":13,"key":"Vajra"},{"floor":25,"key":"Ornamental Fan"},{"floor":26,"key":"Sundial"},{"floor":43,"key":"Singing Bowl"},{"floor":45,"key":"Boot"},{"floor":46,"key":"Omamori"},{"floor":48,"key":"Art of War"}],"event_choices":[{"damage_healed":0,"gold_gain":175,"player_choice":"AGREE","damage_taken":0,"max_hp_gain":0,"max_hp_loss":0,"event_name":"Liars Game","floor":3,"gold_loss":0,"cards_obtained":["Doubt"]},{"damage_healed":0,"gold_gain":0,"player_choice":"Entered Light","damage_taken":15,"max_hp_gain":0,"max_hp_loss":0,"event_name":"Shining Light","floor":7,"gold_loss":0,"cards_upgraded":["Defend_G","Strike_G"]},{"damage_healed":0,"gold_gain":0,"player_choice":"Stole Relic","damage_taken":0,"relics_obtained":["War Paint"],"max_hp_gain":0,"max_hp_loss":0,"event_name":"Addict","floor":20,"gold_loss":0,"cards_obtained":["Shame"]},{"damage_healed":0,"gold_gain":0,"player_choice":"Shed Blood","damage_taken":21,"max_hp_gain":5,"max_hp_loss":0,"event_name":"Forgotten Altar","floor":22,"gold_loss":0},{"damage_healed":0,"gold_gain":99,"player_choice":"Stole From Cult","damage_taken":0,"max_hp_gain":0,"max_hp_loss":0,"event_name":"Nest","floor":27,"gold_loss":0},{"damage_healed":0,"gold_gain":0,"player_choice":"Simplicity","damage_taken":0,"max_hp_gain":0,"max_hp_loss":0,"event_name":"Back to Basics","floor":31,"gold_loss":0,"cards_upgraded":["Defend_G","Defend_G","Defend_G","Strike_G","Strike_G","Strike_G","Strike_G"]},{"damage_healed":0,"gold_gain":0,"player_choice":"Upgraded Two","damage_taken":0,"max_hp_gain":0,"max_hp_loss":0,"event_name":"Designer","floor":37,"gold_loss":40,"cards_upgraded":["Dagger Throw","Calculated Gamble"]}],"is_beta":true,"boss_relics":[{"not_picked":["Lizard Tail","Empty Cage"],"picked":"Ring of the Serpent"},{"not_picked":["Pandora\u0027s Box","Calling Bell"],"picked":"Cursed Key"}],"items_purged_floors":[8,36],"is_endless":false,"potions_floor_spawned":[5,10,14,21,25,28,30,35,38,46],"ascension_level":8}