{"gold_per_floor":[118,128,72,47,12,12,38,38,38,48,62,79,79,111,111,190,190,167,2,2,15,34,34,34],"floor_reached":24,"playtime":670,"items_purged":["Strike_G"],"score":462,"play_id":"8a2db1e2-dbba-4b57-9b5e-56c90a26c35f","local_time":"20181015231805","is_ascension_mode":true,"campfire_choices":[{"data":"Deadly Poison","floor":6.0,"key":"SMITH"},{"data":"Neutralize","floor":8.0,"key":"SMITH"},{"data":"Catalyst","floor":15.0,"key":"SMITH"},{"data":"Wraith Form v2","floor":23,"key":"SMITH"}],"neow_cost":"NONE","seed_source_timestamp":362003505715739,"circlet_count":0,"master_deck":["Defend_G","Defend_G","Defend_G","Defend_G+1","Defend_G","Strike_G","Strike_G","Survivor","Neutralize+1","AscendersBane","Deadly Poison","Deadly Poison+1","PiercingWail+1","Backflip","Cloak And Dagger","All Out Attack","Catalyst+1","Backstab","Bullet Time","Wraith Form v2+1","Footwork","Noxious Fumes","After Image","Backflip"],"special_seed":0,"relics":["Ring of the Snake","NeowsBlessing","War Paint","Pantograph","Singing Bowl","Empty Cage"],"potions_floor_usage":[21,24,24,24,24],"damage_taken":[{"damage":0.0,"enemies":"Cultist","floor":1.0,"turns":1.0},{"damage":0.0,"enemies":"2 Louse","floor":2.0,"turns":1.0},{"damage":0.0,"enemies":"Lagavulin","floor":7.0,"turns":1.0},{"damage":0.0,"enemies":"Jaw Worm","floor":10.0,"turns":5.0},{"damage":9.0,"enemies":"Blue Slaver","floor":11.0,"turns":3.0},{"damage":16.0,"enemies":"Exordium Thugs","floor":12.0,"turns":5.0},{"damage":3.0,"enemies":"Gremlin Nob","floor":14.0,"turns":3.0},{"damage":14.0,"enemies":"The Guardian","floor":16.0,"turns":8.0},{"damage":23.0,"enemies":"2 Thieves","floor":18.0,"turns":4.0},{"damage":14,"enemies":"Shell Parasite","floor":21,"turns":5},{"damage":12,"enemies":"Shelled Parasite and Fungi","floor":22,"turns":5},{"damage":19,"enemies":"Snake Plant","floor":24,"turns":3}],"seed_played":"-1301810776149385466","potions_obtained":[{"floor":2.0,"key":"Weak Potion"},{"floor":7.0,"key":"SpeedPotion"},{"floor":11.0,"key":"Strength Potion"},{"floor":12.0,"key":"EntropicBrew"},{"floor":16.0,"key":"SteroidPotion"},{"floor":21,"key":"EntropicBrew"}],"is_trial":false,"path_per_floor":["M","M","$","$","?","R","E","R","T","M","M","M","?","E","R","B",null,"M","$","?","M","M","R"],"character_chosen":"THE_SILENT","items_purchased":["PiercingWail","Backflip","Footwork"],"campfire_rested":0,"item_purchase_floors":[3,4,19],"current_hp_per_floor":[59,59,59,59,66,66,66,66,66,66,57,41,41,40,40,51,64,43,43,43,29,17,17,0],"gold":34,"neow_bonus":"THREE_ENEMY_KILL","is_prod":false,"is_daily":false,"chose_seed":false,"campfire_upgraded":4,"win_rate":0,"timestamp":1539659885,"path_taken":["M","M","?","$","?","R","E","R","T","M","?","M","?","E","R","BOSS","M","$","?","M","M","R","M"],"build_version":"2018-10-11","purchased_purges":1,"victory":false,"max_hp_per_floor":[66,66,66,66,66,66,66,66,66,66,66,66,66,68,68,68,68,70,70,70,70,70,70,70],"card_choices":[{"not_picked":["Blade Dance","Backflip"],"picked":"Deadly Poison","floor":1.0},{"not_picked":["Cloak And Dagger","Outmaneuver"],"picked":"Deadly Poison","floor":2.0},{"not_picked":["Blade Dance","Doppelganger"],"picked":"Cloak And Dagger","floor":7.0},{"not_picked":["Deflect","Tactician"],"picked":"All Out Attack","floor":10.0},{"not_picked":["Prepared","Dodge and Roll"],"picked":"Catalyst","floor":11.0},{"not_picked":["Bane","Prepared"],"picked":"Backstab","floor":12.0},{"not_picked":["Deadly Poison","Bane","Dagger Throw"],"picked":"Singing Bowl","floor":14.0},{"not_picked":["Unload","Die Die Die"],"picked":"Wraith Form v2","floor":16.0},{"not_picked":["Quick Slash","Underhanded Strike","Deflect"],"picked":"Singing Bowl","floor":18.0},{"not_picked":["Deadly Poison","Outmaneuver"],"picked":"After Image","floor":21},{"not_picked":["Quick Slash","Bouncing Flask"],"picked":"Backflip","floor":22}],"player_experience":968442,"relics_obtained":[{"floor":7.0,"key":"War Paint"},{"floor":9.0,"key":"Pantograph"},{"floor":14.0,"key":"Singing Bowl"}],"event_choices":[{"event_name":"The Cleric","player_choice":"Healed","floor":5.0,"damage_taken":0.0},{"event_name":"Match and Keep!","player_choice":"1 cards matched","floor":13.0,"damage_taken":0.0},{"event_name":"The Library","player_choice":"Read","floor":20.0,"damage_taken":0.0}],"is_beta":false,"boss_relics":[{"not_picked":["Philosopher\u0027s Stone","White Beast Statue"],"picked":"Empty Cage"}],"items_purged_floors":[19],"is_endless":false,"potions_floor_spawned":[2,7,11,12,16,21],"killed_by":"Snake Plant","ascension_level":20}