{"gold_per_floor":[113,113,131,206,219,219,229,260,260,59,59,59,87,101,101,178,178,192,64,53,53,53],"floor_reached":22,"playtime":617,"items_purged":["Pain"],"score":413,"play_id":"f7f13048-103a-43c1-a6c4-6148354cad3f","local_time":"20181117215205","is_ascension_mode":true,"campfire_choices":[{"floor":6,"key":"REST"},{"data":"Melter","floor":15,"key":"SMITH"}],"neow_cost":"NONE","seed_source_timestamp":265993664694803,"circlet_count":0,"master_deck":["AscendersBane","Strike_B","Strike_B","Strike_B","Strike_B","Defend_B","Defend_B","Defend_B","Defend_B","Zap","Dualcast","Ball Lightning","Chill","Melter+1","Cold Snap","Cold Snap","Genetic Algorithm","Undo+1","BootSequence+1","Core Surge","Parasite","Injury","Cold Snap","Melter"],"relics":["Cracked Core","NeowsBlessing","Blood Vial","Symbiotic Virus","Darkstone Periapt","Happy Flower","Toxic Egg 2","Anchor","Calling Bell","Art of War","Question Card","Gambling Chip"],"potions_floor_usage":[8,13,16,22],"damage_taken":[{"damage":0,"enemies":"Small Slimes","floor":1,"turns":1},{"damage":0,"enemies":"Jaw Worm","floor":3,"turns":1},{"damage":0,"enemies":"Cultist","floor":5,"turns":1},{"damage":2,"enemies":"2 Fungi Beasts","floor":7,"turns":3},{"damage":28,"enemies":"Gremlin Nob","floor":8,"turns":4},{"damage":5,"enemies":"3 Sentries","floor":13,"turns":5},{"damage":0,"enemies":"3 Louse","floor":14,"turns":3},{"damage":15,"enemies":"Slime Boss","floor":16,"turns":9},{"damage":21,"enemies":"3 Byrds","floor":18,"turns":8},{"damage":15,"enemies":"2 Thieves","floor":20,"turns":4},{"damage":31,"enemies":"3 Cultists","floor":22,"turns":7}],"seed_played":"-1610381069039598970","potions_obtained":[{"floor":3,"key":"Swift Potion"},{"floor":5,"key":"Regen Potion"},{"floor":8,"key":"Explosive Potion"},{"floor":16,"key":"Ancient Potion"}],"is_trial":false,"path_per_floor":["M","?","M","?","M","R","M","E","T","$","?","?","E","M","R","B",null,"M","$","M","$","M"],"character_chosen":"DEFECT","items_purchased":["Happy Flower","Genetic Algorithm","Poison Potion"],"campfire_rested":1,"item_purchase_floors":[10,10,19],"current_hp_per_floor":[64,29,31,20,22,43,43,29,29,29,35,35,32,34,34,21,81,62,62,49,49,20],"gold":53,"neow_bonus":"THREE_ENEMY_KILL","is_prod":false,"is_daily":false,"chose_seed":false,"campfire_upgraded":1,"win_rate":0,"timestamp":1542509525,"path_taken":["M","?","M","?","?","R","M","E","T","?","?","?","E","M","R","BOSS","M","$","M","?","M"],"build_version":"2018-11-15","purchased_purges":1,"victory":false,"max_hp_per_floor":[71,71,71,71,71,71,71,71,71,71,77,77,77,77,77,77,95,95,95,95,95,95],"card_choices":[{"not_picked":["Static Discharge","Hologram"],"picked":"Ball Lightning","floor":1},{"not_picked":["Stack","Go for the Eyes"],"picked":"Chill","floor":3},{"not_picked":["Steam","Leap"],"picked":"Melter","floor":5},{"not_picked":["Barrage","Gash"],"picked":"Cold Snap","floor":7},{"not_picked":["Self Repair","Aggregate"],"picked":"Cold Snap","floor":8},{"not_picked":["Chill+1","Beam Cell"],"picked":"Undo+1","floor":13},{"not_picked":["Darkness+1","Go for the Eyes"],"picked":"BootSequence+1","floor":14},{"not_picked":["Thunder Strike","Fission+1"],"picked":"Core Surge","floor":16},{"not_picked":["Beam Cell+1","Rip and Tear","Redo+1"],"picked":"Cold Snap","floor":18},{"not_picked":["Meteor Strike","Ball Lightning","Force Field+1"],"picked":"Melter","floor":20}],"player_experience":881484,"relics_obtained":[{"floor":8,"key":"Symbiotic Virus"},{"floor":9,"key":"Darkstone Periapt"},{"floor":13,"key":"Anchor"},{"floor":17,"key":"Art of War"},{"floor":17,"key":"Question Card"},{"floor":17,"key":"Gambling Chip"}],"event_choices":[{"damage_healed":0,"gold_gain":0,"player_choice":"Success","damage_taken":35,"relics_obtained":["Blood Vial"],"max_hp_gain":0,"max_hp_loss":0,"event_name":"Scrap Ooze","floor":2,"gold_loss":0},{"damage_healed":0,"gold_gain":75,"player_choice":"Gather Gold","damage_taken":11,"max_hp_gain":0,"max_hp_loss":0,"event_name":"World of Goop","floor":4,"gold_loss":0},{"damage_healed":0,"gold_gain":0,"player_choice":"Box","damage_taken":0,"relics_obtained":["Toxic Egg 2"],"max_hp_gain":0,"max_hp_loss":0,"event_name":"Big Fish","floor":11,"gold_loss":0,"cards_obtained":["Regret"]},{"cards_removed":["Regret"],"damage_healed":0,"gold_gain":0,"player_choice":"Purged","damage_taken":0,"max_hp_gain":0,"max_hp_loss":0,"event_name":"Purifier","floor":12,"gold_loss":0}],"is_beta":true,"boss_relics":[{"not_picked":["Pandora\u0027s Box","Tiny House"],"picked":"Calling Bell"}],"items_purged_floors":[19],"is_endless":false,"potions_floor_spawned":[3,5,8,16,20],"killed_by":"3 Cultists","ascension_level":20}