{"gold_per_floor":[111,70,145,108,123,123,123,149,149,162,162,181,181,181,181,256,256,270,270,280,294,274,274],"floor_reached":23,"playtime":810,"items_purged":[],"score":378,"play_id":"87ba8567-c76c-41be-b348-47d796be2030","local_time":"20181103195703","is_ascension_mode":true,"campfire_choices":[{"data":"Sweeping Beam","floor":6.0,"key":"SMITH"},{"floor":11,"key":"REST"},{"data":"Ball Lightning","floor":13,"key":"SMITH"},{"data":"Capacitor","floor":15,"key":"SMITH"}],"neow_cost":"NONE","seed_source_timestamp":35982050665905,"circlet_count":0,"master_deck":["AscendersBane","Strike_B","Strike_B","Strike_B","Strike_B+1","Defend_B","Defend_B","Defend_B+1","Defend_B","Zap+1","Dualcast","Sweeping Beam+1","Glacier","Capacitor+1","Ball Lightning+1","Leap","Conserve Battery","Biased Cognition","FTL+1","Tempest+1","Barrage"],"special_seed":0,"relics":["Cracked Core","Ancient Tea Set","Symbiotic Virus","Bottled Tornado","Nuclear Battery","Nilry\u0027s Codex"],"potions_floor_usage":[16,23,23],"damage_taken":[{"damage":7.0,"enemies":"Small Slimes","floor":1.0,"turns":4.0},{"damage":1.0,"enemies":"Jaw Worm","floor":5.0,"turns":2.0},{"damage":18,"enemies":"Lagavulin","floor":8,"turns":9},{"damage":0,"enemies":"Cultist","floor":10,"turns":2},{"damage":0,"enemies":"Blue Slaver","floor":12,"turns":3},{"damage":24,"enemies":"Slime Boss","floor":16,"turns":8},{"damage":9,"enemies":"Spheric Guardian","floor":18,"turns":4},{"damage":11,"enemies":"Shell Parasite","floor":20,"turns":4},{"damage":0,"enemies":"Snecko","floor":21,"turns":4},{"damage":7,"enemies":"Book of Stabbing","floor":23,"turns":2}],"seed_played":"8409071839301122041","potions_obtained":[{"floor":10,"key":"EssenceOfSteel"},{"floor":12,"key":"Ancient Potion"},{"floor":20,"key":"Poison Potion"},{"floor":21,"key":"PowerPotion"},{"floor":22,"key":"Regen Potion"}],"is_trial":false,"path_per_floor":["M","$","?","$","M","R","?","E","T","M","R","M","R","T","R","B",null,"M","?","M","M","?","E"],"character_chosen":"DEFECT","items_purchased":["Glacier","Capacitor"],"campfire_rested":1,"item_purchase_floors":[2,4],"current_hp_per_floor":[57,57,46,46,45,45,24,6,6,6,27,27,27,27,27,3,54,45,24,13,13,13,11],"gold":274,"neow_bonus":"UPGRADE_CARD","is_prod":false,"is_daily":false,"chose_seed":false,"campfire_upgraded":3,"win_rate":0,"timestamp":1541289423,"path_taken":["M","$","?","?","?","R","?","E","T","M","R","M","R","?","R","BOSS","M","?","M","M","?","E"],"build_version":"2018-11-02","purchased_purges":0,"victory":false,"max_hp_per_floor":[71,71,71,71,71,71,71,71,71,71,71,71,71,71,71,71,71,71,71,71,71,71,71],"card_choices":[{"not_picked":["Redo","Go for the Eyes"],"picked":"Sweeping Beam","floor":1.0},{"not_picked":["Rebound","Hello World"],"picked":"Ball Lightning","floor":5.0},{"not_picked":["Skim","Stack"],"picked":"Leap","floor":8},{"not_picked":["Compile Driver","Beam Cell"],"picked":"Conserve Battery","floor":10},{"not_picked":["Double Energy","Steam Power","White Noise"],"picked":"SKIP","floor":12},{"not_picked":["Thunder Strike","Creative AI"],"picked":"Biased Cognition","floor":16},{"not_picked":["Blizzard","Hologram"],"picked":"FTL+1","floor":18},{"not_picked":["Hello World","Aggregate"],"picked":"Tempest+1","floor":20},{"not_picked":["Coolheaded","Ball Lightning"],"picked":"Barrage","floor":21}],"player_experience":825043,"relics_obtained":[{"floor":8,"key":"Ancient Tea Set"},{"floor":9,"key":"Symbiotic Virus"},{"floor":14,"key":"Bottled Tornado"},{"floor":19,"key":"Nilry\u0027s Codex"}],"event_choices":[{"damage_healed":0.0,"max_hp_gain":0.0,"max_hp_loss":0.0,"gold_gain":75.0,"event_name":"World of Goop","player_choice":"Gather Gold","floor":3.0,"gold_loss":0.0,"damage_taken":11.0},{"damage_healed":0.0,"max_hp_gain":0.0,"max_hp_loss":0.0,"gold_gain":0.0,"event_name":"Shining Light","player_choice":"Entered Light","floor":7.0,"gold_loss":0.0,"damage_taken":21.0,"cards_upgraded":["Defend_B","Strike_B"]},{"damage_healed":0,"gold_gain":0,"player_choice":"Obtained Book","damage_taken":21,"max_hp_gain":0,"max_hp_loss":0,"event_name":"Cursed Tome","floor":19,"gold_loss":0},{"damage_healed":0,"gold_gain":0,"player_choice":"Bought 1 Potion","damage_taken":0,"max_hp_gain":0,"max_hp_loss":0,"event_name":"The Woman in Blue","floor":22,"gold_loss":0}],"is_beta":true,"boss_relics":[{"not_picked":["Philosopher\u0027s Stone","Ectoplasm"],"picked":"Nuclear Battery"}],"items_purged_floors":[],"is_endless":false,"potions_floor_spawned":[10,12,20,21],"killed_by":"Book of Stabbing","ascension_level":20}