{"gold_per_floor":[116,116,126,138,158,192,192,203,254,254,254,269,280,292,292,395,395,405,422,120,135,135,135,145,145],"floor_reached":25,"playtime":970,"items_purged":[],"score":209,"play_id":"3e190b8f-f383-4ee7-8a09-f604156675e7","local_time":"20190207061931","is_ascension_mode":false,"campfire_choices":[{"data":"Fiend Fire","floor":7,"key":"SMITH"},{"floor":10,"key":"REST"},{"floor":15,"key":"REST"},{"floor":23,"key":"REST"}],"neow_cost":"PERCENT_DAMAGE","seed_source_timestamp":947733567424728,"circlet_count":0,"master_deck":["Strike_R","Strike_R","Strike_R","Strike_R","Strike_R","Defend_R","Defend_R","Defend_R","Bash","Fiend Fire+1","Spot Weakness","Anger","Anger","Clothesline","Inflame","Berserk","Wild Strike","Reaper","Perfected Strike","Perfected Strike","Reaper","Twin Strike","Blood for Blood"],"relics":["Burning Blood","Sundial","Strawberry","White Beast Statue","Blood Vial"],"potions_floor_usage":[12,14,19,19,19,21,21,24],"damage_taken":[{"damage":1,"enemies":"2 Louse","floor":1,"turns":2},{"damage":1,"enemies":"Cultist","floor":3,"turns":3},{"damage":0,"enemies":"Small Slimes","floor":4,"turns":2},{"damage":9,"enemies":"Red Slaver","floor":5,"turns":2},{"damage":31,"enemies":"3 Sentries","floor":6,"turns":6},{"damage":10,"enemies":"Looter","floor":8,"turns":2},{"damage":21,"enemies":"Exordium Thugs","floor":12,"turns":3},{"damage":24,"enemies":"3 Louse","floor":13,"turns":3},{"damage":0,"enemies":"Large Slime","floor":14,"turns":2},{"damage":63,"enemies":"Slime Boss","floor":16,"turns":7},{"damage":9,"enemies":"Chosen","floor":18,"turns":4},{"damage":58,"enemies":"3 Byrds","floor":19,"turns":6},{"damage":63,"enemies":"Cultist and Chosen","floor":21,"turns":7},{"damage":32,"enemies":"Snake Plant","floor":24,"turns":4},{"damage":26,"enemies":"Centurion and Healer","floor":25,"turns":3}],"seed_played":"1001630152371548275","potions_obtained":[{"floor":4,"key":"Dexterity Potion"},{"floor":6,"key":"Regen Potion"},{"floor":13,"key":"Weak Potion"},{"floor":14,"key":"Energy Potion"},{"floor":16,"key":"BloodPotion"},{"floor":18,"key":"SkillPotion"},{"floor":19,"key":"Weak Potion"},{"floor":21,"key":"Regen Potion"},{"floor":24,"key":"SneckoOil"}],"is_trial":false,"path_per_floor":["M","?","M","M","M","E","R","M","T","R","?","M","M","M","R","B",null,"M","M","$","M","?","R","M","M"],"character_chosen":"IRONCLAD","items_purchased":["Reaper","Blood Vial","Regen Potion"],"campfire_rested":3,"item_purchase_floors":[20,20,20],"current_hp_per_floor":[61,61,66,72,69,44,44,40,47,73,73,67,49,55,81,24,87,84,40,40,8,8,34,22,0],"gold":145,"neow_bonus":"THREE_RARE_CARDS","is_prod":false,"is_daily":false,"chose_seed":false,"campfire_upgraded":1,"win_rate":0,"timestamp":1549549171,"path_taken":["M","?","?","?","M","E","R","M","T","R","?","M","M","M","R","BOSS","M","M","?","?","?","R","?","M"],"build_version":"2019-01-23","purchased_purges":0,"victory":false,"max_hp_per_floor":[80,80,80,80,80,80,80,80,87,87,87,87,87,87,87,87,87,87,87,87,87,87,87,87,87],"card_choices":[{"not_picked":["Offering","Exhume"],"picked":"Fiend Fire","floor":0},{"not_picked":["Havoc","Second Wind"],"picked":"Spot Weakness","floor":1},{"not_picked":["Battle Trance","Pommel Strike"],"picked":"Anger","floor":3},{"not_picked":["Cleave","Flex"],"picked":"Clothesline","floor":4},{"not_picked":["Burning Pact","Battle Trance","Carnage"],"picked":"SKIP","floor":5},{"not_picked":["Wild Strike","Cleave"],"picked":"Inflame","floor":6},{"not_picked":["Seeing Red","Armaments","Second Wind"],"picked":"SKIP","floor":8},{"not_picked":["Warcry","Pommel Strike","Iron Wave"],"picked":"SKIP","floor":12},{"not_picked":["Heavy Blade","Cleave"],"picked":"Wild Strike","floor":13},{"not_picked":["Armaments","Rage","Wild Strike"],"picked":"SKIP","floor":14},{"not_picked":["Demon Form","Brutality"],"picked":"Reaper","floor":16},{"not_picked":["Clash","Rampage"],"picked":"Perfected Strike","floor":18},{"not_picked":["Power Through","Armaments"],"picked":"Perfected Strike","floor":19},{"not_picked":["Burning Pact","Pommel Strike"],"picked":"Twin Strike","floor":21},{"not_picked":["Dark Embrace","Armaments"],"picked":"Blood for Blood","floor":24}],"player_experience":243901,"relics_obtained":[{"floor":6,"key":"Sundial"},{"floor":9,"key":"Strawberry"}],"event_choices":[{"damage_healed":0,"gold_gain":0,"cards_transformed":["Defend_R"],"player_choice":"Transformed","damage_taken":0,"max_hp_gain":0,"max_hp_loss":0,"event_name":"Transmorgrifier","floor":2,"gold_loss":0,"cards_obtained":["Anger"]},{"damage_healed":0,"gold_gain":0,"player_choice":"1 cards matched","damage_taken":0,"max_hp_gain":0,"max_hp_loss":0,"event_name":"Match and Keep!","floor":11,"gold_loss":0,"cards_obtained":["Berserk"]},{"damage_healed":0,"gold_gain":0,"player_choice":"Ignored","damage_taken":0,"max_hp_gain":0,"max_hp_loss":0,"event_name":"NoteForYourself","floor":22,"gold_loss":0}],"is_beta":false,"boss_relics":[{"not_picked":["Orrery","Coffee Dripper"],"picked":"White Beast Statue"}],"items_purged_floors":[],"is_endless":false,"potions_floor_spawned":[4,6,13,14,16,18,19,21,24],"killed_by":"Centurion and Healer","ascension_level":0}