{"gold_per_floor":[119,130,30,44,219,219,238,238,238,257,268,286,299,319,319,424,424,436,29,44,44,44,44,61,61,61,61,75,85,96,96],"floor_reached":31,"playtime":936,"items_purged":["Strike_R","Strike_R"],"score":235,"play_id":"d4045144-dc72-4de1-84e1-b35b4cb5905b","local_time":"20190203044911","is_ascension_mode":false,"campfire_choices":[{"data":"Twin Strike","floor":6,"key":"SMITH"},{"data":"Uppercut","floor":15,"key":"SMITH"},{"data":"Shrug It Off","floor":23,"key":"SMITH"},{"floor":25,"key":"REST"}],"neow_cost":"NONE","seed_source_timestamp":596723850686026,"circlet_count":0,"master_deck":["Strike_R","Strike_R","Strike_R","Defend_R","Defend_R","Defend_R","Defend_R","Bash","Uppercut+1","Twin Strike+1","Shrug It Off+1","Inflame","Doubt","Heavy Blade","Bludgeon","Sword Boomerang+1","Headbutt+1","Blood for Blood+1","Inflame","Twin Strike+1"],"relics":["Burning Blood","CultistMask","Ginger","Lizard Tail","Molten Egg 2","WingedGreaves","Question Card","Enchiridion"],"potions_floor_usage":[1,11,11,16,16,20,24,30,31],"damage_taken":[{"damage":4,"enemies":"Cultist","floor":1,"turns":4},{"damage":3,"enemies":"Small Slimes","floor":2,"turns":4},{"damage":0,"enemies":"2 Louse","floor":4,"turns":2},{"damage":20,"enemies":"Looter","floor":7,"turns":3},{"damage":2,"enemies":"Exordium Thugs","floor":10,"turns":4},{"damage":13,"enemies":"2 Fungi Beasts","floor":11,"turns":4},{"damage":9,"enemies":"Exordium Wildlife","floor":12,"turns":3},{"damage":9,"enemies":"Looter","floor":13,"turns":3},{"damage":6,"enemies":"3 Louse","floor":14,"turns":2},{"damage":34,"enemies":"The Guardian","floor":16,"turns":6},{"damage":26,"enemies":"Spheric Guardian","floor":18,"turns":5},{"damage":19,"enemies":"3 Byrds","floor":20,"turns":6},{"damage":68,"enemies":"Centurion and Healer","floor":24,"turns":8},{"damage":21,"enemies":"Snake Plant","floor":28,"turns":2},{"damage":38,"enemies":"Cultist and Chosen","floor":29,"turns":5},{"damage":3,"enemies":"Snecko","floor":30,"turns":3},{"damage":10,"enemies":"Shelled Parasite and Fungi","floor":31,"turns":1}],"seed_played":"-1621516089232845433","potions_obtained":[{"floor":0,"key":"Dexterity Potion"},{"floor":0,"key":"BloodPotion"},{"floor":0,"key":"PowerPotion"},{"floor":4,"key":"BloodPotion"},{"floor":7,"key":"Regen Potion"},{"floor":13,"key":"FearPotion"},{"floor":14,"key":"AttackPotion"},{"floor":20,"key":"GamblersBrew"},{"floor":29,"key":"Energy Potion"},{"floor":30,"key":"PowerPotion"}],"is_trial":false,"path_per_floor":["M","M","$","M","?","R","M","?","T","M","M","M","M","M","R","B",null,"M","$","M","$","T","R","M","R","T","?","M","M","M","M"],"character_chosen":"IRONCLAD","items_purchased":["Shrug It Off","Molten Egg 2","Sword Boomerang+1"],"campfire_rested":1,"item_purchase_floors":[3,19,19],"current_hp_per_floor":[80,80,80,80,80,80,66,66,66,70,79,76,73,73,73,45,80,60,60,62,62,62,62,46,70,70,54,39,7,10,0],"gold":96,"neow_bonus":"THREE_SMALL_POTIONS","is_prod":false,"is_daily":false,"chose_seed":false,"campfire_upgraded":3,"win_rate":0,"timestamp":1549198151,"path_taken":["M","M","$","M","?","R","M","?","T","M","M","M","M","M","R","BOSS","M","$","M","$","?","R","M","R","T","?","M","M","M","M"],"build_version":"2019-01-23","purchased_purges":2,"victory":false,"max_hp_per_floor":[80,80,80,80,80,80,80,80,80,80,80,80,80,80,80,80,80,80,80,80,80,80,80,80,80,80,80,80,80,80,80],"card_choices":[{"not_picked":["Armaments","Shrug It Off"],"picked":"Uppercut","floor":1},{"not_picked":["Pommel Strike","Feel No Pain"],"picked":"Twin Strike","floor":2},{"not_picked":["Shockwave","Clash"],"picked":"Inflame","floor":4},{"not_picked":["Intimidate","Body Slam","Headbutt"],"picked":"SKIP","floor":7},{"not_picked":["Power Through","Sever Soul"],"picked":"Heavy Blade","floor":10},{"not_picked":["Corruption","Sword Boomerang","Headbutt"],"picked":"SKIP","floor":11},{"not_picked":["Dual Wield","Rupture","Double Tap"],"picked":"SKIP","floor":12},{"not_picked":["Infernal Blade","Clothesline","Warcry"],"picked":"SKIP","floor":13},{"not_picked":["Armaments","Warcry","Feel No Pain"],"picked":"SKIP","floor":14},{"not_picked":["Barricade","Exhume"],"picked":"Bludgeon","floor":16},{"not_picked":["Fire Breathing","Perfected Strike","Disarm"],"picked":"SKIP","floor":18},{"not_picked":["Wild Strike+1","Whirlwind+1"],"picked":"Headbutt+1","floor":20},{"not_picked":["Armaments","Headbutt+1"],"picked":"Blood for Blood+1","floor":24},{"not_picked":["Feel No Pain","Wild Strike+1","Flex"],"picked":"Inflame","floor":28},{"not_picked":["Ghostly Armor","Demon Form","Thunderclap+1"],"picked":"Twin Strike+1","floor":29},{"not_picked":["Power Through","Body Slam+1","Combust","Shrug It Off"],"picked":"SKIP","floor":30}],"player_experience":234421,"relics_obtained":[{"floor":9,"key":"Ginger"},{"floor":22,"key":"WingedGreaves"},{"floor":26,"key":"Question Card"},{"floor":27,"key":"Enchiridion"}],"event_choices":[{"damage_healed":0,"gold_gain":175,"player_choice":"AGREE","damage_taken":0,"max_hp_gain":0,"max_hp_loss":0,"event_name":"Liars Game","floor":5,"gold_loss":0,"cards_obtained":["Doubt"]},{"damage_healed":0,"gold_gain":0,"player_choice":"Trade","damage_taken":0,"relics_obtained":["CultistMask"],"max_hp_gain":0,"max_hp_loss":0,"event_name":"FaceTrader","floor":8,"gold_loss":0},{"damage_healed":0,"gold_gain":0,"player_choice":"Obtained Book","damage_taken":16,"max_hp_gain":0,"max_hp_loss":0,"event_name":"Cursed Tome","floor":27,"gold_loss":0}],"is_beta":false,"boss_relics":[{"not_picked":["Black Star","Runic Pyramid"],"picked":"Lizard Tail"}],"items_purged_floors":[3,19],"is_endless":false,"potions_floor_spawned":[4,7,13,14,20,29,30],"killed_by":"Shelled Parasite and Fungi","ascension_level":0}