{"gold_per_floor":[116,135,135,153,118,118,147,147,217,243,260,260,286,286,286,360,360,370,320,340,360,360,360,360],"floor_reached":24,"playtime":898,"items_purged":[],"score":428,"play_id":"6a03d8a1-5f15-49fb-91f3-f8c0cca20f08","local_time":"20190217172132","is_ascension_mode":true,"campfire_choices":[{"data":"Zap","floor":6,"key":"SMITH"},{"data":"Conserve Battery","floor":8,"key":"SMITH"},{"data":"Go for the Eyes","floor":12,"key":"SMITH"},{"data":"Hologram","floor":15,"key":"SMITH"},{"floor":23,"key":"REST"}],"neow_cost":"NONE","seed_source_timestamp":344087438376691,"circlet_count":0,"master_deck":["AscendersBane","Strike_B","Strike_B","Strike_B","Strike_B+1","Defend_B","Defend_B","Defend_B","Zap+1","Dualcast","Conserve Battery+1","Conserve Battery","Cold Snap+1","Core Surge","Go for the Eyes+1","Hologram+1","Melter+1","Core Surge","FTL","Self Repair","Defragment+1"],"relics":["Cracked Core","Oddly Smooth Stone","Whetstone","Symbiotic Virus","Ginger","Nunchaku","Blood Vial","Inserter","Dream Catcher"],"potions_floor_usage":[10,24],"damage_taken":[{"damage":0,"enemies":"Cultist","floor":1,"turns":3},{"damage":6,"enemies":"Small Slimes","floor":2,"turns":3},{"damage":0,"enemies":"2 Louse","floor":4,"turns":2},{"damage":18,"enemies":"Lagavulin","floor":7,"turns":7},{"damage":9,"enemies":"Gremlin Nob","floor":10,"turns":3},{"damage":4,"enemies":"Lots of Slimes","floor":11,"turns":4},{"damage":5,"enemies":"Lagavulin","floor":13,"turns":6},{"damage":10,"enemies":"The Guardian","floor":16,"turns":10},{"damage":7,"enemies":"Shell Parasite","floor":18,"turns":5},{"damage":22,"enemies":"Chosen","floor":20,"turns":4},{"damage":22,"enemies":"Snake Plant","floor":21,"turns":5},{"damage":47,"enemies":"Gremlin Leader","floor":24,"turns":7}],"seed_played":"5682777685175674476","potions_obtained":[{"floor":4,"key":"SpeedPotion"},{"floor":7,"key":"GamblersBrew"},{"floor":16,"key":"Swift Potion"}],"is_trial":false,"path_per_floor":["M","M","?","M","?","R","E","R","T","E","M","R","E","?","R","B",null,"M","?","M","M","?","R","E"],"character_chosen":"DEFECT","items_purchased":[],"campfire_rested":1,"item_purchase_floors":[],"current_hp_per_floor":[64,58,51,51,68,68,50,50,50,41,37,37,32,27,27,19,58,53,53,33,20,20,41,0],"gold":360,"neow_bonus":"RANDOM_COMMON_RELIC","is_prod":false,"is_daily":false,"chose_seed":false,"campfire_upgraded":4,"win_rate":0,"timestamp":1550442092,"path_taken":["M","M","?","M","?","R","E","R","T","E","M","R","E","?","R","BOSS","M","?","?","M","?","R","E"],"build_version":"2019-02-06","purchased_purges":0,"victory":false,"max_hp_per_floor":[71,71,71,71,71,71,71,71,71,71,71,71,71,71,71,71,71,71,71,71,71,71,71,71],"card_choices":[{"not_picked":["Scrape","Turbo"],"picked":"Conserve Battery","floor":1},{"not_picked":["Blizzard","Leap"],"picked":"Conserve Battery","floor":2},{"not_picked":["Coolheaded","Hello World"],"picked":"Cold Snap","floor":4},{"not_picked":["Compile Driver","Beam Cell"],"picked":"Core Surge","floor":7},{"not_picked":["Redo","Coolheaded"],"picked":"Go for the Eyes","floor":10},{"not_picked":["Redo","Rebound"],"picked":"Hologram","floor":11},{"not_picked":["Blizzard","BootSequence"],"picked":"Melter","floor":13},{"not_picked":["Seek","Machine Learning"],"picked":"Core Surge","floor":16},{"not_picked":["Conserve Battery","Streamline"],"picked":"FTL","floor":18},{"not_picked":["Hologram","Beam Cell"],"picked":"Self Repair","floor":20},{"not_picked":["Lockon","Stack"],"picked":"Defragment+1","floor":21}],"player_experience":930559,"relics_obtained":[{"floor":7,"key":"Whetstone"},{"floor":9,"key":"Symbiotic Virus"},{"floor":10,"key":"Ginger"},{"floor":13,"key":"Nunchaku"}],"event_choices":[{"cards_removed":["Defend_B"],"damage_healed":0,"gold_gain":0,"player_choice":"Card Removal","damage_taken":7,"max_hp_gain":0,"max_hp_loss":0,"event_name":"Golden Wing","floor":3,"gold_loss":0},{"damage_healed":17,"gold_gain":0,"player_choice":"Healed","damage_taken":0,"max_hp_gain":0,"max_hp_loss":0,"event_name":"The Cleric","floor":5,"gold_loss":35},{"damage_healed":0,"gold_gain":0,"player_choice":"Success","damage_taken":5,"relics_obtained":["Blood Vial"],"max_hp_gain":0,"max_hp_loss":0,"event_name":"Scrap Ooze","floor":14,"gold_loss":0},{"damage_healed":0,"gold_gain":0,"player_choice":"Upgrade","damage_taken":0,"max_hp_gain":0,"max_hp_loss":0,"event_name":"Designer","floor":19,"gold_loss":50,"cards_upgraded":["Melter"]},{"damage_healed":0,"gold_gain":0,"player_choice":"Gave Potion","damage_taken":0,"relics_obtained":["Dream Catcher"],"max_hp_gain":0,"max_hp_loss":0,"event_name":"WeMeetAgain","floor":22,"gold_loss":0}],"is_beta":true,"boss_relics":[{"not_picked":["Cursed Key","Nuclear Battery"],"picked":"Inserter"}],"items_purged_floors":[],"is_endless":false,"potions_floor_spawned":[4,7,16,21],"killed_by":"Gremlin Leader","ascension_level":20}