{"path_per_floor":["M","$","?","M","$","E","M","M","T","R","M","M","R","M","R"],"character_chosen":"DEFECT","items_purchased":[],"gold_per_floor":[115,40,40,50,50,81,92,109,162,162,181,199,199,212,212,212],"floor_reached":16,"campfire_rested":0,"playtime":451,"item_purchase_floors":[],"current_hp_per_floor":[75,75,75,75,75,75,75,64,64,64,64,55,55,50,50,0],"items_purged":["Defend_B"],"gold":212,"score":129,"play_id":"839f4c1a-ad1f-4c9e-baef-ca5583db8f1c","local_time":"20180608080936","is_prod":false,"is_daily":false,"chose_seed":false,"is_ascension_mode":false,"campfire_upgraded":3,"win_rate":0.0,"timestamp":1528470576,"campfire_choices":[{"data":"Zap","floor":10,"key":"SMITH"},{"data":"Loop","floor":13,"key":"SMITH"},{"data":"White Noise","floor":15,"key":"SMITH"}],"path_taken":["M","$","?","M","$","E","M","M","T","R","M","M","R","M","R","BOSS"],"build_version":"2018-06-07","seed_source_timestamp":1411242888794414,"purchased_purges":1,"victory":false,"master_deck":["Strike_B","Strike_B","Strike_B","Strike_B","Defend_B","Defend_B","Defend_B","Zap+1","Dualcast","Loop+1","Beam Cell","Reboot","Capacitor","White Noise+1"],"max_hp_per_floor":[75,75,75,75,75,75,75,75,75,75,75,75,75,75,75,75],"relics":["Cracked Core","NeowsBlessing","Shuriken","Ancient Tea Set"],"card_choices":[{"not_picked":["Streamline","Sweeping Beam"],"picked":"Loop","floor":1},{"not_picked":["Melter","Barrage"],"picked":"Beam Cell","floor":4},{"not_picked":["Force Field","Steam","Consume"],"picked":"SKIP","floor":6},{"not_picked":["Reprogram","Darkness","Coolheaded"],"picked":"SKIP","floor":7},{"not_picked":["Tempest","Rebound"],"picked":"Reboot","floor":8},{"not_picked":["Sweeping Beam","Doom and Gloom"],"picked":"Capacitor","floor":11},{"not_picked":["Barrage","Gash","Coolheaded"],"picked":"SKIP","floor":12},{"not_picked":["Genetic Algorithm","Double Energy"],"picked":"White Noise","floor":14}],"player_experience":157190,"potions_floor_usage":[14,14,16],"damage_taken":[{"damage":0,"enemies":"Jaw Worm","floor":1,"turns":1},{"damage":0,"enemies":"Small Slimes","floor":4,"turns":1},{"damage":0,"enemies":"3 Sentries","floor":6,"turns":2},{"damage":0,"enemies":"2 Louse","floor":7,"turns":3},{"damage":11,"enemies":"2 Fungi Beasts","floor":8,"turns":4},{"damage":0,"enemies":"Large Slime","floor":11,"turns":2},{"damage":9,"enemies":"3 Louse","floor":12,"turns":3},{"damage":5,"enemies":"Looter","floor":14,"turns":3},{"damage":51,"enemies":"The Guardian","floor":16,"turns":7}],"relics_obtained":[{"floor":6,"key":"Shuriken"},{"floor":9,"key":"Ancient Tea Set"}],"event_choices":[{"event_name":"Liars Game","player_choice":"disagreed","floor":3,"damage_taken":0}],"boss_relics":[],"items_purged_floors":[2],"potions_floor_spawned":[1,4,12],"seed_played":"-7871948091131987437","killed_by":"The Guardian","ascension_level":0,"potions_obtained":[{"floor":1,"key":"GamblersBrew"},{"floor":4,"key":"SteroidPotion"},{"floor":12,"key":"Swift Potion"}],"is_trial":false}