{"path_per_floor":["M","$","M","M","?","R","?","M","T","M","$","M","R","M","R","B",null,"M","$","M"],"character_chosen":"DEFECT","items_purchased":["Ball Lightning","Doom and Gloom","Pen Nib"],"gold_per_floor":[109,8,28,47,47,47,76,87,139,150,14,34,34,48,48,144,144,158,6,23,23],"floor_reached":21,"campfire_rested":1,"playtime":766,"item_purchase_floors":[2,11,19],"current_hp_per_floor":[74,74,72,71,76,76,56,49,49,48,48,46,70,66,66,44,80,60,60,33,0],"items_purged":["Strike_B","Strike_B"],"gold":23,"score":173,"play_id":"d6d63135-ec29-4f94-a3c5-aefd7fec7913","local_time":"20180609062214","is_prod":false,"is_daily":false,"chose_seed":false,"is_ascension_mode":false,"campfire_upgraded":2,"win_rate":0.0,"timestamp":1528550534,"campfire_choices":[{"data":"Loop","floor":6,"key":"SMITH"},{"floor":13,"key":"REST"},{"data":"Go for the Eyes","floor":15,"key":"SMITH"}],"path_taken":["M","$","M","M","?","R","?","M","T","M","$","M","R","M","R","BOSS","M","$","?","M"],"build_version":"2018-06-07v3","seed_source_timestamp":1490890160527696,"purchased_purges":2,"victory":false,"master_deck":["Zap","Dualcast","FTL","Ball Lightning","Loop+1","Beam Cell","Go for the Eyes+1","Doom and Gloom","Ball Lightning","Doom and Gloom","Seek","Doom and Gloom","Genetic Algorithm","Cold Snap","Sweeping Beam","Rebound","Melter"],"max_hp_per_floor":[75,75,75,75,80,80,80,80,80,80,80,80,80,80,80,80,80,80,80,80,80],"relics":["Cracked Core","Odd Mushroom","Potion Belt","Pandora\u0027s Box","Pen Nib"],"card_choices":[{"not_picked":["Rip and Tear","Hologram"],"picked":"FTL","floor":1},{"not_picked":["Heatsinks","Go for the Eyes"],"picked":"Loop","floor":3},{"not_picked":["Conserve Battery","Barrage"],"picked":"Beam Cell","floor":4},{"not_picked":["Hyperbeam","Gash"],"picked":"Go for the Eyes","floor":7},{"not_picked":["Rebound","Turbo","Sweeping Beam"],"picked":"SKIP","floor":8},{"not_picked":["Sweeping Beam","Beam Cell","Hologram"],"picked":"SKIP","floor":10},{"not_picked":["Gash","Fusion"],"picked":"Ball Lightning","floor":12},{"not_picked":["Coolheaded","Leap"],"picked":"Doom and Gloom","floor":14},{"not_picked":["Fission","All For One"],"picked":"Seek","floor":16},{"not_picked":["Conserve Battery","Lockon"],"picked":"Melter","floor":18},{"not_picked":["Rebound","Cold Snap","Stack+1"],"picked":"SKIP","floor":20}],"player_experience":168248,"potions_floor_usage":[10,16,16,21],"damage_taken":[{"damage":1,"enemies":"2 Louse","floor":1,"turns":4},{"damage":2,"enemies":"Small Slimes","floor":3,"turns":3},{"damage":1,"enemies":"Jaw Worm","floor":4,"turns":3},{"damage":20,"floor":7,"turns":4},{"damage":7,"enemies":"3 Louse","floor":8,"turns":3},{"damage":1,"enemies":"Large Slime","floor":10,"turns":3},{"damage":2,"enemies":"Blue Slaver","floor":12,"turns":2},{"damage":4,"enemies":"Gremlin Gang","floor":14,"turns":3},{"damage":37,"enemies":"The Guardian","floor":16,"turns":7},{"damage":20,"enemies":"Shell Parasite","floor":18,"turns":4},{"damage":27,"enemies":"2 Thieves","floor":20,"turns":3},{"damage":48,"enemies":"Slaver and Parasite","floor":21,"turns":3}],"relics_obtained":[{"floor":7,"key":"Odd Mushroom"},{"floor":9,"key":"Potion Belt"}],"event_choices":[{"event_name":"Big Fish","player_choice":"Donut","floor":5,"damage_taken":0},{"event_name":"Mushrooms","player_choice":"Fought Mushrooms","floor":7,"damage_taken":0}],"boss_relics":[{"not_picked":["Busted Crown","Ectoplasm"],"picked":"Pandora\u0027s Box"}],"items_purged_floors":[2,11],"potions_floor_spawned":[1,4,8,10,20],"seed_played":"2138695479723751574","killed_by":"Slaver and Parasite","ascension_level":0,"potions_obtained":[{"floor":1,"key":"SteroidPotion"},{"floor":4,"key":"Regen Potion"},{"floor":8,"key":"Fire Potion"},{"floor":10,"key":"SpeedPotion"},{"floor":20,"key":"Energy Potion"}],"is_trial":false}