{"gold_per_floor":[215,234,247,247,259,259,259,259,259,106,125,143,170,181,181,259,259,277,293,313,313,332,332],"floor_reached":23,"playtime":1720,"items_purged":["Strike_G"],"score":374,"play_id":"bce217f3-d49a-42e7-a390-4af71ada7fcb","local_time":"20190317111614","is_ascension_mode":true,"campfire_choices":[{"data":"Neutralize","floor":6,"key":"SMITH"},{"data":"Deadly Poison","floor":8,"key":"SMITH"},{"data":"Calculated Gamble","floor":15,"key":"SMITH"}],"neow_cost":"NONE","seed_source_timestamp":286238941672255,"circlet_count":0,"master_deck":["AscendersBane","Defend_G","Defend_G","Defend_G","Defend_G","Defend_G","Strike_G","Strike_G","Survivor","Neutralize+1","Poisoned Stab","Backflip","Deadly Poison+1","Calculated Gamble+1","Footwork","A Thousand Cuts","Bouncing Flask","Backstab","After Image","Catalyst","Acrobatics","Noxious Fumes","Backflip"],"relics":["Ring of the Snake","Gremlin Horn","Pantograph","Cursed Key"],"potions_floor_usage":[13,13,18,19,23],"damage_taken":[{"damage":3,"enemies":"2 Louse","floor":1,"turns":4},{"damage":1,"enemies":"Small Slimes","floor":2,"turns":4},{"damage":0,"enemies":"Jaw Worm","floor":3,"turns":5},{"damage":4,"enemies":"Blue Slaver","floor":5,"turns":5},{"damage":3,"enemies":"3 Louse","floor":11,"turns":4},{"damage":1,"enemies":"Looter","floor":12,"turns":4},{"damage":16,"enemies":"Gremlin Nob","floor":13,"turns":5},{"damage":3,"enemies":"2 Fungi Beasts","floor":14,"turns":4},{"damage":4,"enemies":"Hexaghost","floor":16,"turns":10},{"damage":13,"enemies":"2 Thieves","floor":18,"turns":4},{"damage":16,"enemies":"Shell Parasite","floor":19,"turns":3},{"damage":8,"enemies":"Snecko","floor":20,"turns":5},{"damage":13,"enemies":"Cultist and Chosen","floor":22,"turns":8},{"damage":26,"enemies":"Book of Stabbing","floor":23,"turns":5}],"seed_played":"4726256770349764542","potions_obtained":[{"floor":2,"key":"GhostInAJar"},{"floor":12,"key":"Block Potion"},{"floor":13,"key":"Ancient Potion"},{"floor":16,"key":"AttackPotion"},{"floor":18,"key":"Poison Potion"},{"floor":22,"key":"GamblersBrew"}],"is_trial":false,"path_per_floor":["M","M","M","?","M","R","?","R","T","$","M","M","E","M","R","B",null,"M","M","M","?","M","E"],"character_chosen":"THE_SILENT","items_purchased":["Footwork"],"campfire_rested":0,"item_purchase_floors":[10],"current_hp_per_floor":[56,55,55,48,44,44,44,44,44,44,41,40,24,21,21,42,60,47,31,23,36,23,0],"gold":332,"neow_bonus":"HUNDRED_GOLD","is_prod":false,"is_daily":false,"chose_seed":false,"campfire_upgraded":3,"win_rate":0,"timestamp":1552835774,"path_taken":["M","M","M","?","M","R","?","R","T","$","M","M","E","M","R","BOSS","M","M","M","?","M","E"],"build_version":"2019-03-15","purchased_purges":1,"victory":false,"max_hp_per_floor":[66,66,66,66,66,66,66,66,66,66,66,66,66,66,66,66,66,66,66,66,66,66,66],"card_choices":[{"not_picked":["Dodge and Roll","Flying Knee"],"picked":"Poisoned Stab","floor":1},{"not_picked":["Flying Knee","Deflect"],"picked":"Backflip","floor":2},{"not_picked":["Noxious Fumes","Prepared"],"picked":"Deadly Poison","floor":3},{"not_picked":["Prepared","Tactician"],"picked":"Calculated Gamble","floor":5},{"not_picked":["Dagger Spray","Flying Knee"],"picked":"A Thousand Cuts","floor":11},{"not_picked":["Prepared","Finisher","Slice"],"picked":"SKIP","floor":12},{"not_picked":["Dodge and Roll","Dagger Spray"],"picked":"Bouncing Flask","floor":13},{"not_picked":["Choke","Masterful Stab"],"picked":"Backstab","floor":14},{"not_picked":["Venomology","Die Die Die"],"picked":"After Image","floor":16},{"not_picked":["Crippling Poison","Dagger Spray"],"picked":"Catalyst","floor":18},{"not_picked":["Outmaneuver","Blade Dance+1"],"picked":"Acrobatics","floor":19},{"not_picked":["Endless Agony","Infinite Blades+1"],"picked":"Noxious Fumes","floor":20},{"not_picked":["Heel Hook","Prepared"],"picked":"Backflip","floor":22}],"player_experience":547442,"relics_obtained":[{"floor":9,"key":"Gremlin Horn"},{"floor":13,"key":"Pantograph"}],"event_choices":[{"cards_removed":["Strike_G"],"damage_healed":0,"gold_gain":0,"player_choice":"Card Removal","damage_taken":7,"max_hp_gain":0,"max_hp_loss":0,"event_name":"Golden Wing","floor":4,"gold_loss":0},{"cards_removed":["Strike_G"],"damage_healed":0,"gold_gain":0,"player_choice":"Forget","damage_taken":0,"max_hp_gain":0,"max_hp_loss":0,"event_name":"Living Wall","floor":7,"gold_loss":0},{"damage_healed":13,"gold_gain":0,"player_choice":"Heal","damage_taken":0,"max_hp_gain":0,"max_hp_loss":0,"event_name":"The Library","floor":21,"gold_loss":0}],"is_beta":true,"boss_relics":[{"not_picked":["Lizard Tail","Astrolabe"],"picked":"Cursed Key"}],"items_purged_floors":[10],"is_endless":false,"potions_floor_spawned":[2,12,13,16,18,22],"killed_by":"Book of Stabbing","ascension_level":18}