{"gold_per_floor":[113,130,130,130,149,179,179,196,245,262,262,280,280,299,299,299],"floor_reached":16,"playtime":528,"items_purged":[],"score":104,"play_id":"0f39ee30-8126-45ec-927f-cf713e4ced1b","local_time":"20190128085312","is_ascension_mode":false,"campfire_choices":[{"floor":7,"key":"REST"},{"floor":11,"key":"REST"},{"floor":13,"key":"REST"},{"data":"Genetic Algorithm","floor":15,"key":"SMITH"}],"neow_cost":"NONE","seed_source_timestamp":93334718411644,"circlet_count":0,"master_deck":["Strike_B","Strike_B","Strike_B","Defend_B","Defend_B","Defend_B","Defend_B","Zap+1","Dualcast","Capacitor+1","Genetic Algorithm+1","Chaos","Redo","Ball Lightning"],"relics":["Cracked Core","NeowsBlessing","Kunai","Oddly Smooth Stone"],"potions_floor_usage":[6,10,16],"damage_taken":[{"damage":0,"enemies":"Cultist","floor":1,"turns":1},{"damage":0,"enemies":"Small Slimes","floor":2,"turns":1},{"damage":0,"enemies":"Jaw Worm","floor":5,"turns":1},{"damage":41,"enemies":"Lagavulin","floor":6,"turns":8},{"damage":12,"enemies":"2 Fungi Beasts","floor":8,"turns":4},{"damage":20,"enemies":"Exordium Thugs","floor":10,"turns":5},{"damage":7,"enemies":"Red Slaver","floor":12,"turns":4},{"damage":4,"enemies":"2 Fungi Beasts","floor":14,"turns":4},{"damage":42,"enemies":"The Guardian","floor":16,"turns":5}],"seed_played":"-2889405130878560704","potions_obtained":[{"floor":1,"key":"Weak Potion"},{"floor":2,"key":"Poison Potion"},{"floor":6,"key":"SpeedPotion"},{"floor":8,"key":"PowerPotion"}],"is_trial":false,"path_per_floor":["M","M","?","?","M","E","R","M","T","M","R","M","R","M","R","B"],"character_chosen":"DEFECT","items_purchased":[],"campfire_rested":3,"item_purchase_floors":[],"current_hp_per_floor":[75,75,60,60,60,19,41,29,29,9,31,24,46,42,42,0],"gold":299,"neow_bonus":"THREE_ENEMY_KILL","is_prod":false,"is_daily":false,"chose_seed":false,"campfire_upgraded":1,"win_rate":0.0,"timestamp":1548694392,"path_taken":["M","?","?","?","?","E","R","M","T","M","R","M","R","M","R","BOSS"],"build_version":"2019-01-23","purchased_purges":0,"victory":false,"max_hp_per_floor":[75,75,75,75,75,75,75,75,75,75,75,75,75,75,75,75],"card_choices":[{"not_picked":["Steam","Static Discharge"],"picked":"Capacitor","floor":1},{"not_picked":["Turbo","Coolheaded"],"picked":"Genetic Algorithm","floor":2},{"not_picked":["Hello World","Beam Cell","Reinforced Body"],"picked":"SKIP","floor":5},{"not_picked":["Steam","Blizzard"],"picked":"Redo","floor":6},{"not_picked":["Biased Cognition","Barrage","Beam Cell"],"picked":"SKIP","floor":8},{"not_picked":["Scrape","Turbo"],"picked":"Ball Lightning","floor":10},{"not_picked":["Cold Snap","Sweeping Beam","Turbo"],"picked":"SKIP","floor":12},{"not_picked":["Fission","Streamline","Conserve Battery"],"picked":"SKIP","floor":14}],"player_experience":207951,"relics_obtained":[{"floor":6,"key":"Kunai"},{"floor":9,"key":"Oddly Smooth Stone"}],"event_choices":[{"damage_healed":0,"gold_gain":0,"player_choice":"Entered Light","damage_taken":15,"max_hp_gain":0,"max_hp_loss":0,"event_name":"Shining Light","floor":3,"gold_loss":0,"cards_upgraded":["Capacitor","Zap"]},{"damage_healed":0,"gold_gain":0,"cards_transformed":["Strike_B"],"player_choice":"Transformed","damage_taken":0,"max_hp_gain":0,"max_hp_loss":0,"event_name":"Transmorgrifier","floor":4,"gold_loss":0,"cards_obtained":["Chaos"]}],"is_beta":false,"boss_relics":[],"items_purged_floors":[],"is_endless":false,"potions_floor_spawned":[1,2,6,8],"killed_by":"The Guardian","ascension_level":0}