{"gold_per_floor":[111,131,142,142,142,173,173,208,208,208,248,248,262,282,282,371,371,394,412,247,247,265,308,308,327,354,354,379,396,396,321,321,393,393,410,430,430,430,289,289,319,338,338,349,349,375,375,390,390,390,390,390,390,27,61,61],"floor_reached":57,"playtime":3141,"items_purged":["Strike_G","Bane+1"],"score":2865,"play_id":"65f9b901-84c7-4d44-8ff3-c387ae5ca825","local_time":"20190322222459","is_ascension_mode":true,"campfire_choices":[{"data":"Catalyst","floor":7.0,"key":"SMITH"},{"data":"Poisoned Stab","floor":10.0,"key":"SMITH"},{"data":"Corpse Explosion","floor":15.0,"key":"SMITH"},{"data":"Leg Sweep","floor":24.0,"key":"SMITH"},{"data":"Catalyst","floor":30.0,"key":"SMITH"},{"data":"Dodge and Roll","floor":32.0,"key":"SMITH"},{"data":"Footwork","floor":40.0,"key":"SMITH"},{"data":"Well Laid Plans","floor":45.0,"key":"SMITH"},{"floor":47.0,"key":"RECALL"},{"data":"Deadly Poison","floor":49.0,"key":"SMITH"},{"data":"Night Terror","floor":53.0,"key":"SMITH"}],"neow_cost":"TEN_PERCENT_HP_LOSS","seed_source_timestamp":838857385433084,"circlet_count":0,"master_deck":["AscendersBane","Defend_G","Defend_G","Defend_G","Defend_G","Survivor","Neutralize+1","Corpse Explosion+1","Poisoned Stab+1","Dodge and Roll","Catalyst+1","Dodge and Roll","Backflip","Dodge and Roll+1","Poisoned Stab+1","Wraith Form v2+1","Blur","Leg Sweep+1","Die Die Die+1","Escape Plan","Catalyst+1","Night Terror+1","Expertise+1","Skewer+1","Footwork+1","Noxious Fumes","Well Laid Plans+1","Deadly Poison+1","Footwork","Footwork+1"],"special_seed":0,"relics":["Ring of the Snake","Bloody Idol","Du-Vu Doll","Molten Egg 2","Gremlin Horn","Sundial","Coffee Dripper","PreservedInsect","Art of War","Astrolabe","Shuriken","Thread and Needle","Centennial Puzzle","Blue Candle"],"potions_floor_usage":[],"damage_taken":[{"damage":10.0,"enemies":"Cultist","floor":1.0,"turns":6.0},{"damage":1.0,"enemies":"Small Slimes","floor":2.0,"turns":4.0},{"damage":0.0,"enemies":"2 Louse","floor":3.0,"turns":3.0},{"damage":9.0,"enemies":"3 Sentries","floor":6.0,"turns":5.0},{"damage":12.0,"enemies":"Lagavulin","floor":8.0,"turns":4.0},{"damage":12.0,"enemies":"3 Sentries","floor":11.0,"turns":4.0},{"damage":0.0,"enemies":"2 Fungi Beasts","floor":13.0,"turns":3.0},{"damage":6.0,"enemies":"Gremlin Gang","floor":14.0,"turns":3.0},{"damage":0.0,"enemies":"Hexaghost","floor":16.0,"turns":7.0},{"damage":1.0,"enemies":"3 Byrds","floor":18.0,"turns":2.0},{"damage":0.0,"enemies":"Spheric Guardian","floor":19.0,"turns":4.0},{"damage":5.0,"enemies":"Snake Plant","floor":22.0,"turns":4.0},{"damage":27.0,"enemies":"Slavers","floor":23.0,"turns":3.0},{"damage":3.0,"enemies":"Centurion and Healer","floor":25.0,"turns":6.0},{"damage":5.0,"enemies":"Book of Stabbing","floor":28.0,"turns":5.0},{"damage":4.0,"enemies":"Cultist and Chosen","floor":29.0,"turns":5.0},{"damage":58.0,"enemies":"Collector","floor":33.0,"turns":7.0},{"damage":0.0,"enemies":"3 Shapes","floor":35.0,"turns":5.0},{"damage":1.0,"enemies":"Orb Walker","floor":36.0,"turns":3.0},{"damage":0.0,"enemies":"Nemesis","floor":41.0,"turns":7.0},{"damage":2.0,"enemies":"Sphere and 2 Shapes","floor":42.0,"turns":6.0},{"damage":0.0,"enemies":"Maw","floor":44.0,"turns":6.0},{"damage":6.0,"enemies":"Reptomancer","floor":46.0,"turns":3.0},{"damage":0.0,"enemies":"3 Darklings","floor":48.0,"turns":3.0},{"damage":17.0,"enemies":"Time Eater","floor":50.0,"turns":8.0},{"damage":28.0,"enemies":"Awakened One","floor":51.0,"turns":13.0},{"damage":15.0,"enemies":"Shield and Spear","floor":55.0,"turns":9.0},{"damage":40,"enemies":"The Heart","floor":56,"turns":12}],"seed_played":"4755697582171618180","potions_obtained":[{"floor":1.0,"key":"LiquidBronze"},{"floor":8.0,"key":"Strength Potion"},{"floor":13.0,"key":"Fruit Juice"},{"floor":14.0,"key":"Swift Potion"},{"floor":23.0,"key":"Strength Potion"},{"floor":25.0,"key":"GhostInAJar"},{"floor":28.0,"key":"FairyPotion"},{"floor":33.0,"key":"SkillPotion"},{"floor":44.0,"key":"Ancient Potion"},{"floor":48.0,"key":"GhostInAJar"}],"is_trial":false,"path_per_floor":["M","M","M","?","?","E","R","E","T","R","E","?","M","M","R","B",null,"M","M","$","?","M","E","R","M","T","?","E","M","R","?","R","B",null,"M","M","?","?","$","R","E","M","T","M","R","E","R","M","R","B","B",null,"R","$","E","B",null],"character_chosen":"THE_SILENT","items_purchased":["Leg Sweep","Footwork","Centennial Puzzle","FairyPotion","Footwork"],"campfire_rested":0,"item_purchase_floors":[20,39,54,54,54],"current_hp_per_floor":[49,48,48,48,48,39,39,27,27,27,15,54,54,53,53,53,58,57,57,57,57,52,25,25,22,22,22,22,23,23,23,23,10,47,52,56,56,56,56,56,59,59,59,59,59,58,58,59,59,42,14,48,48,48,38,3],"gold":61,"neow_bonus":"TRANSFORM_TWO_CARDS","is_prod":false,"is_daily":false,"chose_seed":false,"campfire_upgraded":10,"win_rate":0,"timestamp":1553307899,"path_taken":["M","M","M","?","?","E","R","E","T","R","E","?","?","M","R","BOSS","M","M","$","?","M","E","R","?","T","?","E","M","R","?","R","BOSS","M","M","?","?","$","R","E","?","T","M","R","E","R","M","R","BOSS","BOSS","R","$","E","BOSS"],"build_version":"2019-03-15","purchased_purges":2,"victory":true,"max_hp_per_floor":[60,60,60,54,54,54,54,54,54,54,54,54,54,59,59,59,59,59,59,59,59,59,59,59,59,59,59,59,59,59,59,59,59,59,59,59,59,59,59,59,59,59,59,59,59,59,59,59,59,59,59,59,59,59,59,59],"card_choices":[{"not_picked":["Eviscerate","Prepared"],"picked":"Poisoned Stab","floor":1.0},{"not_picked":["Deflect","Quick Slash"],"picked":"Poisoned Stab","floor":2.0},{"not_picked":["Quick Slash","Prepared"],"picked":"Dodge and Roll","floor":3.0},{"not_picked":["Flying Knee","Backflip"],"picked":"Catalyst","floor":6.0},{"not_picked":["Distraction","Heel Hook"],"picked":"Dodge and Roll","floor":8.0},{"not_picked":["Blade Dance","Bullet Time"],"picked":"Backflip","floor":11.0},{"not_picked":["Infinite Blades","Finisher+1"],"picked":"Dodge and Roll","floor":13.0},{"not_picked":["Tactician","Flying Knee+1"],"picked":"Poisoned Stab+1","floor":14.0},{"not_picked":["A Thousand Cuts","Die Die Die+1"],"picked":"Wraith Form v2","floor":16.0},{"not_picked":["Concentrate","Dagger Spray+1"],"picked":"Blur","floor":18.0},{"not_picked":["Flying Knee+1","Backflip"],"picked":"Bane+1","floor":19.0},{"not_picked":["Acrobatics","Flying Knee+1"],"picked":"Backstab+1","floor":22.0},{"not_picked":["Slice+1","Blade Dance"],"picked":"Die Die Die+1","floor":23.0},{"not_picked":["Dagger Throw+1","Infinite Blades"],"picked":"Escape Plan","floor":25.0},{"not_picked":["Predator+1","Bane+1","Dagger Throw+1"],"picked":"SKIP","floor":28.0},{"not_picked":["Backflip","Cloak And Dagger"],"picked":"Catalyst","floor":29.0},{"not_picked":["Wraith Form v2","A Thousand Cuts"],"picked":"Night Terror","floor":33.0},{"not_picked":["Flying Knee+1","Expertise","Quick Slash+1"],"picked":"SKIP","floor":35.0},{"not_picked":["Cloak And Dagger+1","Distraction+1","Prepared"],"picked":"SKIP","floor":36.0},{"not_picked":["Blade Dance","Cloak And Dagger"],"picked":"Noxious Fumes","floor":41.0},{"not_picked":["Flechettes+1","Deflect","Bane+1"],"picked":"SKIP","floor":42.0},{"not_picked":["Flying Knee+1","Sucker Punch+1"],"picked":"Well Laid Plans","floor":44.0},{"not_picked":["Outmaneuver","Deflect"],"picked":"Deadly Poison","floor":46.0},{"not_picked":["Slice+1","Finisher+1","Bullet Time"],"picked":"SKIP","floor":48.0},{"not_picked":["Terror","Eviscerate+1"],"picked":"Footwork+1","floor":55.0}],"player_experience":1188381,"relics_obtained":[{"floor":6.0,"key":"Du-Vu Doll"},{"floor":8.0,"key":"Molten Egg 2"},{"floor":9.0,"key":"Gremlin Horn"},{"floor":11.0,"key":"Sundial"},{"floor":23.0,"key":"PreservedInsect"},{"floor":26.0,"key":"Art of War"},{"floor":41.0,"key":"Shuriken"},{"floor":46.0,"key":"Thread and Needle"},{"floor":55.0,"key":"Blue Candle"}],"event_choices":[{"damage_healed":0.0,"max_hp_gain":0.0,"max_hp_loss":6.0,"gold_gain":0.0,"event_name":"Golden Idol","player_choice":"Lose Max HP","floor":4.0,"gold_loss":0.0,"damage_taken":0.0,"relics_obtained":["Golden Idol"]},{"damage_healed":0.0,"max_hp_gain":0.0,"max_hp_loss":0.0,"gold_gain":0.0,"event_name":"Living Wall","player_choice":"Grow","floor":5.0,"gold_loss":0.0,"damage_taken":0.0,"cards_upgraded":["Neutralize"]},{"cards_removed":["Distraction"],"damage_healed":39.0,"max_hp_gain":0.0,"max_hp_loss":0.0,"gold_gain":0.0,"event_name":"Bonfire Elementals","player_choice":"Offered Uncommon","floor":12.0,"gold_loss":0.0,"damage_taken":0.0},{"damage_healed":0.0,"max_hp_gain":0.0,"max_hp_loss":0.0,"gold_gain":0.0,"event_name":"Accursed Blacksmith","player_choice":"Forge","floor":21.0,"gold_loss":0.0,"damage_taken":0.0,"cards_upgraded":["Wraith Form v2"]},{"damage_healed":0.0,"max_hp_gain":0.0,"max_hp_loss":0.0,"gold_gain":0.0,"event_name":"Forgotten Altar","player_choice":"Gave Idol","floor":27.0,"relics_lost":["Golden Idol"],"gold_loss":0.0,"damage_taken":0.0,"relics_obtained":["Bloody Idol"]},{"cards_removed":["Strike_G"],"damage_healed":0.0,"max_hp_gain":0.0,"max_hp_loss":0.0,"gold_gain":0.0,"event_name":"Beggar","player_choice":"Gave Gold","floor":31.0,"gold_loss":75.0,"damage_taken":0.0},{"cards_removed":["Envenom"],"damage_healed":0.0,"max_hp_gain":0.0,"max_hp_loss":0.0,"gold_gain":0.0,"event_name":"Falling","player_choice":"Removed Power","floor":37.0,"gold_loss":0.0,"damage_taken":0.0},{"cards_removed":["Poisoned Stab"],"damage_healed":0.0,"max_hp_gain":0.0,"max_hp_loss":0.0,"gold_gain":0.0,"event_name":"Purifier","player_choice":"Purged","floor":38.0,"gold_loss":0.0,"damage_taken":0.0}],"is_beta":true,"boss_relics":[{"not_picked":["Empty Cage","Ectoplasm"],"picked":"Coffee Dripper"},{"not_picked":["Fusion Hammer","Eternal Feather"],"picked":"Astrolabe"}],"items_purged_floors":[20,39],"is_endless":false,"potions_floor_spawned":[1,8,13,14,16,22,23,25,28,33,36,44,48],"ascension_level":20}