{"gold_per_floor":[366,366,382,46,64,64,76,106,133,153,153,172,172,190,190,261,261,273,283,283,300,372,372,390,390,413,443,443,232,232],"floor_reached":30,"playtime":938,"items_purged":["Regret"],"score":604,"play_id":"28fda70c-4eb3-44ff-8b92-493d9ed1537c","local_time":"20180921221842","is_ascension_mode":true,"campfire_choices":[{"data":"Dualcast","floor":6.0,"key":"SMITH"},{"floor":11.0,"key":"REST"},{"data":"Streamline","floor":13.0,"key":"SMITH"},{"data":"Zap","floor":15.0,"key":"SMITH"},{"floor":23,"key":"REST"},{"floor":25,"key":"REST"}],"neow_cost":"CURSE","seed_source_timestamp":739054149125252,"circlet_count":0,"master_deck":["Strike_B","Strike_B","Strike_B","Strike_B","Defend_B+1","Defend_B","Defend_B","Defend_B","Zap+1","Dualcast+1","AscendersBane","Decay","Conserve Battery","Conserve Battery","Cold Snap","Streamline+1","Auto Shields+1","Go for the Eyes","Ball Lightning","Skim","Echo Form","Ball Lightning","Go for the Eyes+1","Steam+1","Tempest","Thunder Strike","Defragment+1"],"special_seed":0,"relics":["Cracked Core","Ice Cream","Ancient Tea Set","Bag of Marbles","Cursed Key","MutagenicStrength","Frozen Egg 2","War Paint","Strawberry"],"potions_floor_usage":[27,30],"damage_taken":[{"damage":9.0,"enemies":"Small Slimes","floor":1.0,"turns":3.0},{"damage":0.0,"enemies":"Cultist","floor":3.0,"turns":3.0},{"damage":3.0,"enemies":"2 Louse","floor":5.0,"turns":4.0},{"damage":5.0,"enemies":"Exordium Thugs","floor":7.0,"turns":3.0},{"damage":23.0,"enemies":"Lagavulin","floor":8.0,"turns":7.0},{"damage":12.0,"enemies":"Gremlin Gang","floor":10.0,"turns":4.0},{"damage":0.0,"enemies":"Looter","floor":12.0,"turns":2.0},{"damage":3.0,"enemies":"Blue Slaver","floor":14.0,"turns":2.0},{"damage":0.0,"enemies":"Slime Boss","floor":16.0,"turns":7.0},{"damage":20.0,"enemies":"Shell Parasite","floor":18.0,"turns":5.0},{"damage":9,"enemies":"Spheric Guardian","floor":19,"turns":3},{"damage":23,"enemies":"Snake Plant","floor":21,"turns":5},{"damage":19,"enemies":"Centurion and Healer","floor":24,"turns":5},{"damage":30,"enemies":"Slavers","floor":27,"turns":5},{"damage":10,"enemies":"Chosen and Byrds","floor":30,"turns":3}],"seed_played":"5521009334905273364","potions_obtained":[{"floor":1.0,"key":"FocusPotion"},{"floor":5.0,"key":"Fire Potion"},{"floor":8.0,"key":"Dexterity Potion"},{"floor":14.0,"key":"SteroidPotion"},{"floor":18.0,"key":"Dexterity Potion"}],"is_trial":false,"path_per_floor":["M","?","M","$","M","R","M","E","T","M","R","M","R","M","R","B",null,"M","M","?","M","T","R","M","R","T","E","?","$"],"character_chosen":"DEFECT","items_purchased":["Ice Cream","Defragment+1","Block Potion"],"campfire_rested":3,"item_purchase_floors":[4,29,29],"current_hp_per_floor":[55,55,55,55,52,52,47,24,24,12,33,33,33,30,30,30,61,41,32,32,9,9,30,11,32,32,9,9,9,0],"gold":232,"neow_bonus":"TWO_FIFTY_GOLD","is_prod":false,"is_daily":false,"chose_seed":false,"campfire_upgraded":3,"win_rate":0,"timestamp":1537582722,"path_taken":["M","?","M","$","M","R","M","E","T","M","R","?","R","M","R","BOSS","M","?","?","?","?","R","M","R","T","E","?","$","M"],"build_version":"2018-09-20","purchased_purges":1,"victory":false,"max_hp_per_floor":[71,71,71,71,71,71,71,71,71,71,71,71,71,71,71,71,71,71,71,71,71,71,71,71,71,71,78,78,78,78],"card_choices":[{"not_picked":["Coolheaded","Lockon"],"picked":"Conserve Battery","floor":1.0},{"not_picked":["Conserve Battery","Tempest"],"picked":"Cold Snap","floor":3.0},{"not_picked":["Stack","Turbo","Gash"],"picked":"SKIP","floor":5.0},{"not_picked":["Gash","Lockon"],"picked":"Streamline","floor":7.0},{"not_picked":["Rainbow","Fusion"],"picked":"Auto Shields","floor":8.0},{"not_picked":["Sweeping Beam","Turbo"],"picked":"Go for the Eyes","floor":10.0},{"not_picked":["Leap","Defragment"],"picked":"Ball Lightning","floor":12.0},{"not_picked":["Gash","Sweeping Beam"],"picked":"Skim","floor":14.0},{"not_picked":["Amplify","Buffer"],"picked":"Echo Form","floor":16.0},{"not_picked":["Static Discharge","Turbo"],"picked":"Ball Lightning","floor":18.0},{"not_picked":["Compile Driver","Streamline"],"picked":"Go for the Eyes+1","floor":19},{"not_picked":["Rip and Tear","Force Field"],"picked":"Steam+1","floor":21},{"not_picked":["Recycle","Ball Lightning"],"picked":"Tempest","floor":24},{"not_picked":["Sunder+1","Lockon"],"picked":"Thunder Strike","floor":27}],"player_experience":877563,"relics_obtained":[{"floor":8.0,"key":"Ancient Tea Set"},{"floor":9.0,"key":"Bag of Marbles"},{"floor":22,"key":"Frozen Egg 2"},{"floor":26,"key":"War Paint"},{"floor":27,"key":"Strawberry"}],"event_choices":[{"event_name":"Match and Keep!","player_choice":"1 cards matched","floor":2.0,"damage_taken":0.0},{"event_name":"Drug Dealer","player_choice":"Inject Mutagens","floor":20,"damage_taken":0},{"event_name":"Purifier","player_choice":"One Purge","floor":28,"damage_taken":0}],"is_beta":false,"boss_relics":[{"not_picked":["Sozu","Tiny House"],"picked":"Cursed Key"}],"items_purged_floors":[29],"is_endless":false,"potions_floor_spawned":[1,5,8,14,18,21],"killed_by":"Chosen and Byrds","ascension_level":20}