{"gold_per_floor":[118,118,71,71,40,40,40,71,126,126,126,126,37,49,49,49],"floor_reached":16,"playtime":289,"items_purged":[],"score":99,"play_id":"3bfca27f-400d-40a6-8a89-5f450c19189f","local_time":"20190228052951","is_ascension_mode":true,"campfire_choices":[{"data":"Sweeping Beam","floor":6,"key":"SMITH"},{"floor":11,"key":"REST"},{"data":"Streamline","floor":15,"key":"SMITH"}],"neow_cost":"NONE","seed_source_timestamp":654034174846278,"circlet_count":0,"master_deck":["Strike_B","Strike_B","Strike_B","Strike_B+1","Defend_B","Defend_B","Defend_B+1","Defend_B","Zap","Dualcast","Turbo","Sweeping Beam+1","Go for the Eyes","Static Discharge","Streamline+1","Beam Cell"],"relics":["Cracked Core","Mercury Hourglass","Bronze Scales","Centennial Puzzle"],"potions_floor_usage":[8],"damage_taken":[{"damage":10,"enemies":"Jaw Worm","floor":1,"turns":4},{"damage":37,"enemies":"Lagavulin","floor":8,"turns":9},{"damage":0,"enemies":"2 Louse","floor":14,"turns":1},{"damage":46,"enemies":"The Guardian","floor":16,"turns":4}],"seed_played":"-7596614211055679856","potions_obtained":[{"floor":1,"key":"Regen Potion"}],"is_trial":false,"path_per_floor":["M","?","$","?","?","R","$","E","T","?","R","?","$","M","R","B"],"character_chosen":"DEFECT","items_purchased":["Go for the Eyes","Static Discharge","Streamline"],"campfire_rested":1,"item_purchase_floors":[3,13,13],"current_hp_per_floor":[65,65,65,50,50,50,50,28,28,21,43,43,43,43,43,0],"gold":49,"neow_bonus":"THREE_CARDS","is_prod":false,"is_daily":false,"chose_seed":false,"campfire_upgraded":2,"win_rate":0,"timestamp":1551360591,"path_taken":["M","?","?","?","?","R","$","E","T","?","R","?","$","M","R","BOSS"],"build_version":"2019-01-23","purchased_purges":0,"victory":false,"max_hp_per_floor":[75,75,75,75,75,75,75,75,75,75,75,75,75,75,75,75],"card_choices":[{"not_picked":["Redo","Leap"],"picked":"Turbo","floor":0},{"not_picked":["Loop","Rebound"],"picked":"Sweeping Beam","floor":1},{"not_picked":["Lockon","Coolheaded","Aggregate"],"picked":"SKIP","floor":8},{"not_picked":["Cold Snap","Heatsinks"],"picked":"Beam Cell","floor":14}],"player_experience":292191,"relics_obtained":[{"floor":8,"key":"Mercury Hourglass"},{"floor":9,"key":"Bronze Scales"}],"event_choices":[{"damage_healed":0,"gold_gain":0,"player_choice":"Leave","damage_taken":0,"max_hp_gain":0,"max_hp_loss":0,"event_name":"The Cleric","floor":2,"gold_loss":0},{"damage_healed":0,"gold_gain":0,"player_choice":"Entered Light","damage_taken":15,"max_hp_gain":0,"max_hp_loss":0,"event_name":"Shining Light","floor":4,"gold_loss":0,"cards_upgraded":["Strike_B","Defend_B"]},{"damage_healed":0,"gold_gain":0,"player_choice":"Left Gold","damage_taken":0,"max_hp_gain":0,"max_hp_loss":0,"event_name":"World of Goop","floor":5,"gold_loss":31},{"damage_healed":0,"gold_gain":0,"player_choice":"Success","damage_taken":7,"relics_obtained":["Centennial Puzzle"],"max_hp_gain":0,"max_hp_loss":0,"event_name":"Scrap Ooze","floor":10,"gold_loss":0},{"damage_healed":0,"gold_gain":0,"player_choice":"Ignored","damage_taken":0,"max_hp_gain":0,"max_hp_loss":0,"event_name":"Liars Game","floor":12,"gold_loss":0}],"is_beta":false,"boss_relics":[],"items_purged_floors":[],"is_endless":false,"potions_floor_spawned":[1],"killed_by":"The Guardian","ascension_level":1}