{"gold_per_floor":[118,135,151,151,326,326,353,365,391,391,404,179,179,62,62,62],"floor_reached":16,"playtime":268,"items_purged":["Doubt"],"score":110,"play_id":"cd46afc2-c30d-4e53-9c8c-1e87d7fc4597","local_time":"20190312064944","is_ascension_mode":true,"campfire_choices":[{"data":"Searing Blow","floor":6,"key":"SMITH"},{"data":"Searing Blow+1","floor":10,"key":"SMITH"},{"floor":15,"key":"REST"}],"neow_cost":"NONE","seed_source_timestamp":346391338320060,"circlet_count":0,"master_deck":["Strike_R","Strike_R","Strike_R+1","Strike_R+1","Strike_R","Defend_R+1","Defend_R","Defend_R","Defend_R+1","Bash","Searing Blow+2","Perfected Strike","Clash","Twin Strike","Bandage Up","Heavy Blade"],"relics":["Burning Blood","NeowsBlessing","Ancient Tea Set","War Paint","Regal Pillow","Golden Idol"],"potions_floor_usage":[16],"damage_taken":[{"damage":0,"enemies":"Cultist","floor":1,"turns":1},{"damage":0,"enemies":"Jaw Worm","floor":2,"turns":1},{"damage":3,"enemies":"2 Louse","floor":3,"turns":2},{"damage":34,"enemies":"Gremlin Nob","floor":7,"turns":5},{"damage":17,"enemies":"Looter","floor":8,"turns":3},{"damage":7,"enemies":"3 Louse","floor":11,"turns":2},{"damage":62,"enemies":"Hexaghost","floor":16,"turns":9}],"seed_played":"911224580963133734","potions_obtained":[{"floor":2,"key":"FairyPotion"},{"floor":7,"key":"Poison Potion"}],"is_trial":false,"path_per_floor":["M","M","M","?","?","R","E","M","T","R","M","$","?","$","R","B"],"character_chosen":"IRONCLAD","items_purchased":["Regal Pillow","Bandage Up","Heavy Blade"],"campfire_rested":1,"item_purchase_floors":[12,14,14],"current_hp_per_floor":[80,80,80,64,64,64,36,25,25,25,24,24,4,4,43,0],"gold":62,"neow_bonus":"THREE_ENEMY_KILL","is_prod":false,"is_daily":false,"chose_seed":false,"campfire_upgraded":2,"win_rate":0,"timestamp":1552398584,"path_taken":["M","M","?","?","?","R","E","M","T","R","M","$","?","$","R","BOSS"],"build_version":"2019-01-23","purchased_purges":1,"victory":false,"max_hp_per_floor":[80,80,80,80,80,80,80,80,80,80,80,80,80,80,80,80],"card_choices":[{"not_picked":["Perfected Strike","Thunderclap","Iron Wave"],"picked":"SKIP","floor":1},{"not_picked":["Havoc","Blood for Blood"],"picked":"Searing Blow","floor":2},{"not_picked":["Headbutt","Anger"],"picked":"Perfected Strike","floor":3},{"not_picked":["True Grit","Sword Boomerang"],"picked":"Clash","floor":7},{"not_picked":["Thunderclap","Infernal Blade"],"picked":"Twin Strike","floor":8},{"not_picked":["Blood for Blood","Shrug It Off","Disarm"],"picked":"SKIP","floor":11}],"player_experience":337370,"relics_obtained":[{"floor":7,"key":"Ancient Tea Set"},{"floor":9,"key":"War Paint"}],"event_choices":[{"damage_healed":0,"gold_gain":0,"player_choice":"Entered Light","damage_taken":16,"max_hp_gain":0,"max_hp_loss":0,"event_name":"Shining Light","floor":4,"gold_loss":0,"cards_upgraded":["Strike_R","Strike_R"]},{"damage_healed":0,"gold_gain":175,"player_choice":"AGREE","damage_taken":0,"max_hp_gain":0,"max_hp_loss":0,"event_name":"Liars Game","floor":5,"gold_loss":0,"cards_obtained":["Doubt"]},{"damage_healed":0,"gold_gain":0,"player_choice":"Take Damage","damage_taken":20,"relics_obtained":["Golden Idol"],"max_hp_gain":0,"max_hp_loss":0,"event_name":"Golden Idol","floor":13,"gold_loss":0}],"is_beta":false,"boss_relics":[],"items_purged_floors":[12],"is_endless":false,"potions_floor_spawned":[2,7],"killed_by":"Hexaghost","ascension_level":2}