{"gold_per_floor":[117,82,51,51,63,63,91,91,91,108,108,120,146,189,201,290,302,332,37,55,71,71,71,102,21,21,21,21,21,21,40,40,40],"floor_reached":33,"playtime":1005,"items_purged":["Strike_R"],"score":567,"play_id":"213ec5e7-4916-45bf-a356-c1214d8df6a8","local_time":"20181017000945","is_ascension_mode":true,"campfire_choices":[{"data":"Armaments","floor":6.0,"key":"SMITH"},{"data":"Bash","floor":12.0,"key":"SMITH"},{"data":"Inflame","floor":15.0,"key":"SMITH"},{"data":"True Grit","floor":23.0,"key":"SMITH"},{"data":"Limit Break","floor":28,"key":"SMITH"},{"data":"Disarm","floor":30,"key":"SMITH"},{"data":"Pommel Strike","floor":32,"key":"SMITH"}],"neow_cost":"PERCENT_DAMAGE","seed_source_timestamp":451023856627877,"circlet_count":0,"master_deck":["Defend_R+1","Defend_R","Defend_R","Defend_R+1","Bash+1","AscendersBane","Pommel Strike+1","Armaments+1","Fiend Fire+1","Rampage","Inflame+1","Limit Break+1","Offering","Feel No Pain","True Grit+1","Bite","Bite","Bite","Bite","Bite","Disarm+1"],"special_seed":0,"relics":["Burning Blood","Bird Faced Urn","Dream Catcher","War Paint","MawBank","Whetstone","Mark of Pain","Medical Kit","Bronze Scales","Meat on the Bone"],"potions_floor_usage":[],"damage_taken":[{"damage":10.0,"enemies":"Small Slimes","floor":1.0,"turns":3.0},{"damage":1.0,"enemies":"2 Louse","floor":5.0,"turns":3.0},{"damage":35.0,"enemies":"Lagavulin","floor":7.0,"turns":6.0},{"damage":0.0,"enemies":"Jaw Worm","floor":10.0,"turns":2.0},{"damage":13.0,"enemies":"Blue Slaver","floor":13.0,"turns":4.0},{"damage":8.0,"enemies":"Gremlin Nob","floor":14.0,"turns":3.0},{"damage":24.0,"enemies":"Hexaghost","floor":16.0,"turns":9.0},{"damage":6.0,"enemies":"Chosen","floor":18.0,"turns":3.0},{"damage":17.0,"enemies":"Spheric Guardian","floor":20.0,"turns":4.0},{"damage":6.0,"enemies":"Snecko","floor":21.0,"turns":2.0},{"damage":52.0,"enemies":"Book of Stabbing","floor":24.0,"turns":4.0},{"damage":9,"enemies":"Snake Plant","floor":31,"turns":3},{"damage":81,"enemies":"Champ","floor":33,"turns":10}],"seed_played":"1022244085604051583","potions_obtained":[{"floor":7.0,"key":"EssenceOfSteel"},{"floor":10.0,"key":"Strength Potion"},{"floor":18.0,"key":"Strength Potion"}],"is_trial":false,"path_per_floor":["M","?","$","?","M","R","E","?","T","M","?","R","M","E","R","B",null,"M","$","M","M","?","R","E","$","T","?","R","$","R","M","R"],"character_chosen":"IRONCLAD","items_purchased":["Pommel Strike","Medical Kit","Disarm"],"campfire_rested":0,"item_purchase_floors":[3,19,25],"current_hp_per_floor":[46,64,64,57,62,62,33,33,33,39,34,34,27,27,27,11,59,59,59,52,54,52,52,13,13,13,13,13,13,13,34,34,0],"gold":40,"neow_bonus":"ONE_RARE_RELIC","is_prod":false,"is_daily":false,"chose_seed":false,"campfire_upgraded":7,"win_rate":0,"timestamp":1539749385,"path_taken":["M","?","$","?","?","R","E","?","T","M","?","R","M","E","R","BOSS","M","$","M","M","?","R","E","$","T","?","R","?","R","M","R","BOSS"],"build_version":"2018-10-11","purchased_purges":1,"victory":false,"max_hp_per_floor":[75,75,75,75,75,75,75,75,75,75,75,75,75,75,75,75,75,75,75,75,75,52,52,52,52,52,52,52,52,52,52,52,52],"card_choices":[{"not_picked":["Clash","Body Slam"],"picked":"Perfected Strike","floor":1.0},{"not_picked":["Body Slam","Clash"],"picked":"Armaments","floor":5.0},{"not_picked":["Pummel","Warcry"],"picked":"Fiend Fire","floor":7.0},{"not_picked":["Headbutt","Wild Strike"],"picked":"Rampage","floor":10.0},{"not_picked":["True Grit","Headbutt"],"picked":"Inflame","floor":13.0},{"not_picked":["Cleave","Thunderclap"],"picked":"Limit Break","floor":14.0},{"not_picked":["Immolate","Demon Form"],"picked":"Offering","floor":16.0},{"not_picked":["Sword Boomerang","Sever Soul"],"picked":"Feel No Pain","floor":18.0},{"not_picked":["Anger","Searing Blow","Headbutt"],"picked":"SKIP","floor":20.0},{"not_picked":["Inflame","Thunderclap"],"picked":"True Grit","floor":21.0},{"not_picked":["Havoc","Searing Blow","Clothesline"],"picked":"SKIP","floor":24.0},{"not_picked":["Dual Wield","Blood for Blood","Cleave"],"picked":"SKIP","floor":31}],"player_experience":974621,"relics_obtained":[{"floor":7.0,"key":"Dream Catcher"},{"floor":9.0,"key":"War Paint"},{"floor":14.0,"key":"Whetstone"},{"floor":24.0,"key":"Bronze Scales"},{"floor":26.0,"key":"Meat on the Bone"}],"event_choices":[{"event_name":"The Cleric","player_choice":"Healed","floor":2.0,"damage_taken":0.0},{"event_name":"Golden Wing","player_choice":"Card Removal","floor":4.0,"damage_taken":0.0},{"event_name":"Liars Game","player_choice":"disagreed","floor":8.0,"damage_taken":0.0},{"event_name":"Scrap Ooze","player_choice":"success","floor":11.0,"damage_taken":5.0},{"event_name":"Vampires","player_choice":"Became a vampire","floor":22.0,"damage_taken":0.0},{"event_name":"Back to Basics","player_choice":"Elegance","floor":27,"damage_taken":0}],"is_beta":false,"boss_relics":[{"not_picked":["Orrery","Black Star"],"picked":"Mark of Pain"}],"items_purged_floors":[19],"is_endless":false,"potions_floor_spawned":[7,10,13,18],"killed_by":"Champ","ascension_level":20}