{"gold_per_floor":[117,67,85,95,95,95,113,113,113,144,101,101,134,153,153,258,258,269,269,280,36,36,36,51,51,51,62,161,161,86,111,111,209,209,229,229,29,29,29,29,61,61,61,87,103,117,143,156,156,156,156,156,56,90,90],"floor_reached":55,"playtime":2693,"items_purged":["Normality","Strike_B"],"score":939,"play_id":"76bc4c06-140e-4113-b46a-af793757c406","local_time":"20190126015343","is_ascension_mode":true,"campfire_choices":[{"data":"Defragment","floor":6,"key":"SMITH"},{"data":"Zap","floor":8,"key":"SMITH"},{"data":"Compile Driver","floor":12,"key":"SMITH"},{"data":"Scrape","floor":15,"key":"SMITH"},{"data":"Amplify","floor":23,"key":"SMITH"},{"data":"Defragment","floor":25,"key":"SMITH"},{"data":"Chill","floor":32,"key":"SMITH"},{"data":"Echo Form","floor":40,"key":"SMITH"},{"data":"Defragment","floor":42,"key":"SMITH"},{"floor":49,"key":"RECALL"},{"floor":52,"key":"REST"}],"neow_cost":"TEN_PERCENT_HP_LOSS","seed_source_timestamp":87138125344354,"circlet_count":0,"master_deck":["Defend_B+1","Defend_B","Defend_B","Zap+1","Dualcast","Cold Snap+1","Defragment+1","Compile Driver+1","Chill+1","White Noise","Scrape+1","Gash","Amplify+1","Undo+1","White Noise","Defragment+1","Gash+1","Sweeping Beam","FTL","Defragment+1","Electrodynamics","Steam+1","Echo Form+1","Cold Snap","Sweeping Beam","Gash+1","Conserve Battery","Gash+1","Gash","Loop+1","Glacier+1"],"relics":["FrozenCore","Blood Vial","Shuriken","Happy Flower","Runic Capacitor","Whetstone","Blue Candle","Boot","Nuclear Battery","Dream Catcher","Bronze Scales","War Paint","DataDisk"],"potions_floor_usage":[13,13,20,24,33,35,46,47,54,55],"damage_taken":[{"damage":4,"enemies":"Jaw Worm","floor":1,"turns":4},{"damage":6,"enemies":"2 Louse","floor":3,"turns":2},{"damage":0,"enemies":"Small Slimes","floor":4,"turns":3},{"damage":0,"enemies":"2 Fungi Beasts","floor":7,"turns":4},{"damage":8,"enemies":"Gremlin Nob","floor":10,"turns":4},{"damage":6,"enemies":"Lagavulin","floor":13,"turns":5},{"damage":7,"enemies":"Red Slaver","floor":14,"turns":2},{"damage":27,"enemies":"The Guardian","floor":16,"turns":8},{"damage":0,"enemies":"Chosen","floor":18,"turns":5},{"damage":6,"enemies":"3 Byrds","floor":20,"turns":5},{"damage":15,"enemies":"Cultist and Chosen","floor":24,"turns":6},{"damage":1,"enemies":"Centurion and Healer","floor":27,"turns":4},{"damage":5,"enemies":"Gremlin Leader","floor":31,"turns":6},{"damage":15,"enemies":"Champ","floor":33,"turns":8},{"damage":5,"enemies":"3 Darklings","floor":35,"turns":3},{"damage":1,"enemies":"Giant Head","floor":41,"turns":8},{"damage":40,"enemies":"Reptomancer","floor":44,"turns":4},{"damage":0,"enemies":"Orb Walker","floor":45,"turns":4},{"damage":6,"enemies":"Jaw Worm Horde","floor":46,"turns":3},{"damage":7,"enemies":"Nemesis","floor":47,"turns":4},{"damage":0,"enemies":"Sphere and 2 Shapes","floor":48,"turns":4},{"damage":12,"enemies":"Time Eater","floor":50,"turns":9},{"damage":51,"enemies":"Shield and Spear","floor":54,"turns":7},{"damage":46,"enemies":"The Heart","floor":55,"turns":3}],"seed_played":"-128982659500345902","potions_obtained":[{"floor":3,"key":"FearPotion"},{"floor":10,"key":"Weak Potion"},{"floor":13,"key":"Swift Potion"},{"floor":16,"key":"Explosive Potion"},{"floor":20,"key":"Swift Potion"},{"floor":27,"key":"Ancient Potion"},{"floor":33,"key":"Swift Potion"},{"floor":45,"key":"SkillPotion"},{"floor":46,"key":"Weak Potion"},{"floor":54,"key":"GamblersBrew"}],"is_trial":false,"path_per_floor":["M","?","M","M","?","R","M","R","T","E","?","R","E","M","R","B",null,"M","?","M","$","T","R","M","R","T","M","?","?","$","E","R","B",null,"M","?","$","?","$","R","E","R","T","E","M","M","E","M","R","B",null,"R","$","E","B"],"character_chosen":"DEFECT","items_purchased":["Runic Capacitor","Gash","Echo Form","Cold Snap"],"campfire_rested":1,"item_purchase_floors":[21,21,37,37],"current_hp_per_floor":[64,64,58,58,63,63,63,63,63,57,57,57,53,48,48,23,61,63,63,59,59,59,59,46,46,46,47,47,71,71,68,68,55,69,66,66,66,66,66,66,67,67,67,29,31,27,22,24,24,14,58,73,73,22,0],"gold":90,"neow_bonus":"REMOVE_TWO","is_prod":false,"is_daily":false,"chose_seed":false,"campfire_upgraded":9,"win_rate":0,"timestamp":1548485623,"path_taken":["M","?","M","M","?","R","M","R","T","E","?","R","E","M","R","BOSS","M","?","?","$","?","R","M","R","T","M","?","?","$","E","R","BOSS","M","?","$","?","?","R","E","R","T","E","M","M","E","M","R","BOSS","R","$","E","BOSS"],"build_version":"2019-01-23","purchased_purges":2,"victory":false,"max_hp_per_floor":[68,68,68,68,73,73,73,73,73,73,73,73,73,73,73,73,73,73,73,73,73,73,73,73,73,73,73,73,73,73,73,73,73,73,73,73,73,73,73,73,73,73,73,73,73,73,73,73,73,73,73,73,73,73,73],"card_choices":[{"not_picked":["Streamline","Self Repair"],"picked":"Cold Snap","floor":1},{"not_picked":["Recycle","Barrage"],"picked":"Defragment","floor":3},{"not_picked":["Aggregate","Turbo"],"picked":"Compile Driver","floor":4},{"not_picked":["Coolheaded","Rebound"],"picked":"Chill","floor":7},{"not_picked":["Undo","Lockon"],"picked":"White Noise","floor":10},{"not_picked":["Barrage","Stack"],"picked":"Scrape","floor":13},{"not_picked":["Redo","Aggregate"],"picked":"Gash","floor":14},{"not_picked":["Hyperbeam","Rainbow"],"picked":"Amplify","floor":16},{"not_picked":["Ball Lightning","Coolheaded"],"picked":"Undo","floor":18},{"not_picked":["Melter","Barrage+1"],"picked":"Defragment","floor":20},{"not_picked":["Steam","Darkness"],"picked":"Sweeping Beam","floor":24},{"not_picked":["Redo","Static Discharge"],"picked":"FTL","floor":27},{"not_picked":["Steam","Chill+1"],"picked":"Defragment","floor":31},{"not_picked":["Multi-Cast","Amplify"],"picked":"Electrodynamics","floor":33},{"not_picked":["Turbo+1","Darkness+1"],"picked":"Steam+1","floor":35},{"not_picked":["Ball Lightning","Beam Cell"],"picked":"Sweeping Beam","floor":41},{"not_picked":["Hologram+1","Chill"],"picked":"Gash+1","floor":44},{"not_picked":["Go for the Eyes+1","Darkness+1"],"picked":"Conserve Battery","floor":45},{"not_picked":["Storm","Stack+1"],"picked":"Gash+1","floor":46},{"not_picked":["Redo","Reprogram","Beam Cell"],"picked":"SKIP","floor":47},{"not_picked":["Auto Shields+1","Chill+1"],"picked":"Gash","floor":48},{"not_picked":["Leap+1","Cold Snap"],"picked":"Loop+1","floor":52},{"not_picked":["Gash+1","Storm"],"picked":"Glacier+1","floor":54}],"player_experience":258655,"relics_obtained":[{"floor":9,"key":"Blood Vial"},{"floor":10,"key":"Shuriken"},{"floor":13,"key":"Happy Flower"},{"floor":22,"key":"Whetstone"},{"floor":26,"key":"Blue Candle"},{"floor":31,"key":"Boot"},{"floor":41,"key":"Dream Catcher"},{"floor":44,"key":"Bronze Scales"},{"floor":47,"key":"War Paint"},{"floor":54,"key":"DataDisk"}],"event_choices":[{"cards_removed":["Strike_B"],"damage_healed":0,"gold_gain":0,"player_choice":"Card Removal","damage_taken":0,"max_hp_gain":0,"max_hp_loss":0,"event_name":"The Cleric","floor":2,"gold_loss":50},{"damage_healed":0,"gold_gain":0,"player_choice":"Donut","damage_taken":0,"max_hp_gain":5,"max_hp_loss":0,"event_name":"Big Fish","floor":5,"gold_loss":0},{"damage_healed":0,"gold_gain":0,"player_choice":"Left Gold","damage_taken":0,"max_hp_gain":0,"max_hp_loss":0,"event_name":"World of Goop","floor":11,"gold_loss":43},{"damage_healed":0,"gold_gain":0,"player_choice":"2 cards matched","damage_taken":0,"max_hp_gain":0,"max_hp_loss":0,"event_name":"Match and Keep!","floor":19,"gold_loss":0,"cards_obtained":["Normality","White Noise"]},{"damage_healed":0,"gold_gain":99,"player_choice":"Stole From Cult","damage_taken":0,"max_hp_gain":0,"max_hp_loss":0,"event_name":"Nest","floor":28,"gold_loss":0},{"damage_healed":24,"gold_gain":0,"player_choice":"Heal","damage_taken":0,"max_hp_gain":0,"max_hp_loss":0,"event_name":"The Library","floor":29,"gold_loss":0},{"damage_healed":0,"gold_gain":0,"player_choice":"Ignored","damage_taken":0,"max_hp_gain":0,"max_hp_loss":0,"event_name":"Tomb of Lord Red Mask","floor":36,"gold_loss":0},{"cards_removed":["Defend_B"],"damage_healed":0,"gold_gain":0,"player_choice":"Removed Skill","damage_taken":0,"max_hp_gain":0,"max_hp_loss":0,"event_name":"Falling","floor":38,"gold_loss":0}],"is_beta":true,"boss_relics":[{"not_picked":["Orrery","Cursed Key"],"picked":"FrozenCore"},{"not_picked":["White Beast Statue","Runic Dome"],"picked":"Nuclear Battery"}],"items_purged_floors":[30,53],"is_endless":false,"potions_floor_spawned":[3,10,13,16,20,27,33,45,46,54],"killed_by":"The Heart","ascension_level":5}