{"path_per_floor":["M","M","$","?","$","E","R","?","T","R","E","?","$","M","R","B",null,"M","M","?","?","M","R","?","R","T","M","$","M","R","M","R","B",null,"M","?","$","M","M","R","$","R","T","R","M","M","M","M","R"],"character_chosen":"DEFECT","items_purchased":["Defragment","Regal Pillow","Defragment","Tempest","Storm"],"gold_per_floor":[114,125,11,86,86,149,149,210,278,278,303,303,51,61,61,161,161,177,193,193,343,357,357,272,272,321,338,139,153,153,166,166,261,261,280,280,91,108,128,128,61,61,61,61,81,100,114,131,131,131],"floor_reached":50,"campfire_rested":5,"playtime":1602,"item_purchase_floors":[3,13,28,37,41],"current_hp_per_floor":[75,75,75,64,64,64,64,45,45,45,18,18,18,15,52,18,75,63,58,42,42,23,60,60,60,60,39,39,15,52,36,73,72,75,69,69,69,59,59,59,59,59,59,59,59,59,59,58,75,0],"items_purged":["Defend_B","Force Field","Strike_B","Normality"],"gold":131,"score":502,"play_id":"239866d9-7181-4f0d-b44d-7bc2b794360a","local_time":"20180610075811","is_prod":false,"is_daily":false,"chose_seed":false,"is_ascension_mode":false,"campfire_upgraded":6,"win_rate":0.0,"timestamp":1528642691,"campfire_choices":[{"data":"Zap","floor":7,"key":"SMITH"},{"data":"Defragment","floor":10,"key":"SMITH"},{"floor":15,"key":"REST"},{"floor":23,"key":"REST"},{"data":"Redo","floor":25,"key":"SMITH"},{"floor":30,"key":"REST"},{"floor":32,"key":"REST"},{"data":"Defragment","floor":40,"key":"SMITH"},{"data":"Capacitor","floor":42,"key":"SMITH"},{"data":"Storm","floor":44,"key":"SMITH"},{"floor":49,"key":"REST"}],"path_taken":["M","M","$","?","$","E","R","?","T","R","E","?","$","M","R","BOSS","M","M","?","?","M","R","?","R","T","M","$","M","R","M","R","BOSS","M","?","?","M","M","R","$","R","T","R","M","M","?","M","R","BOSS"],"build_version":"2018-06-07v3","seed_source_timestamp":1582219929631488,"purchased_purges":4,"victory":false,"master_deck":["Strike_B","Strike_B","Defend_B+1","Defend_B+1","Defend_B","Zap+1","Dualcast","Conserve Battery","Defragment+1","Capacitor+1","Ball Lightning","Redo+1","Electrodynamics","Go for the Eyes+1","Loop","Defragment+1","Defragment+1","Multi-Cast","Leap+1","Finesse","Hello World","Tempest","Hologram+1","Capacitor+1","Storm+1","Defragment+1","Defragment+1","Defragment+1"],"max_hp_per_floor":[75,75,75,75,75,75,75,75,75,75,75,75,75,75,75,75,75,75,75,75,75,75,75,75,75,75,75,75,75,75,75,75,75,75,75,75,75,75,75,75,75,75,75,75,75,75,75,75,75,75],"relics":["Cracked Core","NeowsBlessing","Tiny Chest","Bag of Preparation","Question Card","Lantern","Regal Pillow","Nuclear Battery","Enchiridion","War Paint","Ancient Tea Set","Inserter","Meat on the Bone"],"card_choices":[{"not_picked":["Double Energy","Recycle"],"picked":"Conserve Battery","floor":1},{"not_picked":["Compile Driver","Conserve Battery","BootSequence"],"picked":"SKIP","floor":2},{"not_picked":["Coolheaded","Stack","Chaos"],"picked":"SKIP","floor":6},{"not_picked":["Steam","Fusion"],"picked":"Capacitor","floor":8},{"not_picked":["Barrage","Fusion","Hello World"],"picked":"Ball Lightning","floor":11},{"not_picked":["Conserve Battery","Force Field","Stack"],"picked":"Redo","floor":14},{"not_picked":["Amplify","Echo Form","Thunder Strike"],"picked":"Electrodynamics","floor":16},{"not_picked":["Chill","Cold Snap+1","Doom and Gloom+1"],"picked":"Go for the Eyes+1","floor":18},{"not_picked":["Gash","Compile Driver","Blizzard","Sunder"],"picked":"SKIP","floor":19},{"not_picked":["Darkness","Beam Cell","Gash","Compile Driver"],"picked":"SKIP","floor":22},{"not_picked":["Coolheaded","Turbo","Steam+1"],"picked":"Loop","floor":27},{"not_picked":["Steam Power","Scrape+1","Chaos+1","Rainbow"],"picked":"SKIP","floor":29},{"not_picked":["Compile Driver","Gash+1","Rebound"],"picked":"Defragment+1","floor":31},{"not_picked":["Core Surge","All For One","Hyperbeam"],"picked":"Multi-Cast","floor":33},{"not_picked":["Scrape","Sweeping Beam","Rebound"],"picked":"Leap+1","floor":35},{"not_picked":["Chill+1","Chaos+1","Conserve Battery+1"],"picked":"Hologram+1","floor":38},{"not_picked":["Cold Snap","Beam Cell+1","Sweeping Beam+1"],"picked":"Capacitor+1","floor":39},{"not_picked":["Coolheaded","Consume","Turbo","Reinforced Body"],"picked":"SKIP","floor":45},{"not_picked":["Go for the Eyes+1","Redo","Force Field+1"],"picked":"Defragment+1","floor":46},{"not_picked":["Compile Driver","Rip and Tear+1","Turbo"],"picked":"Defragment+1","floor":47},{"not_picked":["Chaos+1","Redo+1","Multi-Cast"],"picked":"Defragment+1","floor":48}],"player_experience":180893,"potions_floor_usage":[8,31,33,48,50],"damage_taken":[{"damage":0,"enemies":"2 Louse","floor":1,"turns":1},{"damage":0,"enemies":"Jaw Worm","floor":2,"turns":1},{"damage":0,"enemies":"3 Sentries","floor":6,"turns":1},{"damage":19,"enemies":"3 Sentries","floor":8,"turns":7},{"damage":27,"enemies":"Gremlin Nob","floor":11,"turns":4},{"damage":3,"enemies":"Small Slimes","floor":14,"turns":3},{"damage":34,"enemies":"Hexaghost","floor":16,"turns":7},{"damage":12,"enemies":"Shell Parasite","floor":18,"turns":3},{"damage":5,"enemies":"2 Thieves","floor":19,"turns":3},{"damage":19,"enemies":"Snake Plant","floor":22,"turns":3},{"damage":28,"enemies":"Cultist and Chosen","floor":27,"turns":5},{"damage":24,"enemies":"Centurion and Healer","floor":29,"turns":4},{"damage":16,"enemies":"Snake Plant","floor":31,"turns":3},{"damage":1,"enemies":"Collector","floor":33,"turns":5},{"damage":6,"enemies":"3 Shapes","floor":35,"turns":4},{"damage":10,"enemies":"3 Darklings","floor":38,"turns":2},{"damage":0,"enemies":"4 Shapes","floor":39,"turns":1},{"damage":0,"enemies":"Maw","floor":45,"turns":5},{"damage":0,"enemies":"3 Darklings","floor":46,"turns":1},{"damage":0,"enemies":"Sphere and 2 Shapes","floor":47,"turns":2},{"damage":1,"enemies":"4 Shapes","floor":48,"turns":3},{"damage":90,"enemies":"Awakened One","floor":50,"turns":4}],"relics_obtained":[{"floor":6,"key":"Tiny Chest"},{"floor":8,"key":"Bag of Preparation"},{"floor":9,"key":"Question Card"},{"floor":11,"key":"Lantern"},{"floor":20,"key":"Enchiridion"},{"floor":26,"key":"Ancient Tea Set"},{"floor":43,"key":"Meat on the Bone"}],"event_choices":[{"event_name":"World of Goop","player_choice":"Gather Gold","floor":4,"damage_taken":0},{"event_name":"Dead Adventurer","player_choice":"Searched \u00272\u0027 times","floor":8,"damage_taken":0},{"event_name":"Transmorgrifier","player_choice":"Transform","floor":12,"damage_taken":0},{"event_name":"Cursed Tome","player_choice":"Obtained Book","floor":20,"damage_taken":0},{"event_name":"Nest","player_choice":"Stole From Cult","floor":21,"damage_taken":0},{"event_name":"Addict","player_choice":"Obtained Relic","floor":24,"damage_taken":0},{"event_name":"Match and Keep!","player_choice":"3 cards matched","floor":36,"damage_taken":0}],"boss_relics":[{"not_picked":["Runic Pyramid","Busted Crown"],"picked":"Nuclear Battery"},{"not_picked":["Black Star","White Beast Statue"],"picked":"Inserter"}],"items_purged_floors":[3,13,28,37],"potions_floor_spawned":[6,11,22,31,33,35,38,46],"seed_played":"8280726645813264010","killed_by":"Awakened One","ascension_level":0,"potions_obtained":[{"floor":6,"key":"Fire Potion"},{"floor":11,"key":"FairyPotion"},{"floor":22,"key":"Ancient Potion"},{"floor":31,"key":"EssenceOfSteel"},{"floor":33,"key":"Weak Potion"},{"floor":35,"key":"EssenceOfSteel"},{"floor":46,"key":"Fire Potion"}],"is_trial":false}