{"gold_per_floor":[113,133,27,27,27,27,57,57,57,84,84,104,179,179,179,256,256,268,268],"floor_reached":19,"playtime":775,"items_purged":["Strike_B"],"score":446,"play_id":"7c3cd439-cfb1-4b66-b9fa-827c8afb1ad3","local_time":"20181016234544","is_ascension_mode":true,"campfire_choices":[{"data":"Zap","floor":6.0,"key":"SMITH"},{"floor":8.0,"key":"REST"},{"data":"Coolheaded","floor":11.0,"key":"SMITH"},{"data":"Biased Cognition","floor":15.0,"key":"SMITH"}],"neow_cost":"NONE","seed_source_timestamp":449975100908769,"circlet_count":0,"master_deck":["Strike_B","Strike_B","Strike_B","Defend_B","Defend_B","Defend_B+1","Defend_B","Zap+1","Dualcast+1","AscendersBane","Biased Cognition+1","Auto Shields","Coolheaded+1","Sweeping Beam","Cold Snap","Core Surge","Echo Form"],"special_seed":0,"relics":["Cracked Core","Sundial","Question Card","Pear","Kunai","Meat on the Bone","Inserter"],"potions_floor_usage":[],"damage_taken":[{"damage":9.0,"enemies":"Small Slimes","floor":1.0,"turns":5.0},{"damage":0.0,"enemies":"Cultist","floor":2.0,"turns":3.0},{"damage":21.0,"enemies":"Gremlin Nob","floor":7.0,"turns":4.0},{"damage":4.0,"enemies":"3 Sentries","floor":10.0,"turns":8.0},{"damage":0.0,"enemies":"Jaw Worm","floor":12.0,"turns":3.0},{"damage":0.0,"enemies":"The Guardian","floor":16.0,"turns":9.0},{"damage":6.0,"enemies":"3 Byrds","floor":18.0,"turns":5.0},{"damage":68,"enemies":"Masked Bandits","floor":19,"turns":3}],"seed_played":"-7557619240719148279","potions_obtained":[{"floor":1.0,"key":"Weak Potion"},{"floor":7.0,"key":"Energy Potion"},{"floor":16.0,"key":"Poison Potion"}],"is_trial":false,"path_per_floor":["M","M","$","?","T","R","E","R","T","E","R","M","?","?","R","B",null,"M"],"character_chosen":"DEFECT","items_purchased":["Sweeping Beam"],"campfire_rested":1,"item_purchase_floors":[3],"current_hp_per_floor":[55,55,55,34,34,34,13,34,44,40,40,40,29,29,29,41,71,65,0],"gold":268,"neow_bonus":"ONE_RANDOM_RARE_CARD","is_prod":false,"is_daily":false,"chose_seed":false,"campfire_upgraded":3,"win_rate":0,"timestamp":1539747944,"path_taken":["M","M","$","?","?","R","E","R","T","E","R","M","?","?","R","BOSS","M","?"],"build_version":"2018-10-11","purchased_purges":1,"victory":false,"max_hp_per_floor":[71,71,71,71,71,71,71,71,81,81,81,81,81,81,81,81,81,81,81],"card_choices":[{"not_picked":["Beam Cell","Steam"],"picked":"Auto Shields","floor":1.0},{"not_picked":["Beam Cell","Stack"],"picked":"Coolheaded","floor":2.0},{"not_picked":["Beam Cell","Reprogram"],"picked":"Cold Snap","floor":7.0},{"not_picked":["Loop","Undo","Sweeping Beam"],"picked":"Core Surge","floor":10.0},{"not_picked":["Compile Driver","Hello World","Steam","Gash"],"picked":"SKIP","floor":12.0},{"not_picked":["Fission","Buffer","Biased Cognition"],"picked":"Echo Form","floor":16.0},{"not_picked":["Rebound","Beam Cell","Sweeping Beam","Recycle"],"picked":"SKIP","floor":18.0}],"player_experience":973846,"relics_obtained":[{"floor":5.0,"key":"Sundial"},{"floor":7.0,"key":"Question Card"},{"floor":9.0,"key":"Pear"},{"floor":10.0,"key":"Kunai"}],"event_choices":[{"event_name":"Shining Light","player_choice":"Entered Light","floor":4.0,"damage_taken":0.0},{"event_name":"World of Goop","player_choice":"Gather Gold","floor":13.0,"damage_taken":0.0},{"event_name":"Dead Adventurer","player_choice":"Searched \u00271\u0027 times","floor":14.0,"damage_taken":0.0},{"event_name":"Masked Bandits","player_choice":"Fought Bandits","floor":19,"damage_taken":0}],"is_beta":false,"boss_relics":[{"not_picked":["Black Star","White Beast Statue"],"picked":"Inserter"}],"items_purged_floors":[3],"is_endless":false,"potions_floor_spawned":[1,7,16],"killed_by":"Masked Bandits","ascension_level":20}