{"gold_per_floor":[119,119,84,84,84,112,112,137,137,137,157,167,167,182,182,253,253,263,273,293,304,304,304,304,304,304,304,330,67,67,78,78,78],"floor_reached":33,"playtime":1191,"items_purged":[],"score":646,"play_id":"26ea810f-b3af-448c-b81d-f99866891275","local_time":"20190325012752","is_ascension_mode":true,"campfire_choices":[{"data":"Deadly Poison","floor":7.0,"key":"SMITH"},{"data":"Well Laid Plans","floor":10.0,"key":"SMITH"},{"data":"Deadly Poison","floor":15.0,"key":"SMITH"},{"data":"Catalyst","floor":23.0,"key":"SMITH"},{"data":"After Image","floor":25.0,"key":"SMITH"},{"data":"Infinite Blades","floor":27.0,"key":"SMITH"},{"data":"Footwork","floor":32.0,"key":"SMITH"}],"neow_cost":"NONE","seed_source_timestamp":1025226316262707,"circlet_count":0,"master_deck":["AscendersBane","Defend_G+1","Defend_G+1","Defend_G+1","Defend_G+1","Defend_G+1","Strike_G+1","Strike_G+1","Survivor","Neutralize","Deadly Poison+1","Infinite Blades+1","Well Laid Plans+1","Deadly Poison+1","Dodge and Roll","Acrobatics","After Image+1","Dodge and Roll","Catalyst+1","Backstab","Blur","Blur","Clumsy","Flechettes","Footwork+1","Dodge and Roll"],"special_seed":0,"relics":["Ring of the Snake","NeowsBlessing","Letter Opener","Pear","Ginger","Centennial Puzzle","Dream Catcher","Cursed Key","Kunai","Happy Flower","TwistedFunnel"],"potions_floor_usage":[33],"damage_taken":[{"damage":0.0,"enemies":"Cultist","floor":1.0,"turns":1.0},{"damage":0.0,"enemies":"3 Sentries","floor":6.0,"turns":1.0},{"damage":0.0,"enemies":"Lagavulin","floor":8.0,"turns":1.0},{"damage":3.0,"enemies":"Small Slimes","floor":11.0,"turns":3.0},{"damage":0.0,"enemies":"Jaw Worm","floor":12.0,"turns":4.0},{"damage":4.0,"enemies":"Blue Slaver","floor":14.0,"turns":3.0},{"damage":35.0,"enemies":"The Guardian","floor":16.0,"turns":8.0},{"damage":4.0,"enemies":"Shell Parasite","floor":18.0,"turns":6.0},{"damage":13.0,"enemies":"2 Thieves","floor":19.0,"turns":5.0},{"damage":17.0,"enemies":"Sentry and Sphere","floor":20.0,"turns":7.0},{"damage":5.0,"enemies":"3 Cultists","floor":21.0,"turns":6.0},{"damage":17.0,"enemies":"Slavers","floor":28.0,"turns":6.0},{"damage":0.0,"enemies":"Snecko","floor":31.0,"turns":5.0},{"damage":5,"enemies":"Champ","floor":33,"turns":12}],"seed_played":"5096697051440479889","potions_obtained":[{"floor":6.0,"key":"SneckoOil"},{"floor":11.0,"key":"Block Potion"},{"floor":14.0,"key":"FearPotion"},{"floor":16.0,"key":"Explosive Potion"},{"floor":20.0,"key":"SneckoOil"},{"floor":21.0,"key":"Block Potion"}],"is_trial":false,"path_per_floor":["M","?","?","?","$","E","R","E","T","R","M","M","?","M","R","B",null,"M","M","M","M","?","R","?","R","T","R","E","$","?","M","R","B"],"character_chosen":"THE_SILENT","items_purchased":["TwistedFunnel","Footwork"],"campfire_rested":0,"item_purchase_floors":[29,29],"current_hp_per_floor":[59,33,49,42,42,52,52,52,52,52,49,49,49,45,45,10,60,56,43,26,21,21,21,21,21,21,21,4,4,4,4,4,0],"gold":78,"neow_bonus":"THREE_ENEMY_KILL","is_prod":false,"is_daily":false,"chose_seed":false,"campfire_upgraded":7,"win_rate":0,"timestamp":1553491672,"path_taken":["M","?","?","?","?","E","R","E","T","R","M","?","?","M","R","BOSS","M","M","M","?","?","R","?","R","T","R","E","$","?","M","R","BOSS"],"build_version":"2019-03-15","purchased_purges":0,"victory":false,"max_hp_per_floor":[66,66,66,66,66,76,76,76,76,76,76,76,76,76,76,76,76,76,76,76,76,76,76,76,76,76,76,76,76,76,76,76,76],"card_choices":[{"not_picked":["Bane","Dagger Throw"],"picked":"Deadly Poison","floor":1.0},{"not_picked":["Escape Plan","Distraction"],"picked":"Infinite Blades","floor":6.0},{"not_picked":["Concentrate","Blade Dance"],"picked":"Well Laid Plans","floor":8.0},{"not_picked":["Acrobatics","Underhanded Strike"],"picked":"Deadly Poison","floor":11.0},{"not_picked":["Outmaneuver","Dagger Throw"],"picked":"Dodge and Roll","floor":12.0},{"not_picked":["Slice","Cloak And Dagger"],"picked":"Acrobatics","floor":14.0},{"not_picked":["Die Die Die","Envenom"],"picked":"After Image","floor":16.0},{"not_picked":["Riddle With Holes+1","Underhanded Strike"],"picked":"Dodge and Roll","floor":18.0},{"not_picked":["Slice","Blade Dance","Prepared"],"picked":"SKIP","floor":19.0},{"not_picked":["Outmaneuver","Riddle With Holes"],"picked":"Catalyst","floor":20.0},{"not_picked":["Eviscerate","Flechettes"],"picked":"Backstab","floor":21.0},{"not_picked":["Unload","Dodge and Roll"],"picked":"Flechettes","floor":28.0},{"not_picked":["Deflect","Outmaneuver"],"picked":"Dodge and Roll","floor":31.0}],"player_experience":1254935,"relics_obtained":[{"floor":6.0,"key":"Pear"},{"floor":8.0,"key":"Ginger"},{"floor":9.0,"key":"Centennial Puzzle"},{"floor":26.0,"key":"Kunai"},{"floor":28.0,"key":"Happy Flower"}],"event_choices":[{"damage_healed":0.0,"max_hp_gain":0.0,"max_hp_loss":0.0,"gold_gain":0.0,"event_name":"Scrap Ooze","player_choice":"Success","floor":2.0,"gold_loss":0.0,"damage_taken":26.0,"relics_obtained":["Letter Opener"]},{"damage_healed":16.0,"max_hp_gain":0.0,"max_hp_loss":0.0,"gold_gain":0.0,"event_name":"The Cleric","player_choice":"Healed","floor":3.0,"gold_loss":35.0,"damage_taken":0.0},{"cards_removed":["Strike_G"],"damage_healed":0.0,"max_hp_gain":0.0,"max_hp_loss":0.0,"gold_gain":0.0,"event_name":"Golden Wing","player_choice":"Card Removal","floor":4.0,"gold_loss":0.0,"damage_taken":7.0},{"damage_healed":0.0,"max_hp_gain":0.0,"max_hp_loss":0.0,"gold_gain":0.0,"event_name":"WeMeetAgain","player_choice":"Gave Potion","floor":13.0,"gold_loss":0.0,"damage_taken":0.0,"relics_obtained":["Dream Catcher"]},{"damage_healed":0.0,"max_hp_gain":0.0,"max_hp_loss":0.0,"gold_gain":0.0,"cards_transformed":["Strike_G","Strike_G"],"event_name":"Drug Dealer","player_choice":"Became Test Subject","floor":22.0,"gold_loss":0.0,"damage_taken":0.0,"cards_obtained":["Blur","Blur"]},{"damage_healed":0.0,"max_hp_gain":0.0,"max_hp_loss":0.0,"gold_gain":0.0,"event_name":"Back to Basics","player_choice":"Simplicity","floor":24.0,"gold_loss":0.0,"damage_taken":0.0,"cards_upgraded":["Defend_G","Defend_G","Defend_G","Defend_G","Defend_G","Strike_G","Strike_G"]},{"damage_healed":0.0,"max_hp_gain":0.0,"max_hp_loss":0.0,"gold_gain":0.0,"event_name":"Beggar","player_choice":"Ignored","floor":30.0,"gold_loss":0.0,"damage_taken":0.0}],"is_beta":true,"boss_relics":[{"not_picked":["Lizard Tail","Orrery"],"picked":"Cursed Key"}],"items_purged_floors":[],"is_endless":false,"potions_floor_spawned":[6,11,14,16,20,21],"killed_by":"Champ","ascension_level":20}