{"gold_per_floor":[110,110,110,128,141,141,151,182,206,231,231,244,244,257,257,257],"floor_reached":16,"playtime":646,"items_purged":[],"score":224,"play_id":"3f85eb53-4846-4890-8c71-dea4f5e9463a","local_time":"20190310110648","is_ascension_mode":true,"campfire_choices":[{"data":"Poisoned Stab","floor":6.0,"key":"SMITH"},{"floor":11,"key":"REST"},{"data":"Leg Sweep","floor":13,"key":"SMITH"},{"data":"Calculated Gamble","floor":15,"key":"SMITH"}],"neow_cost":"NONE","seed_source_timestamp":286235728951308,"circlet_count":0,"master_deck":["AscendersBane","Defend_G","Defend_G","Defend_G","Defend_G","Defend_G","Strike_G","Strike_G","Strike_G","Strike_G","Strike_G","Survivor","Neutralize+1","Sucker Punch","Poisoned Stab+1","Dagger Throw","Calculated Gamble+1","Dash","Dagger Spray","Dodge and Roll","Leg Sweep+1","Backflip"],"special_seed":0,"relics":["Ring of the Snake","Dream Catcher","Juzu Bracelet","Strawberry"],"potions_floor_usage":[10,10,16],"damage_taken":[{"damage":2.0,"enemies":"2 Louse","floor":1.0,"turns":5.0},{"damage":1.0,"enemies":"Small Slimes","floor":4.0,"turns":4.0},{"damage":2.0,"enemies":"Jaw Worm","floor":5.0,"turns":5.0},{"damage":0.0,"enemies":"2 Fungi Beasts","floor":7.0,"turns":3.0},{"damage":27.0,"enemies":"3 Sentries","floor":8.0,"turns":9.0},{"damage":17,"enemies":"Lagavulin","floor":10,"turns":4},{"damage":7,"enemies":"Exordium Wildlife","floor":12,"turns":3},{"damage":5,"enemies":"Gremlin Gang","floor":14,"turns":6},{"damage":44,"enemies":"Hexaghost","floor":16,"turns":14}],"seed_played":"-8143635289041256193","potions_obtained":[{"floor":1.0,"key":"SteroidPotion"},{"floor":7.0,"key":"Block Potion"},{"floor":8.0,"key":"AttackPotion"},{"floor":14,"key":"SteroidPotion"}],"is_trial":false,"path_per_floor":["M","?","?","M","M","R","M","E","T","E","R","M","R","M","R","B"],"character_chosen":"THE_SILENT","items_purchased":[],"campfire_rested":1,"item_purchase_floors":[],"current_hp_per_floor":[63,68,68,67,65,65,65,38,38,28,53,46,46,41,41,0],"gold":257,"neow_bonus":"TEN_PERCENT_HP_BONUS","is_prod":false,"is_daily":false,"chose_seed":false,"campfire_upgraded":3,"win_rate":0,"timestamp":1552230408,"path_taken":["M","?","?","M","M","R","M","E","T","E","R","M","R","M","R","BOSS"],"build_version":"2019-02-06","purchased_purges":0,"victory":false,"max_hp_per_floor":[72,77,77,77,77,77,77,77,77,84,84,84,84,84,84,84],"card_choices":[{"not_picked":["Distraction","Prepared"],"picked":"Sucker Punch","floor":1.0},{"not_picked":["Tactician","Outmaneuver"],"picked":"Poisoned Stab","floor":4.0},{"not_picked":["Infinite Blades","Acrobatics"],"picked":"Dagger Throw","floor":5.0},{"not_picked":["Acrobatics","Dagger Throw"],"picked":"Calculated Gamble","floor":7.0},{"not_picked":["Doppelganger","Terror"],"picked":"Dash","floor":8.0},{"not_picked":["Finisher","Quick Slash"],"picked":"Dagger Spray","floor":10},{"not_picked":["Dagger Throw","Blade Dance"],"picked":"Dodge and Roll","floor":11},{"not_picked":["Backflip","Deflect"],"picked":"Leg Sweep","floor":12},{"not_picked":["Dagger Throw","Slice"],"picked":"Backflip","floor":14}],"player_experience":1068813,"relics_obtained":[{"floor":8.0,"key":"Dream Catcher"},{"floor":9.0,"key":"Juzu Bracelet"},{"floor":10,"key":"Strawberry"}],"event_choices":[{"damage_healed":0.0,"max_hp_gain":5.0,"max_hp_loss":0.0,"gold_gain":0.0,"event_name":"Big Fish","player_choice":"Donut","floor":2.0,"gold_loss":0.0,"damage_taken":0.0},{"damage_healed":0.0,"max_hp_gain":0.0,"max_hp_loss":0.0,"gold_gain":0.0,"event_name":"Living Wall","player_choice":"Grow","floor":3.0,"gold_loss":0.0,"damage_taken":0.0,"cards_upgraded":["Neutralize"]}],"is_beta":true,"boss_relics":[],"items_purged_floors":[],"is_endless":false,"potions_floor_spawned":[1,7,8,14],"killed_by":"Hexaghost","ascension_level":20}