{"gold_per_floor":[14,14,14,28,28,28,42,42,65,98,123,123,164,439,439,535,535,560,583,583,583],"floor_reached":21,"playtime":755,"items_purged":[],"score":374,"play_id":"5b2606a9-f827-4ff7-80d0-aeedc0bf79fc","local_time":"20181104003435","is_ascension_mode":true,"campfire_choices":[{"data":"Armaments","floor":6.0,"key":"SMITH"},{"data":"Bash","floor":8.0,"key":"SMITH"},{"floor":12.0,"key":"REST"},{"floor":15.0,"key":"REST"}],"neow_cost":"NO_GOLD","seed_source_timestamp":52692177606398,"circlet_count":0,"master_deck":["AscendersBane","Strike_R","Strike_R","Strike_R","Strike_R","Defend_R","Defend_R","Defend_R","Defend_R","Bash+1","Thunderclap+1","Armaments+1","Pummel+1","Rampage","Havoc","Clothesline+1","Fiend Fire","Regret","Impervious+1","Flame Barrier+1","Whirlwind"],"special_seed":0,"relics":["Burning Blood","Ginger","Golden Idol","Whetstone","Matryoshka","Toxic Egg 2","Mark of Pain"],"potions_floor_usage":[],"damage_taken":[{"damage":7.0,"enemies":"Jaw Worm","floor":1.0,"turns":3.0},{"damage":3.0,"enemies":"2 Louse","floor":4.0,"turns":3.0},{"damage":1.0,"enemies":"Cultist","floor":7.0,"turns":4.0},{"damage":35.0,"enemies":"3 Sentries","floor":10.0,"turns":10.0},{"damage":6.0,"enemies":"Looter","floor":11.0,"turns":4.0},{"damage":27.0,"enemies":"Lagavulin","floor":13.0,"turns":7.0},{"damage":23.0,"enemies":"The Guardian","floor":16.0,"turns":12.0},{"damage":24,"enemies":"3 Byrds","floor":18,"turns":6},{"damage":27,"enemies":"Shell Parasite","floor":19,"turns":4},{"damage":11,"enemies":"Centurion and Healer","floor":21,"turns":3}],"seed_played":"-6633498443778891324","potions_obtained":[{"floor":10.0,"key":"Poison Potion"}],"is_trial":false,"path_per_floor":["M","?","?","M","?","R","M","R","T","E","M","R","E","?","R","B",null,"M","M","?","M"],"character_chosen":"IRONCLAD","items_purchased":[],"campfire_rested":2,"item_purchase_floors":[],"current_hp_per_floor":[67,41,41,44,44,44,49,49,49,20,20,42,21,21,43,26,63,45,24,24,13],"gold":583,"neow_bonus":"ONE_RARE_RELIC","is_prod":false,"is_daily":false,"chose_seed":false,"campfire_upgraded":2,"win_rate":0,"timestamp":1541306075,"path_taken":["M","?","?","M","?","R","?","R","T","E","M","R","E","?","R","BOSS","M","?","?","M"],"build_version":"2018-11-02","purchased_purges":0,"victory":false,"max_hp_per_floor":[75,75,75,75,75,75,75,75,75,75,75,75,75,75,75,75,75,75,75,75,75],"card_choices":[{"not_picked":["Clash","Rage"],"picked":"Thunderclap","floor":1.0},{"not_picked":["Perfected Strike","Spot Weakness"],"picked":"Armaments","floor":4.0},{"not_picked":["Searing Blow","Dropkick"],"picked":"Rampage","floor":7.0},{"not_picked":["Wild Strike","Brutality"],"picked":"Havoc","floor":10.0},{"not_picked":["Thunderclap","Sever Soul"],"picked":"Clothesline","floor":11.0},{"not_picked":["Thunderclap","Sword Boomerang"],"picked":"Fiend Fire","floor":13.0},{"not_picked":["Berserk","Double Tap+1"],"picked":"Impervious+1","floor":16.0},{"not_picked":["Body Slam","Dropkick"],"picked":"Flame Barrier+1","floor":18},{"not_picked":["Thunderclap","Warcry+1"],"picked":"Whirlwind","floor":19}],"player_experience":833542,"relics_obtained":[{"floor":9.0,"key":"Whetstone"},{"floor":10.0,"key":"Matryoshka"},{"floor":13.0,"key":"Toxic Egg 2"}],"event_choices":[{"damage_healed":0.0,"max_hp_gain":0.0,"max_hp_loss":0.0,"gold_gain":0.0,"event_name":"Golden Idol","player_choice":"Take Damage","floor":2.0,"gold_loss":0.0,"damage_taken":26.0,"relics_obtained":["Golden Idol"]},{"damage_healed":0.0,"max_hp_gain":0.0,"max_hp_loss":0.0,"gold_gain":0.0,"event_name":"The Cleric","player_choice":"Leave","floor":3.0,"gold_loss":0.0,"damage_taken":0.0},{"damage_healed":0.0,"max_hp_gain":0.0,"max_hp_loss":0.0,"gold_gain":0.0,"cards_transformed":["Strike_R"],"event_name":"Transmorgrifier","player_choice":"Transformed","floor":5.0,"gold_loss":0.0,"damage_taken":0.0,"cards_obtained":["Pummel"]},{"damage_healed":0.0,"max_hp_gain":0.0,"max_hp_loss":0.0,"gold_gain":275.0,"event_name":"Golden Shrine","player_choice":"Desecrate","floor":14.0,"gold_loss":0.0,"damage_taken":0.0,"cards_obtained":["Regret"]},{"damage_healed":0,"gold_gain":0,"player_choice":"Upgraded","damage_taken":0,"max_hp_gain":0,"max_hp_loss":0,"event_name":"Upgrade Shrine","floor":20,"gold_loss":0,"cards_upgraded":["Clothesline"]}],"is_beta":true,"boss_relics":[{"not_picked":["Velvet Choker","Philosopher\u0027s Stone"],"picked":"Mark of Pain"}],"items_purged_floors":[],"is_endless":false,"potions_floor_spawned":[10],"killed_by":"Centurion and Healer","ascension_level":20}