{"gold_per_floor":[369,369,385,399,112,143,143,143,143,162,33,33,67,83,83,159,159,173,173,173,184,203,203],"floor_reached":23,"playtime":1535,"items_purged":["Shame"],"score":402,"play_id":"be1d4c7f-5a5c-4f02-bd9f-1967695ef22f","local_time":"20190218202326","is_ascension_mode":true,"campfire_choices":[{"data":"Defragment","floor":12.0,"key":"SMITH"},{"data":"Zap","floor":15.0,"key":"SMITH"}],"neow_cost":"CURSE","seed_source_timestamp":0,"circlet_count":0,"master_deck":["AscendersBane","Strike_B","Strike_B+1","Strike_B","Strike_B","Defend_B","Defend_B","Defend_B+1","Defend_B","Zap+1","Dualcast","Cold Snap","Ball Lightning","Consume","Sweeping Beam","Defragment+1","Seek","Hologram","Rainbow","Leap","Defragment+1","Compile Driver+1","Conserve Battery"],"special_seed":0,"relics":["Cracked Core","Oddly Smooth Stone","MealTicket","Pen Nib","Darkstone Periapt","Symbiotic Virus","Inserter"],"potions_floor_usage":[22,23],"damage_taken":[{"damage":0.0,"enemies":"2 Louse","floor":1.0,"turns":2.0},{"damage":4.0,"enemies":"Jaw Worm","floor":3.0,"turns":3.0},{"damage":0.0,"enemies":"Cultist","floor":4.0,"turns":3.0},{"damage":15.0,"enemies":"3 Sentries","floor":6.0,"turns":8.0},{"damage":11.0,"enemies":"3 Louse","floor":10.0,"turns":3.0},{"damage":6.0,"enemies":"Gremlin Nob","floor":13.0,"turns":3.0},{"damage":0.0,"enemies":"Red Slaver","floor":14.0,"turns":2.0},{"damage":5.0,"enemies":"The Guardian","floor":16.0,"turns":10.0},{"damage":19.0,"enemies":"Shell Parasite","floor":18.0,"turns":5.0},{"damage":21.0,"enemies":"2 Thieves","floor":21.0,"turns":4.0},{"damage":21,"enemies":"Shelled Parasite and Fungi","floor":22,"turns":6},{"damage":3,"enemies":"Gremlin Leader","floor":23,"turns":2}],"seed_played":"5974080720187877643","potions_obtained":[{"floor":1.0,"key":"EssenceOfSteel"},{"floor":10.0,"key":"Regen Potion"},{"floor":13.0,"key":"SpeedPotion"},{"floor":21.0,"key":"FocusPotion"}],"is_trial":false,"path_per_floor":["M","?","M","M","$","E","?","$","T","M","$","R","E","M","R","B",null,"M","?","?","M","M","E"],"character_chosen":"DEFECT","items_purchased":["MealTicket","SteroidPotion","Defragment"],"campfire_rested":0,"item_purchase_floors":[5,11,11],"current_hp_per_floor":[64,59,55,55,55,40,19,34,34,23,38,38,32,32,32,42,64,45,45,45,24,3,0],"gold":203,"neow_bonus":"TWO_FIFTY_GOLD","is_prod":false,"is_daily":false,"chose_seed":false,"campfire_upgraded":2,"win_rate":0,"timestamp":1550539406,"path_taken":["M","?","M","M","$","E","?","$","T","M","$","R","E","M","R","BOSS","M","?","?","?","M","E"],"build_version":"2019-01-23","purchased_purges":1,"victory":false,"max_hp_per_floor":[71,71,71,71,71,71,71,71,71,71,71,71,71,71,71,71,71,71,71,71,71,71,71],"card_choices":[{"not_picked":["Sweeping Beam","Gash"],"picked":"Cold Snap","floor":1.0},{"not_picked":["Recycle","Double Energy","Rebound"],"picked":"SKIP","floor":3.0},{"not_picked":["Blizzard","Force Field"],"picked":"Ball Lightning","floor":4.0},{"not_picked":["Self Repair","Sunder"],"picked":"Consume","floor":6.0},{"not_picked":["Gash","Blizzard"],"picked":"Sweeping Beam","floor":10.0},{"not_picked":["Hologram","Static Discharge"],"picked":"Seek","floor":13.0},{"not_picked":["Sunder","Lockon"],"picked":"Hologram","floor":14.0},{"not_picked":["All For One","Meteor Strike"],"picked":"Rainbow","floor":16.0},{"not_picked":["Coolheaded","Ball Lightning+1"],"picked":"Leap","floor":18.0},{"not_picked":["Stack+1","Steam Power"],"picked":"Compile Driver+1","floor":21.0},{"not_picked":["Compile Driver","Cold Snap"],"picked":"Conserve Battery","floor":22}],"player_experience":570999,"relics_obtained":[{"floor":6.0,"key":"Pen Nib"},{"floor":9.0,"key":"Darkstone Periapt"},{"floor":13.0,"key":"Symbiotic Virus"}],"event_choices":[{"damage_healed":0.0,"max_hp_gain":0.0,"max_hp_loss":0.0,"gold_gain":0.0,"event_name":"Scrap Ooze","player_choice":"Success","floor":2.0,"gold_loss":0.0,"damage_taken":5.0,"relics_obtained":["Oddly Smooth Stone"]},{"damage_healed":0.0,"max_hp_gain":0.0,"max_hp_loss":0.0,"gold_gain":0.0,"event_name":"Shining Light","player_choice":"Entered Light","floor":7.0,"gold_loss":0.0,"damage_taken":21.0,"cards_upgraded":["Strike_B","Defend_B"]},{"damage_healed":0.0,"max_hp_gain":0.0,"max_hp_loss":0.0,"gold_gain":0.0,"event_name":"The Mausoleum","player_choice":"Ignored","floor":19.0,"gold_loss":0.0,"damage_taken":0.0},{"damage_healed":0.0,"max_hp_gain":0.0,"max_hp_loss":0.0,"gold_gain":0.0,"event_name":"Duplicator","player_choice":"Copied","floor":20.0,"gold_loss":0.0,"damage_taken":0.0,"cards_obtained":["Defragment"]}],"is_beta":false,"boss_relics":[{"not_picked":["Pandora\u0027s Box","Tiny House"],"picked":"Inserter"}],"items_purged_floors":[5],"is_endless":false,"potions_floor_spawned":[1,10,13,21],"killed_by":"Gremlin Leader","ascension_level":20}