{"gold_per_floor":[112,123,123,198,213,213,240,80,80,80],"floor_reached":10,"playtime":201,"items_purged":[],"score":132,"play_id":"f5508aac-8db6-4d23-ba10-1b447a609647","local_time":"20181125144144","is_ascension_mode":true,"campfire_choices":[{"data":"Sunder","floor":6,"key":"SMITH"}],"neow_cost":"NONE","seed_source_timestamp":931783444609514,"circlet_count":0,"master_deck":["AscendersBane","Strike_B","Strike_B","Strike_B","Strike_B","Defend_B","Defend_B","Defend_B","Defend_B","Zap","Dualcast","Ball Lightning","Melter","Regret","Sunder+1","Leap"],"relics":["Cracked Core","NeowsBlessing","StoneCalendar","Pocketwatch","Orichalcum","Unceasing Top"],"potions_floor_usage":[10],"damage_taken":[{"damage":0,"enemies":"Cultist","floor":1,"turns":1},{"damage":0,"enemies":"Small Slimes","floor":2,"turns":1},{"damage":0,"enemies":"2 Louse","floor":5,"turns":1},{"damage":44,"enemies":"Lagavulin","floor":7,"turns":7},{"damage":10,"enemies":"Gremlin Nob","floor":10,"turns":2}],"seed_played":"5650148142041282251","potions_obtained":[{"floor":2,"key":"AttackPotion"}],"is_trial":false,"path_per_floor":["M","M","?","?","M","R","E","$","T","E"],"character_chosen":"DEFECT","items_purchased":["Orichalcum"],"campfire_rested":0,"item_purchase_floors":[8],"current_hp_per_floor":[64,64,64,53,53,53,9,9,9,0],"gold":80,"neow_bonus":"THREE_ENEMY_KILL","is_prod":false,"is_daily":false,"chose_seed":false,"campfire_upgraded":1,"win_rate":0,"timestamp":1543174904,"path_taken":["M","?","?","?","M","R","E","$","T","E"],"build_version":"2018-11-15","purchased_purges":0,"victory":false,"max_hp_per_floor":[71,71,71,71,71,71,71,71,71,71],"card_choices":[{"not_picked":["Streamline","Tempest"],"picked":"Ball Lightning","floor":1},{"not_picked":["Darkness","Leap"],"picked":"Melter","floor":2},{"not_picked":["Double Energy","Ball Lightning"],"picked":"Sunder","floor":5},{"not_picked":["Beam Cell","Rip and Tear"],"picked":"Leap","floor":7}],"player_experience":903990,"relics_obtained":[{"floor":7,"key":"Pocketwatch"},{"floor":9,"key":"Unceasing Top"}],"event_choices":[{"damage_healed":0,"gold_gain":0,"player_choice":"Box","damage_taken":0,"relics_obtained":["StoneCalendar"],"max_hp_gain":0,"max_hp_loss":0,"event_name":"Big Fish","floor":3,"gold_loss":0,"cards_obtained":["Regret"]},{"damage_healed":0,"gold_gain":75,"player_choice":"Gather Gold","damage_taken":11,"max_hp_gain":0,"max_hp_loss":0,"event_name":"World of Goop","floor":4,"gold_loss":0}],"is_beta":true,"boss_relics":[],"items_purged_floors":[],"is_endless":false,"potions_floor_spawned":[2],"killed_by":"Gremlin Nob","ascension_level":20}