{"gold_per_floor":[113,38,49,59,59,59,74,74,74,74,92,122,139,171,171,247,247,259,259,269,282,282],"floor_reached":22,"playtime":916,"items_purged":[],"score":396,"play_id":"0219a493-dedb-414d-a258-6c68d334a184","local_time":"20190325005505","is_ascension_mode":true,"campfire_choices":[{"data":"Crippling Poison","floor":6.0,"key":"SMITH"},{"data":"Crippling Poison","floor":8.0,"key":"SMITH"},{"data":"Neutralize","floor":10.0,"key":"SMITH"},{"data":"Caltrops","floor":15.0,"key":"SMITH"}],"neow_cost":"NONE","seed_source_timestamp":1023821574320372,"circlet_count":0,"master_deck":["AscendersBane","Defend_G","Defend_G","Defend_G+1","Defend_G","Defend_G+1","Strike_G","Strike_G","Strike_G","Strike_G","Strike_G+1","Survivor","Neutralize+1","Crippling Poison+1","Backflip","Crippling Poison+1","Calculated Gamble+1","Noxious Fumes","Bouncing Flask","Caltrops+1","A Thousand Cuts","Cloak And Dagger","Cloak And Dagger","Acrobatics+1"],"special_seed":0,"relics":["Ring of the Snake","Question Card","Lantern","War Paint","Mummified Hand","Fusion Hammer"],"potions_floor_usage":[21],"damage_taken":[{"damage":0.0,"enemies":"2 Louse","floor":1.0,"turns":3.0},{"damage":2.0,"enemies":"Cultist","floor":3.0,"turns":6.0},{"damage":1.0,"enemies":"Small Slimes","floor":4.0,"turns":5.0},{"damage":4.0,"enemies":"Blue Slaver","floor":7.0,"turns":4.0},{"damage":0.0,"enemies":"3 Louse","floor":11.0,"turns":2.0},{"damage":2.0,"enemies":"Gremlin Nob","floor":12.0,"turns":3.0},{"damage":8.0,"enemies":"Looter","floor":13.0,"turns":3.0},{"damage":10.0,"enemies":"Lagavulin","floor":14.0,"turns":7.0},{"damage":4,"enemies":"Hexaghost","floor":16,"turns":8},{"damage":9,"enemies":"2 Thieves","floor":18,"turns":3},{"damage":11,"enemies":"Shell Parasite","floor":20,"turns":4},{"damage":12,"enemies":"Cultist and Chosen","floor":21,"turns":5},{"damage":2,"enemies":"Snecko","floor":22,"turns":3}],"seed_played":"1812319376446236637","potions_obtained":[{"floor":3.0,"key":"Explosive Potion"},{"floor":7.0,"key":"Poison Potion"},{"floor":12.0,"key":"AttackPotion"},{"floor":16,"key":"SpeedPotion"},{"floor":18,"key":"Block Potion"}],"is_trial":false,"path_per_floor":["M","?","M","M","?","R","M","R","T","R","M","E","M","E","R","B",null,"M","?","M","M","M"],"character_chosen":"THE_SILENT","items_purchased":[],"campfire_rested":0,"item_purchase_floors":[],"current_hp_per_floor":[65,65,63,62,40,40,36,36,36,36,36,34,26,16,16,12,57,48,28,17,5,3],"gold":282,"neow_bonus":"TEN_PERCENT_HP_BONUS","is_prod":false,"is_daily":false,"chose_seed":false,"campfire_upgraded":4,"win_rate":0,"timestamp":1553489705,"path_taken":["M","?","M","?","?","R","M","R","T","R","M","E","M","E","R","BOSS","M","?","M","M","M"],"build_version":"2019-03-15","purchased_purges":0,"victory":false,"max_hp_per_floor":[72,72,72,72,72,72,72,72,72,72,72,72,72,72,72,72,72,72,77,77,77,77],"card_choices":[{"not_picked":["Backflip","Underhanded Strike"],"picked":"Crippling Poison","floor":1.0},{"not_picked":["Concentrate","Accuracy","Quick Slash"],"picked":"Backflip","floor":3.0},{"not_picked":["Masterful Stab","Slice","Skewer"],"picked":"Crippling Poison","floor":4.0},{"not_picked":["Sucker Punch","Acrobatics","Crippling Poison"],"picked":"Calculated Gamble","floor":7.0},{"not_picked":["Choke","Grand Finale","Footwork"],"picked":"Noxious Fumes","floor":11.0},{"not_picked":["Deflect","Quick Slash","Sucker Punch"],"picked":"Bouncing Flask","floor":12.0},{"not_picked":["All Out Attack","Poisoned Stab","Setup"],"picked":"Caltrops","floor":13.0},{"not_picked":["Deflect","Slice","Endless Agony","Prepared"],"picked":"SKIP","floor":14.0},{"not_picked":["Storm of Steel","Night Terror","Phantasmal Killer"],"picked":"A Thousand Cuts","floor":16},{"not_picked":["Poisoned Stab","Reflex","Dodge and Roll"],"picked":"Cloak And Dagger","floor":18},{"not_picked":["Dagger Spray","Dodge and Roll","Deflect"],"picked":"Cloak And Dagger","floor":20},{"not_picked":["Noxious Fumes","Deadly Poison+1","Quick Slash"],"picked":"Acrobatics+1","floor":21}],"player_experience":1253644,"relics_obtained":[{"floor":9.0,"key":"Lantern"},{"floor":12.0,"key":"War Paint"},{"floor":14.0,"key":"Mummified Hand"}],"event_choices":[{"damage_healed":0.0,"max_hp_gain":0.0,"max_hp_loss":0.0,"gold_gain":0.0,"event_name":"WeMeetAgain","player_choice":"Paid Gold","floor":2.0,"gold_loss":75.0,"damage_taken":0.0,"relics_obtained":["Question Card"]},{"damage_healed":0.0,"max_hp_gain":0.0,"max_hp_loss":0.0,"gold_gain":0.0,"event_name":"Shining Light","player_choice":"Entered Light","floor":5.0,"gold_loss":0.0,"damage_taken":22.0,"cards_upgraded":["Defend_G","Strike_G"]},{"damage_healed":0,"gold_gain":0,"player_choice":"Shed Blood","damage_taken":25,"max_hp_gain":5,"max_hp_loss":0,"event_name":"Forgotten Altar","floor":19,"gold_loss":0}],"is_beta":true,"boss_relics":[{"not_picked":["Orrery","Ectoplasm"],"picked":"Fusion Hammer"}],"items_purged_floors":[],"is_endless":false,"potions_floor_spawned":[3,7,12,16,18,20],"killed_by":"Snecko","ascension_level":20}