{"gold_per_floor":[119,134,154,29,29,29,62,62,107,133,55,130,191,257,257,329,329,339,389,489,464,480,480,507,507,556,556,456,470,487,320,320,396,396,415,435,142,192,242,242,274,274],"floor_reached":42,"playtime":1319,"items_purged":["Strike_B","Strike_B","Defend_B"],"score":929,"play_id":"1f9c6083-f889-437a-8a02-7f257f3dfdc9","local_time":"20181027214306","is_ascension_mode":true,"campfire_choices":[{"data":"Zap","floor":6.0,"key":"SMITH"},{"data":"Hologram","floor":8.0,"key":"SMITH"},{"data":"Defragment","floor":15.0,"key":"SMITH"},{"floor":23.0,"key":"REST"},{"floor":25.0,"key":"REST"},{"floor":27.0,"key":"REST"},{"data":"Loop","floor":32.0,"key":"SMITH"},{"floor":40,"key":"REST"}],"neow_cost":"NONE","seed_source_timestamp":1392403979529267,"circlet_count":0,"master_deck":["Strike_B+1","Defend_B","Defend_B","Defend_B","Zap+1","Dualcast","AscendersBane","Hologram+1","FTL","Defragment+1","Ball Lightning","Biased Cognition","Loop+1","BootSequence","Capacitor","Amplify","Ball Lightning","Coolheaded","Lockon+1","Electrodynamics","Glacier","Capacitor"],"special_seed":0,"relics":["Cracked Core","NeowsBlessing","SsserpentHead","Lantern","Vajra","Whetstone","Ancient Tea Set","Sozu","Bag of Preparation","PreservedInsect","Blood Vial","Black Star","Bronze Scales","Centennial Puzzle","Omamori"],"potions_floor_usage":[],"damage_taken":[{"damage":0.0,"enemies":"Cultist","floor":1.0,"turns":1.0},{"damage":0.0,"enemies":"Jaw Worm","floor":2.0,"turns":1.0},{"damage":0.0,"enemies":"2 Louse","floor":3.0,"turns":1.0},{"damage":12.0,"enemies":"Lagavulin","floor":7.0,"turns":6.0},{"damage":20.0,"enemies":"3 Sentries","floor":10.0,"turns":6.0},{"damage":6.0,"enemies":"Looter","floor":13.0,"turns":2.0},{"damage":0.0,"enemies":"Exordium Wildlife","floor":14.0,"turns":2.0},{"damage":6.0,"enemies":"The Guardian","floor":16.0,"turns":7.0},{"damage":15.0,"enemies":"3 Byrds","floor":18.0,"turns":4.0},{"damage":0.0,"enemies":"Chosen","floor":22.0,"turns":3.0},{"damage":42.0,"enemies":"Slavers","floor":24.0,"turns":5.0},{"damage":0.0,"enemies":"Sentry and Sphere","floor":29.0,"turns":4.0},{"damage":2.0,"enemies":"Cultist and Chosen","floor":30.0,"turns":5.0},{"damage":41.0,"enemies":"Automaton","floor":33.0,"turns":7.0},{"damage":21,"enemies":"3 Darklings","floor":35,"turns":3},{"damage":24,"enemies":"Orb Walker","floor":36,"turns":5},{"damage":23,"enemies":"Reptomancer","floor":41,"turns":5},{"damage":0,"enemies":"Maw","floor":42,"turns":2}],"seed_played":"-8513068728487881928","potions_obtained":[{"floor":7.0,"key":"SpeedPotion"},{"floor":10.0,"key":"LiquidBronze"},{"floor":13.0,"key":"EssenceOfSteel"},{"floor":16.0,"key":"Block Potion"}],"is_trial":false,"path_per_floor":["M","M","M","$","?","R","E","R","T","E","$","T","M","M","R","B",null,"M","?","?","?","M","R","E","R","T","R","$","M","M","$","R","B",null,"M","M","$","?","?","R","E"],"character_chosen":"DEFECT","items_purchased":["Ball Lightning","Loop","Blood Vial","Bronze Scales"],"campfire_rested":4,"item_purchase_floors":[4,11,31,37],"current_hp_per_floor":[64,64,64,64,64,64,52,52,52,32,32,32,26,26,26,20,58,43,23,23,23,23,45,3,25,25,47,47,47,45,45,45,6,59,40,18,18,18,18,40,19,21],"gold":274,"neow_bonus":"THREE_ENEMY_KILL","is_prod":false,"is_daily":false,"chose_seed":false,"campfire_upgraded":4,"win_rate":0,"timestamp":1540690986,"path_taken":["M","?","M","$","?","R","E","R","T","E","$","?","?","?","R","BOSS","M","?","?","?","M","R","E","R","T","R","$","M","M","$","R","BOSS","M","M","$","?","?","R","E","M"],"build_version":"2018-10-25v2","purchased_purges":3,"victory":false,"max_hp_per_floor":[71,71,71,71,71,71,71,71,71,71,71,71,71,71,71,71,71,71,76,76,76,76,76,76,76,76,76,76,76,76,76,76,76,76,76,76,76,76,76,76,76,76],"card_choices":[{"not_picked":["Stack","Leap"],"picked":"Hologram","floor":1.0},{"not_picked":["Fusion","Gash"],"picked":"FTL","floor":2.0},{"not_picked":["Leap","Go for the Eyes"],"picked":"Defragment","floor":3.0},{"not_picked":["FTL","Compile Driver"],"picked":"Biased Cognition","floor":7.0},{"not_picked":["Compile Driver","Tempest"],"picked":"Beam Cell","floor":10.0},{"not_picked":["Compile Driver","Gash"],"picked":"BootSequence","floor":13.0},{"not_picked":["Barrage","Compile Driver"],"picked":"Capacitor","floor":14.0},{"not_picked":["Multi-Cast","Rainbow"],"picked":"Amplify","floor":16.0},{"not_picked":["Turbo","Heatsinks+1"],"picked":"Ball Lightning","floor":18.0},{"not_picked":["Rip and Tear","Stack"],"picked":"Coolheaded","floor":22.0},{"not_picked":["Multi-Cast","Stack","Lockon"],"picked":"SKIP","floor":24.0},{"not_picked":["Steam","Redo"],"picked":"Lockon+1","floor":29.0},{"not_picked":["Chill","Doom and Gloom","Tempest"],"picked":"SKIP","floor":30.0},{"not_picked":["Meteor Strike","Biased Cognition"],"picked":"Electrodynamics","floor":33.0},{"not_picked":["Consume","Heatsinks+1"],"picked":"Glacier","floor":35},{"not_picked":["Ball Lightning","Redo+1"],"picked":"Capacitor","floor":36},{"not_picked":["Streamline","Sweeping Beam","Stack"],"picked":"SKIP","floor":41}],"player_experience":1039532,"relics_obtained":[{"floor":7.0,"key":"Lantern"},{"floor":9.0,"key":"Vajra"},{"floor":10.0,"key":"Whetstone"},{"floor":12.0,"key":"Ancient Tea Set"},{"floor":24.0,"key":"Bag of Preparation"},{"floor":26.0,"key":"PreservedInsect"},{"floor":41,"key":"Centennial Puzzle"},{"floor":41,"key":"Omamori"}],"event_choices":[{"damage_healed":0.0,"max_hp_gain":0.0,"max_hp_loss":0.0,"gold_gain":0.0,"event_name":"FaceTrader","player_choice":"Trade","floor":5.0,"gold_loss":0.0,"damage_taken":0.0,"relics_obtained":["SsserpentHead"]},{"damage_healed":0.0,"max_hp_gain":5.0,"max_hp_loss":0.0,"gold_gain":0.0,"event_name":"Forgotten Altar","player_choice":"Shed Blood","floor":19.0,"gold_loss":0.0,"damage_taken":25.0},{"damage_healed":0.0,"max_hp_gain":0.0,"max_hp_loss":0.0,"gold_gain":50.0,"event_name":"Nest","player_choice":"Stole From Cult","floor":20.0,"gold_loss":0.0,"damage_taken":0.0},{"cards_removed":["Strike_B"],"damage_healed":0.0,"max_hp_gain":0.0,"max_hp_loss":0.0,"gold_gain":0.0,"event_name":"Beggar","player_choice":"Gave Gold","floor":21.0,"gold_loss":75.0,"damage_taken":0.0},{"cards_removed":["Beam Cell"],"damage_healed":0,"gold_gain":0,"player_choice":"Removed Attack","damage_taken":0,"max_hp_gain":0,"max_hp_loss":0,"event_name":"Falling","floor":38,"gold_loss":0},{"damage_healed":0,"gold_gain":0,"player_choice":"Ignored","damage_taken":0,"max_hp_gain":0,"max_hp_loss":0,"event_name":"Tomb of Lord Red Mask","floor":39,"gold_loss":0}],"is_beta":false,"boss_relics":[{"not_picked":["Eternal Feather","Fusion Hammer"],"picked":"Sozu"},{"not_picked":["Lizard Tail","Tiny House"],"picked":"Black Star"}],"items_purged_floors":[4,28,37],"is_endless":false,"potions_floor_spawned":[7,10,13,16,30],"killed_by":"Maw","ascension_level":20}