{"gold_per_floor":[112,112,127,138,14,14,40,40,40,56,56,75,75,92,92,170,170,186,74,60,77,2,2],"floor_reached":23,"playtime":1843,"items_purged":["Strike_G"],"score":357,"play_id":"85dba6b7-3827-4344-aac0-fff32c19411a","local_time":"20190314112541","is_ascension_mode":true,"campfire_choices":[{"data":"Concentrate","floor":6,"key":"SMITH"},{"data":"Neutralize","floor":8,"key":"SMITH"},{"data":"Reflex","floor":11,"key":"SMITH"},{"data":"Footwork","floor":13,"key":"SMITH"},{"data":"Cloak And Dagger","floor":15,"key":"SMITH"}],"neow_cost":"TEN_PERCENT_HP_LOSS","seed_source_timestamp":27480912913462,"circlet_count":0,"master_deck":["AscendersBane","Defend_G","Defend_G","Defend_G","Defend_G","Defend_G","Strike_G","Strike_G","Strike_G","Survivor","Neutralize+1","Terror","Unload","Leg Sweep","Reflex+1","Footwork+1","Concentrate+1","Expertise","Acrobatics","Cloak And Dagger+1","Burst","Cloak And Dagger","Footwork+1","Dagger Throw","Infinite Blades+1"],"relics":["Ring of the Snake","Mango","Ginger","Frozen Egg 2","Philosopher\u0027s Stone"],"potions_floor_usage":[10,16,16],"damage_taken":[{"damage":7,"enemies":"Jaw Worm","floor":1,"turns":6},{"damage":0,"enemies":"Cultist","floor":3,"turns":3},{"damage":0,"enemies":"Small Slimes","floor":4,"turns":3},{"damage":26,"enemies":"3 Sentries","floor":7,"turns":15},{"damage":0,"enemies":"3 Louse","floor":10,"turns":4},{"damage":1,"enemies":"Red Slaver","floor":12,"turns":4},{"damage":14,"enemies":"Gremlin Gang","floor":14,"turns":7},{"damage":21,"enemies":"Hexaghost","floor":16,"turns":18},{"damage":7,"enemies":"Chosen","floor":18,"turns":5},{"damage":26,"enemies":"2 Thieves","floor":20,"turns":4},{"damage":12,"enemies":"Snake Plant","floor":21,"turns":6},{"damage":20,"enemies":"Book of Stabbing","floor":23,"turns":6}],"seed_played":"4204906325847796637","potions_obtained":[{"floor":1,"key":"Energy Potion"},{"floor":3,"key":"Regen Potion"},{"floor":10,"key":"Dexterity Potion"},{"floor":12,"key":"EssenceOfSteel"},{"floor":18,"key":"Explosive Potion"}],"is_trial":false,"path_per_floor":["M","?","M","M","$","R","E","R","T","M","R","M","R","M","R","B",null,"M","$","M","M","?","E"],"character_chosen":"THE_SILENT","items_purchased":["Footwork","Concentrate","Footwork+1"],"campfire_rested":0,"item_purchase_floors":[5,5,19],"current_hp_per_floor":[66,66,66,66,66,66,40,40,40,40,40,39,39,25,25,19,60,53,53,27,15,15,0],"gold":2,"neow_bonus":"ONE_RARE_RELIC","is_prod":false,"is_daily":false,"chose_seed":false,"campfire_upgraded":5,"win_rate":0,"timestamp":1552577141,"path_taken":["M","?","M","M","$","R","E","R","T","?","R","M","R","M","R","BOSS","M","$","M","M","?","E"],"build_version":"2019-02-06","purchased_purges":1,"victory":false,"max_hp_per_floor":[74,74,74,74,74,74,74,74,74,74,74,74,74,74,74,74,74,74,74,74,74,74,74],"card_choices":[{"not_picked":["Underhanded Strike","Reflex"],"picked":"Terror","floor":1},{"not_picked":["Blade Dance","Choke"],"picked":"Leg Sweep","floor":3},{"not_picked":["Deflect","Cloak And Dagger"],"picked":"Reflex","floor":4},{"not_picked":["Backstab","Leg Sweep"],"picked":"Expertise","floor":7},{"not_picked":["Masterful Stab","Sucker Punch"],"picked":"Acrobatics","floor":10},{"not_picked":["Outmaneuver","Blade Dance","Dodge and Roll"],"picked":"SKIP","floor":12},{"not_picked":["Outmaneuver","Blade Dance","Dodge and Roll"],"picked":"SKIP","floor":12},{"not_picked":["Finisher","Grand Finale"],"picked":"Cloak And Dagger","floor":14},{"not_picked":["Night Terror","Envenom+1"],"picked":"Burst","floor":16},{"not_picked":["Slice","Bane"],"picked":"Cloak And Dagger","floor":18},{"not_picked":["Underhanded Strike","PiercingWail"],"picked":"Dagger Throw","floor":20},{"not_picked":["Underhanded Strike","Backflip"],"picked":"Infinite Blades+1","floor":21}],"player_experience":498318,"relics_obtained":[{"floor":7,"key":"Ginger"},{"floor":9,"key":"Frozen Egg 2"}],"event_choices":[{"damage_healed":0,"gold_gain":0,"player_choice":"1 cards matched","damage_taken":0,"max_hp_gain":0,"max_hp_loss":0,"event_name":"Match and Keep!","floor":2,"gold_loss":0,"cards_obtained":["Unload"]},{"cards_removed":["Strike_G"],"damage_healed":0,"gold_gain":0,"player_choice":"Gave Gold","damage_taken":0,"max_hp_gain":0,"max_hp_loss":0,"event_name":"Beggar","floor":22,"gold_loss":75}],"is_beta":true,"boss_relics":[{"not_picked":["Black Star","Eternal Feather"],"picked":"Philosopher\u0027s Stone"}],"items_purged_floors":[19],"is_endless":false,"potions_floor_spawned":[1,3,10,12,18],"killed_by":"Book of Stabbing","ascension_level":17}