{"gold_per_floor":[361,361,46,46,61,61,90,90,139,167,182,182],"floor_reached":12,"playtime":615,"items_purged":[],"score":148,"play_id":"06354c58-cf28-4e3d-9854-87545b17f9dd","local_time":"20190319192706","is_ascension_mode":true,"campfire_choices":[{"data":"Zap","floor":6,"key":"SMITH"},{"floor":8,"key":"REST"}],"neow_cost":"CURSE","seed_source_timestamp":6031233076563,"circlet_count":0,"master_deck":["AscendersBane","Strike_B","Strike_B","Strike_B","Defend_B","Defend_B","Defend_B","Defend_B","Zap+1","Dualcast","Chill","Rebound","Chaos","Cold Snap","Steam"],"relics":["Cracked Core","Incense Burner","Odd Mushroom","Vajra","Bag of Marbles"],"potions_floor_usage":[12],"damage_taken":[{"damage":0,"enemies":"2 Louse","floor":1,"turns":2},{"damage":0,"enemies":"Jaw Worm","floor":5,"turns":4},{"damage":27,"enemies":"The Mushroom Lair","floor":7,"turns":6},{"damage":44,"enemies":"Gremlin Nob","floor":10,"turns":5},{"damage":0,"enemies":"Cultist","floor":11,"turns":4},{"damage":12,"enemies":"Lagavulin","floor":12,"turns":4}],"seed_played":"7555295987934378752","potions_obtained":[{"floor":11,"key":"GamblersBrew"}],"is_trial":false,"path_per_floor":["M","?","$","?","M","R","?","R","T","E","M","E"],"character_chosen":"DEFECT","items_purchased":["Incense Burner"],"campfire_rested":1,"item_purchase_floors":[3],"current_hp_per_floor":[64,57,57,57,57,57,30,51,51,7,7,0],"gold":182,"neow_bonus":"TWO_FIFTY_GOLD","is_prod":false,"is_daily":false,"chose_seed":false,"campfire_upgraded":1,"win_rate":0,"timestamp":1553038026,"path_taken":["M","?","$","?","?","R","?","R","T","E","M","E"],"build_version":"2019-03-15","purchased_purges":0,"victory":false,"max_hp_per_floor":[71,71,71,71,71,71,71,71,71,71,71,71],"card_choices":[{"not_picked":["Conserve Battery","Ball Lightning"],"picked":"Chill","floor":1},{"not_picked":["Blizzard","Streamline"],"picked":"Rebound","floor":5},{"not_picked":["Heatsinks","Steam Power"],"picked":"Chaos","floor":7},{"not_picked":["Scrape","Stack"],"picked":"Cold Snap","floor":10},{"not_picked":["Lockon","Fusion"],"picked":"Steam","floor":11}],"player_experience":593632,"relics_obtained":[{"floor":7,"key":"Odd Mushroom"},{"floor":9,"key":"Vajra"},{"floor":10,"key":"Bag of Marbles"}],"event_choices":[{"cards_removed":["Decay"],"damage_healed":0,"gold_gain":0,"player_choice":"Card Removal","damage_taken":7,"max_hp_gain":0,"max_hp_loss":0,"event_name":"Golden Wing","floor":2,"gold_loss":0},{"cards_removed":["Strike_B"],"damage_healed":0,"gold_gain":0,"player_choice":"Offered Basic","damage_taken":0,"max_hp_gain":0,"max_hp_loss":0,"event_name":"Bonfire Elementals","floor":4,"gold_loss":0},{"damage_healed":0,"gold_gain":0,"player_choice":"Fought Mushrooms","damage_taken":0,"max_hp_gain":0,"max_hp_loss":0,"event_name":"Mushrooms","floor":7,"gold_loss":0}],"is_beta":true,"boss_relics":[],"items_purged_floors":[],"is_endless":false,"potions_floor_spawned":[11],"killed_by":"Lagavulin","ascension_level":19}