{"gold_per_floor":[116,136,61,61,81,81,116,116,142,170,95,109,134,153,153,153],"floor_reached":16,"playtime":647,"items_purged":["Strike_R"],"score":209,"play_id":"7c7515c3-b856-42b5-bbc1-7baed2ca45e1","local_time":"20190315051354","is_ascension_mode":true,"campfire_choices":[{"data":"Spot Weakness","floor":6,"key":"SMITH"},{"data":"Bash","floor":8,"key":"SMITH"},{"floor":15,"key":"REST"}],"neow_cost":"NONE","seed_source_timestamp":92780251894308,"circlet_count":0,"master_deck":["AscendersBane","Strike_R+1","Strike_R+1","Defend_R+1","Defend_R","Defend_R","Defend_R+1","Bash+1","Spot Weakness+1","Iron Wave","Cleave","Combust","Anger","Flame Barrier","Shrug It Off"],"relics":["Burning Blood","War Paint","Juzu Bracelet","Whetstone","Ancient Tea Set"],"potions_floor_usage":[5,10,12],"damage_taken":[{"damage":11,"enemies":"Jaw Worm","floor":1,"turns":5},{"damage":9,"enemies":"2 Louse","floor":2,"turns":4},{"damage":1,"enemies":"Small Slimes","floor":5,"turns":4},{"damage":35,"enemies":"3 Sentries","floor":7,"turns":8},{"damage":31,"enemies":"Gremlin Nob","floor":10,"turns":4},{"damage":11,"enemies":"Exordium Wildlife","floor":12,"turns":6},{"damage":2,"enemies":"2 Fungi Beasts","floor":14,"turns":3},{"damage":45,"enemies":"Slime Boss","floor":16,"turns":8}],"seed_played":"5838274601605517556","potions_obtained":[{"floor":1,"key":"Weak Potion"},{"floor":5,"key":"FearPotion"},{"floor":10,"key":"SpeedPotion"},{"floor":14,"key":"SmokeBomb"}],"is_trial":false,"path_per_floor":["M","M","?","?","M","R","E","R","T","E","$","M","T","M","R","B"],"character_chosen":"IRONCLAD","items_purchased":[],"campfire_rested":1,"item_purchase_floors":[],"current_hp_per_floor":[63,60,60,65,70,70,41,41,41,16,16,11,11,15,39,0],"gold":153,"neow_bonus":"REMOVE_CARD","is_prod":false,"is_daily":false,"chose_seed":false,"campfire_upgraded":2,"win_rate":0,"timestamp":1552641234,"path_taken":["M","M","?","?","M","R","E","R","T","E","$","M","?","M","R","BOSS"],"build_version":"2019-02-06","purchased_purges":1,"victory":false,"max_hp_per_floor":[75,75,75,80,80,80,80,80,80,80,80,80,80,80,80,80],"card_choices":[{"not_picked":["Bloodletting","Searing Blow"],"picked":"Spot Weakness","floor":1},{"not_picked":["Seeing Red","Twin Strike"],"picked":"Iron Wave","floor":2},{"not_picked":["Clothesline","True Grit"],"picked":"Cleave","floor":5},{"not_picked":["Armaments","Fire Breathing"],"picked":"Combust","floor":7},{"not_picked":["Clothesline","Second Wind"],"picked":"Anger","floor":10},{"not_picked":["True Grit","Wild Strike"],"picked":"Flame Barrier","floor":12},{"not_picked":["Corruption","Impervious"],"picked":"Shrug It Off","floor":14}],"player_experience":510247,"relics_obtained":[{"floor":7,"key":"War Paint"},{"floor":9,"key":"Juzu Bracelet"},{"floor":10,"key":"Whetstone"},{"floor":13,"key":"Ancient Tea Set"}],"event_choices":[{"cards_removed":["Strike_R"],"damage_healed":0,"gold_gain":0,"player_choice":"Card Removal","damage_taken":0,"max_hp_gain":0,"max_hp_loss":0,"event_name":"The Cleric","floor":3,"gold_loss":75},{"damage_healed":0,"gold_gain":0,"player_choice":"Donut","damage_taken":0,"max_hp_gain":5,"max_hp_loss":0,"event_name":"Big Fish","floor":4,"gold_loss":0}],"is_beta":true,"boss_relics":[],"items_purged_floors":[11],"is_endless":false,"potions_floor_spawned":[1,5,10,14],"killed_by":"Slime Boss","ascension_level":18}