{"gold_per_floor":[110,123,137,137,157,157,184,184,184,217,49,80,5,18,18,18],"floor_reached":16,"playtime":895,"items_purged":[],"score":290,"play_id":"56a39cae-e5f1-4b5c-a5f1-e23650847d73","local_time":"20181118082859","is_ascension_mode":true,"campfire_choices":[{"data":"Lockon","floor":6,"key":"SMITH"},{"floor":8,"key":"REST"},{"data":"Cold Snap","floor":15,"key":"SMITH"}],"neow_cost":"NONE","seed_source_timestamp":303929010930688,"circlet_count":0,"master_deck":["AscendersBane","Strike_B","Strike_B","Defend_B","Defend_B","Defend_B","Defend_B","Zap","Dualcast","Recycle","BootSequence","Glacier","Lockon+1","White Noise","FTL","Hologram","Undo","Cold Snap+1"],"relics":["Cracked Core","Bag of Preparation","Oddly Smooth Stone","Blue Candle","PreservedInsect","Strawberry"],"potions_floor_usage":[7,10,16,16],"damage_taken":[{"damage":1,"enemies":"Cultist","floor":1,"turns":4},{"damage":2,"enemies":"Jaw Worm","floor":2,"turns":3},{"damage":0,"enemies":"2 Louse","floor":3,"turns":2},{"damage":12,"enemies":"2 Fungi Beasts","floor":5,"turns":4},{"damage":18,"enemies":"3 Sentries","floor":7,"turns":10},{"damage":12,"enemies":"Lagavulin","floor":10,"turns":5},{"damage":0,"enemies":"3 Sentries","floor":12,"turns":8},{"damage":0,"enemies":"Exordium Thugs","floor":14,"turns":5},{"damage":50,"enemies":"Hexaghost","floor":16,"turns":14}],"seed_played":"-4919269633853976820","potions_obtained":[{"floor":3,"key":"Weak Potion"},{"floor":5,"key":"Poison Potion"},{"floor":10,"key":"Dexterity Potion"},{"floor":14,"key":"Explosive Potion"}],"is_trial":false,"path_per_floor":["M","M","M","?","M","R","E","R","T","E","$","E","?","M","R","B"],"character_chosen":"DEFECT","items_purchased":["PreservedInsect"],"campfire_rested":1,"item_purchase_floors":[11],"current_hp_per_floor":[63,61,61,61,49,49,31,52,52,40,40,47,47,47,47,0],"gold":18,"neow_bonus":"TRANSFORM_CARD","is_prod":false,"is_daily":false,"chose_seed":false,"campfire_upgraded":2,"win_rate":0,"timestamp":1542547739,"path_taken":["M","M","M","?","M","R","E","R","T","E","$","E","?","M","R","BOSS"],"build_version":"2018-11-15","purchased_purges":0,"victory":false,"max_hp_per_floor":[71,71,71,71,71,71,71,71,71,71,71,78,78,78,78,78],"card_choices":[{"not_picked":["Streamline","Conserve Battery"],"picked":"BootSequence","floor":1},{"not_picked":["Loop","Beam Cell"],"picked":"Glacier","floor":2},{"not_picked":["Gash","Conserve Battery"],"picked":"Lockon","floor":3},{"not_picked":["Gash","Beam Cell"],"picked":"White Noise","floor":5},{"not_picked":["Auto Shields","Undo"],"picked":"FTL","floor":7},{"not_picked":["Double Energy","Streamline"],"picked":"Hologram","floor":10},{"not_picked":["Skim","Double Energy"],"picked":"Undo","floor":12},{"not_picked":["Steam","Stack"],"picked":"Cold Snap","floor":14}],"player_experience":884284,"relics_obtained":[{"floor":7,"key":"Bag of Preparation"},{"floor":9,"key":"Oddly Smooth Stone"},{"floor":10,"key":"Blue Candle"},{"floor":12,"key":"Strawberry"}],"event_choices":[{"damage_healed":0,"gold_gain":0,"player_choice":"Ignored","damage_taken":0,"max_hp_gain":0,"max_hp_loss":0,"event_name":"Liars Game","floor":4,"gold_loss":0},{"cards_removed":["Strike_B"],"damage_healed":0,"gold_gain":0,"player_choice":"Card Removal","damage_taken":0,"max_hp_gain":0,"max_hp_loss":0,"event_name":"The Cleric","floor":13,"gold_loss":75}],"is_beta":true,"boss_relics":[],"items_purged_floors":[],"is_endless":false,"potions_floor_spawned":[3,5,10,14],"killed_by":"Hexaghost","ascension_level":20}