{"gold_per_floor":[13,26,26,42,42,77,77,107,107,107,57,57,84,99,99,176,176,193,208,103,122,172,172,185,185,238,238,258,289,351,379,391,478,490,517,398,398,118,132,165,0,0,27,27],"floor_reached":44,"playtime":1921,"items_purged":["Strike_B","Strike_B","Strike_B","Defend_B"],"score":928,"play_id":"162d4797-c4e3-4d32-85c0-99af2aeadf62","local_time":"20181018091025","is_ascension_mode":true,"campfire_choices":[{"floor":7,"key":"REST"},{"data":"Buffer","floor":10,"key":"SMITH"},{"floor":12,"key":"REST"},{"data":"Loop","floor":15,"key":"SMITH"},{"data":"Go for the Eyes","floor":23,"key":"SMITH"},{"floor":25,"key":"REST"},{"floor":32,"key":"REST"},{"floor":42,"key":"REST"}],"neow_cost":"NO_GOLD","seed_source_timestamp":569164428226520,"circlet_count":0,"master_deck":["Defend_B","Defend_B","Defend_B","Zap","Dualcast","AscendersBane","Buffer+1","Rip and Tear","Conserve Battery","Cold Snap","Streamline","Cold Snap","Loop+1","Undo","Electrodynamics","Go for the Eyes+1","Stack+1","Cold Snap","Biased Cognition"],"relics":["Cracked Core","Smiling Mask","Blue Candle","Vajra","Odd Mushroom","Busted Crown","Tiny Chest","FaceOfCleric","MawBank","Lizard Tail","Centennial Puzzle","Dodecahedron","Red Mask","PreservedInsect"],"potions_floor_usage":[6,6,16,29,33,40,44,44],"damage_taken":[{"damage":6,"enemies":"Cultist","floor":1,"turns":3},{"damage":0,"enemies":"2 Louse","floor":2,"turns":2},{"damage":0,"enemies":"Jaw Worm","floor":4,"turns":3},{"damage":23,"enemies":"Gremlin Nob","floor":6,"turns":5},{"damage":35,"enemies":"3 Sentries","floor":8,"turns":7},{"damage":14,"enemies":"The Mushroom Lair","floor":13,"turns":4},{"damage":0,"enemies":"Exordium Wildlife","floor":14,"turns":2},{"damage":4,"enemies":"The Guardian","floor":16,"turns":12},{"damage":4,"enemies":"Spheric Guardian","floor":18,"turns":6},{"damage":9,"enemies":"2 Thieves","floor":19,"turns":4},{"damage":12,"enemies":"Sentry and Sphere","floor":21,"turns":6},{"damage":20,"enemies":"Snake Plant","floor":24,"turns":4},{"damage":16,"enemies":"Shelled Parasite and Fungi","floor":28,"turns":5},{"damage":10,"enemies":"Slavers","floor":29,"turns":4},{"damage":4,"enemies":"Centurion and Healer","floor":31,"turns":9},{"damage":36,"enemies":"Collector","floor":33,"turns":15},{"damage":2,"enemies":"3 Shapes","floor":35,"turns":7},{"damage":23,"enemies":"3 Darklings","floor":39,"turns":4},{"damage":25,"enemies":"2 Orb Walkers","floor":40,"turns":4},{"damage":26,"enemies":"Giant Head","floor":44,"turns":9}],"seed_played":"5099490535315071889","potions_obtained":[{"floor":1,"key":"PowerPotion"},{"floor":4,"key":"Weak Potion"},{"floor":8,"key":"PowerPotion"},{"floor":13,"key":"Strength Potion"},{"floor":28,"key":"GamblersBrew"},{"floor":29,"key":"Block Potion"},{"floor":31,"key":"FairyPotion"},{"floor":40,"key":"Fire Potion"}],"is_trial":false,"path_per_floor":["M","M","$","M","?","E","R","E","T","R","$","R","?","M","R","B",null,"M","M","$","M","?","R","M","R","T","?","M","E","?","M","R","B",null,"M","$","?","$","M","E","?","R","T"],"character_chosen":"DEFECT","items_purchased":["Go for the Eyes","Fire Potion","Cold Snap","Centennial Puzzle","AttackPotion"],"campfire_rested":5,"item_purchase_floors":[20,36,36,38,38],"current_hp_per_floor":[58,58,58,58,58,35,56,21,21,21,21,42,28,28,28,24,59,55,46,46,34,34,34,14,35,35,35,20,11,11,8,30,8,58,57,57,57,57,35,11,11,34,34,8],"gold":27,"neow_bonus":"THREE_RARE_CARDS","is_prod":false,"is_daily":false,"chose_seed":false,"campfire_upgraded":3,"win_rate":0,"timestamp":1539868225,"path_taken":["M","M","?","M","?","E","R","E","T","R","?","R","?","M","R","BOSS","M","M","$","M","?","R","M","R","T","?","?","E","?","M","R","BOSS","M","$","?","$","M","E","?","R","T","E"],"build_version":"2018-10-11","purchased_purges":4,"victory":false,"max_hp_per_floor":[71,71,71,71,71,71,71,71,71,71,71,71,71,71,71,71,71,71,71,71,71,71,71,71,71,71,71,72,73,73,74,74,75,75,76,76,76,76,77,78,78,78,78,78],"card_choices":[{"not_picked":["Thunder Strike","Reboot"],"picked":"Buffer","floor":0},{"not_picked":["Barrage","Capacitor"],"picked":"Rip and Tear","floor":1},{"not_picked":["Beam Cell","Double Energy"],"picked":"Conserve Battery","floor":2},{"not_picked":["Beam Cell","Force Field"],"picked":"Cold Snap","floor":4},{"not_picked":["Sweeping Beam","Leap"],"picked":"Streamline","floor":6},{"not_picked":["Steam Power","Gash"],"picked":"Cold Snap","floor":8},{"not_picked":["Compile Driver","Redo"],"picked":"Loop","floor":13},{"not_picked":["Reprogram","Skim"],"picked":"Undo","floor":14},{"not_picked":["All For One","Seek"],"picked":"Electrodynamics","floor":16},{"not_picked":["Streamline"],"picked":"SKIP","floor":18},{"not_picked":["Steam"],"picked":"SKIP","floor":19},{"not_picked":["Consume"],"picked":"SKIP","floor":21},{"not_picked":["Rebound"],"picked":"SKIP","floor":24},{"not_picked":[],"picked":"Stack+1","floor":28},{"not_picked":["Force Field"],"picked":"SKIP","floor":29},{"not_picked":["Redo"],"picked":"SKIP","floor":31},{"not_picked":["Chaos+1"],"picked":"SKIP","floor":35},{"not_picked":["Heatsinks"],"picked":"SKIP","floor":39},{"not_picked":["Steam Power"],"picked":"SKIP","floor":40}],"player_experience":979939,"relics_obtained":[{"floor":6,"key":"Smiling Mask"},{"floor":8,"key":"Blue Candle"},{"floor":9,"key":"Vajra"},{"floor":13,"key":"Odd Mushroom"},{"floor":26,"key":"Tiny Chest"},{"floor":29,"key":"MawBank"},{"floor":40,"key":"Dodecahedron"},{"floor":43,"key":"PreservedInsect"}],"event_choices":[{"event_name":"Liars Game","player_choice":"disagreed","floor":5,"damage_taken":0},{"event_name":"Mushrooms","player_choice":"Fought Mushrooms","floor":13,"damage_taken":0},{"event_name":"The Joust","player_choice":"Bet on Murderer","floor":22,"damage_taken":0},{"event_name":"FaceTrader","player_choice":"Trade","floor":27,"damage_taken":0},{"event_name":"Nest","player_choice":"Stole From Cult","floor":30,"damage_taken":0},{"event_name":"Transmorgrifier","player_choice":"Transform","floor":37,"damage_taken":0},{"event_name":"Tomb of Lord Red Mask","player_choice":"Paid","floor":41,"damage_taken":0}],"is_beta":false,"boss_relics":[{"not_picked":["Ectoplasm","Eternal Feather"],"picked":"Busted Crown"},{"not_picked":["Runic Dome","Philosopher\u0027s Stone"],"picked":"Lizard Tail"}],"items_purged_floors":[11,20,36,38],"is_endless":false,"potions_floor_spawned":[1,4,8,13,28,29,31,40],"killed_by":"Giant Head","ascension_level":20}