{"gold_per_floor":[115,115,136,156,121,121,139,179,191,203,215,252,264,309,321,423,435,472,504,537,568,580,592,677,689,701,713,740,478,478,393,393,393],"floor_reached":33,"playtime":1775,"items_purged":[],"score":519,"play_id":"e27223d9-cba9-48d9-bccb-3b991ba4e534","local_time":"20190314121044","is_ascension_mode":true,"campfire_choices":[{"floor":6,"key":"REST"},{"data":"Shrug It Off","floor":11,"key":"SMITH"},{"data":"Bash","floor":13,"key":"SMITH"},{"floor":15,"key":"REST"},{"floor":23,"key":"REST"},{"data":"Double Tap","floor":25,"key":"SMITH"},{"floor":27,"key":"REST"},{"floor":30,"key":"REST"},{"data":"Limit Break","floor":32,"key":"SMITH"}],"neow_cost":"NONE","seed_source_timestamp":30258252860173,"circlet_count":0,"master_deck":["AscendersBane","Strike_R+1","Strike_R+1","Strike_R+1","Strike_R+1","Strike_R+1","Defend_R+1","Defend_R+1","Defend_R+1","Defend_R+1","Bash+1","Cleave","Headbutt","Disarm+1","Carnage","Shrug It Off+1","Pummel","Double Tap+1","Limit Break+1","Flex+1","Feel No Pain","Disarm","True Grit"],"relics":["Burning Blood","Dream Catcher","Golden Idol","MawBank","Letter Opener","War Paint","Magic Flower","Velvet Choker","Tiny Chest","Gambling Chip","PreservedInsect","Red Skull"],"potions_floor_usage":[8,16,19,19,24],"damage_taken":[{"damage":9,"enemies":"2 Louse","floor":1,"turns":3},{"damage":11,"enemies":"Small Slimes","floor":3,"turns":3},{"damage":7,"enemies":"Jaw Worm","floor":4,"turns":3},{"damage":9,"enemies":"Exordium Wildlife","floor":7,"turns":4},{"damage":31,"enemies":"3 Sentries","floor":8,"turns":10},{"damage":34,"enemies":"Lagavulin","floor":14,"turns":7},{"damage":32,"enemies":"The Guardian","floor":16,"turns":15},{"damage":22,"enemies":"Spheric Guardian","floor":18,"turns":4},{"damage":0,"enemies":"Chosen","floor":19,"turns":3},{"damage":34,"enemies":"Centurion and Healer","floor":20,"turns":7},{"damage":23,"enemies":"3 Cultists","floor":21,"turns":6},{"damage":43,"enemies":"Gremlin Leader","floor":24,"turns":9},{"damage":30,"enemies":"Snecko","floor":28,"turns":6},{"damage":55,"enemies":"Collector","floor":33,"turns":7}],"seed_played":"1890092649205590707","potions_obtained":[{"floor":3,"key":"Ancient Potion"},{"floor":4,"key":"Dexterity Potion"},{"floor":8,"key":"GamblersBrew"},{"floor":14,"key":"BloodPotion"},{"floor":16,"key":"Fire Potion"},{"floor":18,"key":"BloodPotion"},{"floor":21,"key":"Dexterity Potion"},{"floor":28,"key":"Explosive Potion"}],"is_trial":false,"path_per_floor":["M","?","M","M","?","R","M","E","T","$","R","T","R","E","R","B",null,"M","M","M","M","?","R","E","R","T","R","M","$","R","?","R","B"],"character_chosen":"IRONCLAD","items_purchased":["SmokeBomb","PreservedInsect"],"campfire_rested":5,"item_purchase_floors":[29,29],"current_hp_per_floor":[65,39,34,33,51,73,70,45,45,45,45,45,45,17,39,27,63,50,70,45,31,31,53,19,19,19,41,20,20,42,42,42,0],"gold":393,"neow_bonus":"RANDOM_COMMON_RELIC","is_prod":false,"is_daily":false,"chose_seed":false,"campfire_upgraded":4,"win_rate":0,"timestamp":1552579844,"path_taken":["M","?","M","M","?","R","M","E","T","$","R","?","R","E","R","BOSS","M","M","M","M","?","R","E","R","T","R","M","$","R","?","R","BOSS"],"build_version":"2019-02-06","purchased_purges":0,"victory":false,"max_hp_per_floor":[75,75,75,75,75,75,75,75,75,75,75,75,75,75,75,75,75,75,75,75,75,75,75,75,75,75,75,75,75,75,75,75,75],"card_choices":[{"not_picked":["Twin Strike","Burning Pact"],"picked":"Cleave","floor":1},{"not_picked":["Flex","Sentinel"],"picked":"Headbutt","floor":3},{"not_picked":["Fire Breathing","Anger"],"picked":"Disarm","floor":4},{"not_picked":["Fire Breathing","Heavy Blade"],"picked":"Carnage","floor":6},{"not_picked":["Sever Soul","Uppercut"],"picked":"Shrug It Off","floor":7},{"not_picked":["Rupture","Clash"],"picked":"Pummel","floor":8},{"not_picked":["Hemokinesis","Blood for Blood","Rampage"],"picked":"SKIP","floor":14},{"not_picked":["Cleave","Rampage"],"picked":"Double Tap","floor":15},{"not_picked":["Exhume","Fiend Fire"],"picked":"Limit Break","floor":16},{"not_picked":["Flex+1","Dual Wield","Evolve"],"picked":"SKIP","floor":18},{"not_picked":["Dual Wield","Evolve"],"picked":"Flex+1","floor":18},{"not_picked":["Shrug It Off","Battle Trance"],"picked":"Feel No Pain","floor":19},{"not_picked":["Rage","Fire Breathing"],"picked":"Disarm","floor":20},{"not_picked":["Twin Strike","Feel No Pain","Wild Strike"],"picked":"SKIP","floor":21},{"not_picked":["Cleave","Perfected Strike","Thunderclap"],"picked":"SKIP","floor":24},{"not_picked":["Rupture","Searing Blow","Wild Strike"],"picked":"SKIP","floor":28},{"not_picked":["Blood for Blood","Evolve"],"picked":"True Grit","floor":30}],"player_experience":501053,"relics_obtained":[{"floor":8,"key":"MawBank"},{"floor":9,"key":"Letter Opener"},{"floor":12,"key":"War Paint"},{"floor":14,"key":"Magic Flower"},{"floor":24,"key":"Tiny Chest"},{"floor":26,"key":"Gambling Chip"}],"event_choices":[{"damage_healed":0,"gold_gain":0,"player_choice":"Take Damage","damage_taken":26,"relics_obtained":["Golden Idol"],"max_hp_gain":0,"max_hp_loss":0,"event_name":"Golden Idol","floor":2,"gold_loss":0},{"damage_healed":18,"gold_gain":0,"player_choice":"Healed","damage_taken":0,"max_hp_gain":0,"max_hp_loss":0,"event_name":"The Cleric","floor":5,"gold_loss":35},{"damage_healed":0,"gold_gain":0,"player_choice":"Simplicity","damage_taken":0,"max_hp_gain":0,"max_hp_loss":0,"event_name":"Back to Basics","floor":22,"gold_loss":0,"cards_upgraded":["Strike_R","Strike_R","Strike_R","Strike_R","Strike_R","Defend_R","Defend_R","Defend_R"]},{"damage_healed":0,"gold_gain":0,"player_choice":"Obtained Relic","damage_taken":0,"relics_obtained":["Red Skull"],"max_hp_gain":0,"max_hp_loss":0,"event_name":"Addict","floor":31,"gold_loss":85}],"is_beta":true,"boss_relics":[{"not_picked":["Ectoplasm","Cursed Key"],"picked":"Velvet Choker"}],"items_purged_floors":[],"is_endless":false,"potions_floor_spawned":[3,4,8,14,16,18,21,28],"killed_by":"Collector","ascension_level":18}