{"path_per_floor":["M","M","$","?","M","R","M","E","T","?","M"],"character_chosen":"DEFECT","items_purchased":["Hello World"],"gold_per_floor":[115,132,23,23,34,34,47,74,74,74,90,90],"floor_reached":12,"campfire_rested":0,"playtime":369,"item_purchase_floors":[3],"current_hp_per_floor":[74,66,66,66,60,60,46,27,27,27,9,0],"items_purged":["Defend_B"],"gold":90,"score":80,"play_id":"a2e3999f-ed46-4798-9769-1b011cbe5e96","local_time":"20180609054128","is_prod":false,"is_daily":false,"chose_seed":false,"is_ascension_mode":false,"campfire_upgraded":1,"win_rate":0.0,"timestamp":1528548088,"campfire_choices":[{"data":"Hello World","floor":6,"key":"SMITH"}],"path_taken":["M","M","$","?","M","R","M","E","T","?","M","?"],"build_version":"2018-06-07v3","seed_source_timestamp":1488844416304426,"purchased_purges":1,"victory":false,"master_deck":["Strike_B","Strike_B","Strike_B","Strike_B","Defend_B","Defend_B","Defend_B","Zap+1","Dualcast","Doom and Gloom","Cold Snap","Glacier","Hello World+1","Coolheaded","Melter","Redo+1","Ball Lightning"],"max_hp_per_floor":[75,75,75,75,75,75,75,75,75,75,75,75],"relics":["Cracked Core","Cables","Toolbox"],"card_choices":[{"not_picked":["Steam Power","Barrage"],"picked":"Doom and Gloom","floor":0},{"not_picked":["Steam Power","Stack"],"picked":"Cold Snap","floor":1},{"not_picked":["Conserve Battery","Coolheaded"],"picked":"Glacier","floor":2},{"not_picked":["Double Energy","Turbo"],"picked":"Coolheaded","floor":5},{"not_picked":["Chill","Redo"],"picked":"Melter","floor":7},{"not_picked":["Conserve Battery","Compile Driver"],"picked":"Redo","floor":8},{"not_picked":["Thunder Strike","Streamline"],"picked":"Ball Lightning","floor":11}],"player_experience":166248,"potions_floor_usage":[7,12,12],"damage_taken":[{"damage":1,"enemies":"Cultist","floor":1,"turns":3},{"damage":8,"enemies":"Jaw Worm","floor":2,"turns":4},{"damage":6,"enemies":"2 Louse","floor":5,"turns":3},{"damage":14,"enemies":"Lots of Slimes","floor":7,"turns":2},{"damage":19,"enemies":"Lagavulin","floor":8,"turns":9},{"damage":18,"enemies":"Exordium Thugs","floor":11,"turns":3},{"damage":14,"enemies":"Gremlin Gang","floor":12,"turns":1}],"relics_obtained":[{"floor":8,"key":"Cables"},{"floor":9,"key":"Toolbox"}],"event_choices":[{"event_name":"Living Wall","player_choice":"Grow","floor":4,"damage_taken":0},{"event_name":"Upgrade Shrine","player_choice":"Upgraded","floor":10,"damage_taken":0}],"boss_relics":[],"items_purged_floors":[3],"potions_floor_spawned":[1,5,8],"seed_played":"9060321684526509068","killed_by":"Gremlin Gang","ascension_level":0,"potions_obtained":[{"floor":1,"key":"EssenceOfSteel"},{"floor":5,"key":"Swift Potion"},{"floor":8,"key":"Regen Potion"}],"is_trial":false}