{"gold_per_floor":[111,124,124,141,51,51,83,83,83,147,181,181,356,385,385,385],"floor_reached":16,"playtime":741,"items_purged":[],"score":180,"play_id":"dec4c39d-e82e-47b8-adbb-d3d6f49d1231","local_time":"20190204090505","is_ascension_mode":true,"campfire_choices":[{"data":"Clothesline","floor":6,"key":"SMITH"},{"data":"Disarm","floor":8,"key":"SMITH"},{"floor":12,"key":"REST"},{"data":"Bludgeon","floor":15,"key":"SMITH"}],"neow_cost":"TEN_PERCENT_HP_LOSS","seed_source_timestamp":13126369284243,"circlet_count":0,"master_deck":["AscendersBane","Strike_R","Strike_R","Strike_R","Strike_R","Defend_R","Defend_R","Defend_R","Bash+1","Clothesline+1","Disarm+1","Pommel Strike+1","Flash of Steel","Shockwave","Doubt","Bludgeon+1"],"relics":["Burning Blood","Self Forming Clay","The Courier","Whetstone","Blue Candle","Anchor"],"potions_floor_usage":[10,14],"damage_taken":[{"damage":1,"enemies":"Cultist","floor":1,"turns":4},{"damage":10,"enemies":"Small Slimes","floor":2,"turns":4},{"damage":12,"enemies":"Jaw Worm","floor":4,"turns":5},{"damage":19,"enemies":"Gremlin Nob","floor":7,"turns":4},{"damage":30,"enemies":"Lagavulin Event","floor":10,"turns":6},{"damage":12,"enemies":"Lagavulin","floor":11,"turns":6},{"damage":15,"enemies":"Gremlin Nob","floor":14,"turns":4},{"damage":44,"enemies":"Slime Boss","floor":16,"turns":6}],"seed_played":"-5224218757666262921","potions_obtained":[{"floor":4,"key":"Weak Potion"},{"floor":7,"key":"SteroidPotion"}],"is_trial":false,"path_per_floor":["M","M","?","M","$","R","E","R","T","?","E","R","?","E","R","B"],"character_chosen":"IRONCLAD","items_purchased":["Flash of Steel"],"campfire_rested":1,"item_purchase_floors":[5],"current_hp_per_floor":[72,68,73,67,67,67,54,54,54,30,24,47,47,38,38,0],"gold":385,"neow_bonus":"REMOVE_TWO","is_prod":false,"is_daily":false,"chose_seed":false,"campfire_upgraded":3,"win_rate":0,"timestamp":1549289105,"path_taken":["M","?","?","M","$","R","E","R","T","?","E","R","?","E","R","BOSS"],"build_version":"2019-01-23","purchased_purges":0,"victory":false,"max_hp_per_floor":[72,72,77,77,77,77,77,77,77,77,77,77,77,77,77,77],"card_choices":[{"not_picked":["Pommel Strike","Headbutt"],"picked":"Clothesline","floor":1},{"not_picked":["Body Slam","Shockwave"],"picked":"Disarm","floor":2},{"not_picked":["Perfected Strike","Clothesline"],"picked":"Pommel Strike","floor":4},{"not_picked":["Thunderclap","Body Slam"],"picked":"Shockwave","floor":7},{"not_picked":["Body Slam","Clothesline","Shockwave"],"picked":"SKIP","floor":11},{"not_picked":["Headbutt","Rampage"],"picked":"Bludgeon","floor":14}],"player_experience":346073,"relics_obtained":[{"floor":7,"key":"Self Forming Clay"},{"floor":9,"key":"The Courier"},{"floor":10,"key":"Whetstone"},{"floor":11,"key":"Blue Candle"},{"floor":14,"key":"Anchor"}],"event_choices":[{"damage_healed":0,"gold_gain":0,"player_choice":"Donut","damage_taken":0,"max_hp_gain":5,"max_hp_loss":0,"event_name":"Big Fish","floor":3,"gold_loss":0},{"damage_healed":0,"gold_gain":0,"player_choice":"Searched \u00272\u0027 times","damage_taken":0,"max_hp_gain":0,"max_hp_loss":0,"event_name":"Dead Adventurer","floor":10,"gold_loss":0},{"damage_healed":0,"gold_gain":175,"player_choice":"AGREE","damage_taken":0,"max_hp_gain":0,"max_hp_loss":0,"event_name":"Liars Game","floor":13,"gold_loss":0,"cards_obtained":["Doubt"]}],"is_beta":true,"boss_relics":[],"items_purged_floors":[],"is_endless":false,"potions_floor_spawned":[4,7],"killed_by":"Slime Boss","ascension_level":11}