{"path_per_floor":["M","M","M","M","M","R","?","R","T","M","R","M","M","$","R"],"character_chosen":"DEFECT","items_purchased":["Mummified Hand"],"gold_per_floor":[112,122,134,148,166,166,224,224,224,243,243,260,279,35,35,35],"floor_reached":16,"campfire_rested":0,"playtime":729,"current_hp_per_floor":[68,63,57,45,31,31,26,26,26,21,21,21,18,18,18,0],"items_purged":[],"gold":35,"score":96,"play_id":"e27e2aec-031e-42d5-9c84-ab596fbd15b2","local_time":"20180507160013","is_prod":false,"is_daily":false,"chose_seed":false,"is_ascension_mode":false,"campfire_upgraded":4,"timestamp":1525723213,"path_taken":["M","M","M","M","M","R","?","R","T","M","R","?","M","$","R","BOSS"],"build_version":"2018-05-03","seed_source_timestamp":29696289222735,"purchased_purges":0,"victory":false,"master_deck":["Strike_B","Strike_B","Strike_B","Strike_B","Defend_B","Defend_B","Defend_B","Defend_B","Zap+1","Dualcast","Amplify","Sweeping Beam","Heatsinks","Sweeping Beam","Reboot","Glacier+1","Beam Cell","Blizzard+1","Streamline","Echo Form+1"],"max_hp_per_floor":[75,75,75,75,75,75,75,75,75,75,75,75,75,75,75,75],"relics":["Cracked Core","Anchor","Art of War","Mummified Hand"],"card_choices":[{"not_picked":["Barrage","Turbo"],"picked":"Sweeping Beam","floor":1},{"not_picked":["Coolheaded","Turbo"],"picked":"Heatsinks","floor":2},{"not_picked":["Impulse","Axe Kick"],"picked":"Sweeping Beam","floor":3},{"not_picked":["Gash","Rebound"],"picked":"Reboot","floor":4},{"not_picked":["Auto Shields","Rebound"],"picked":"Glacier","floor":5},{"not_picked":["Rip and Tear","Go for the Eyes"],"picked":"Beam Cell","floor":7},{"not_picked":["Axe Kick","Beam Cell"],"picked":"Blizzard","floor":10},{"not_picked":["Consume","Go for the Eyes"],"picked":"Streamline","floor":12},{"not_picked":["Go for the Eyes","Streamline"],"picked":"Echo Form","floor":13}],"player_experience":86517,"potions_floor_usage":[7,10,12],"damage_taken":[{"damage":7,"enemies":"Small Slimes","floor":1,"turns":4},{"damage":5,"enemies":"2 Louse","floor":2,"turns":3},{"damage":6,"enemies":"Jaw Worm","floor":3,"turns":4},{"damage":12,"enemies":"Looter","floor":4,"turns":4},{"damage":14,"enemies":"Blue Slaver","floor":5,"turns":3},{"damage":5,"enemies":"3 Sentries","floor":7,"turns":6},{"damage":5,"enemies":"Exordium Thugs","floor":10,"turns":3},{"damage":0,"enemies":"Large Slime","floor":12,"turns":5},{"damage":3,"enemies":"Blue Slaver","floor":13,"turns":4},{"damage":22,"enemies":"Hexaghost","floor":16,"turns":4}],"event_choices":[{"event_name":"Dead Adventurer","player_choice":"Searched \u00272\u0027 times","floor":7,"damage_taken":0}],"boss_relics":[],"potions_floor_spawned":[2,3,4,7,7],"seed_played":"-888003479817849228","killed_by":"Hexaghost","ascension_level":0,"is_trial":false}