{"gold_per_floor":[411,423,443,593,604,604,617,617],"floor_reached":8,"playtime":233,"items_purged":[],"score":100,"play_id":"89fc8992-df06-4ac4-a29c-fc7e6700ab11","local_time":"20190302213449","is_ascension_mode":true,"campfire_choices":[],"neow_cost":"PERCENT_DAMAGE","seed_source_timestamp":693421316196942,"circlet_count":0,"master_deck":["AscendersBane","Strike_B","Strike_B","Strike_B","Strike_B","Defend_B","Defend_B","Defend_B","Defend_B","Zap","Dualcast","Sweeping Beam","Sweeping Beam","Gash","Cold Snap","FTL"],"relics":["Cracked Core","Old Coin"],"potions_floor_usage":[8],"damage_taken":[{"damage":4,"enemies":"Jaw Worm","floor":1,"turns":3},{"damage":3,"enemies":"2 Louse","floor":2,"turns":2},{"damage":1,"enemies":"Cultist","floor":3,"turns":3},{"damage":8,"enemies":"Red Slaver","floor":5,"turns":4},{"damage":11,"enemies":"2 Fungi Beasts","floor":7,"turns":3},{"damage":29,"enemies":"Gremlin Gang","floor":8,"turns":2}],"seed_played":"4697408334795874659","potions_obtained":[{"floor":1,"key":"Regen Potion"},{"floor":5,"key":"SpeedPotion"}],"is_trial":false,"path_per_floor":["M","M","M","?","M","?","M","M"],"character_chosen":"DEFECT","items_purchased":[],"campfire_rested":0,"item_purchase_floors":[],"current_hp_per_floor":[42,39,38,38,30,30,19,0],"gold":617,"neow_bonus":"ONE_RARE_RELIC","is_prod":false,"is_daily":false,"chose_seed":false,"campfire_upgraded":0,"win_rate":0,"timestamp":1551580489,"path_taken":["M","M","M","?","M","?","?","M"],"build_version":"2019-02-06","purchased_purges":0,"victory":false,"max_hp_per_floor":[71,71,71,71,71,71,71,71],"card_choices":[{"not_picked":["Darkness","Compile Driver"],"picked":"Sweeping Beam","floor":1},{"not_picked":["Stack","Rebound"],"picked":"Sweeping Beam","floor":2},{"not_picked":["Go for the Eyes","Reinforced Body"],"picked":"Gash","floor":3},{"not_picked":["Melter","Reprogram"],"picked":"Cold Snap","floor":5},{"not_picked":["Leap","Ball Lightning"],"picked":"FTL","floor":7}],"player_experience":1033447,"relics_obtained":[],"event_choices":[{"damage_healed":0,"gold_gain":150,"player_choice":"AGREE","damage_taken":0,"max_hp_gain":0,"max_hp_loss":0,"event_name":"Liars Game","floor":4,"gold_loss":0,"cards_obtained":["Doubt"]},{"cards_removed":["Doubt"],"damage_healed":0,"gold_gain":0,"player_choice":"Purged","damage_taken":0,"max_hp_gain":0,"max_hp_loss":0,"event_name":"Purifier","floor":6,"gold_loss":0}],"is_beta":true,"boss_relics":[],"items_purged_floors":[],"is_endless":false,"potions_floor_spawned":[1,5,7],"killed_by":"Gremlin Gang","ascension_level":20}