{"gold_per_floor":[118,118,138,154,134,134,163,163,163,197,208,220,253,264,264,264],"floor_reached":16,"playtime":597,"items_purged":[],"score":294,"play_id":"690c03cf-6669-4887-a6a7-0c7b40918d59","local_time":"20181117110236","is_ascension_mode":true,"campfire_choices":[{"data":"Hemokinesis","floor":6.0,"key":"SMITH"},{"data":"Cleave","floor":8.0,"key":"SMITH"},{"data":"Inflame","floor":15.0,"key":"SMITH"}],"neow_cost":"NONE","seed_source_timestamp":227024598836065,"circlet_count":0,"master_deck":["AscendersBane","Strike_R","Strike_R","Strike_R","Strike_R","Strike_R","Defend_R","Defend_R","Defend_R","Defend_R","Bash","Cleave+1","Anger","Hemokinesis+1","Evolve","Burning Pact","Flame Barrier","Inflame+1","Shockwave","Clothesline"],"special_seed":0,"relics":["Burning Blood","Red Skull","Smiling Mask","Mummified Hand","Anchor","Regal Pillow"],"potions_floor_usage":[16,16],"damage_taken":[{"damage":7.0,"enemies":"Cultist","floor":1.0,"turns":4.0},{"damage":14.0,"enemies":"Small Slimes","floor":3.0,"turns":4.0},{"damage":6.0,"enemies":"2 Louse","floor":4.0,"turns":2.0},{"damage":2.0,"enemies":"Gremlin Nob","floor":7.0,"turns":2.0},{"damage":12.0,"enemies":"3 Sentries","floor":10.0,"turns":6.0},{"damage":2.0,"enemies":"Looter","floor":11.0,"turns":2.0},{"damage":10.0,"enemies":"Blue Slaver","floor":12.0,"turns":3.0},{"damage":25.0,"enemies":"Lagavulin","floor":13.0,"turns":7.0},{"damage":2.0,"enemies":"Exordium Thugs","floor":14.0,"turns":2.0},{"damage":47,"enemies":"The Guardian","floor":16,"turns":9}],"seed_played":"1476035826190418772","potions_obtained":[{"floor":1.0,"key":"AttackPotion"},{"floor":5.0,"key":"Energy Potion"},{"floor":7.0,"key":"Explosive Potion"},{"floor":13.0,"key":"Strength Potion"},{"floor":14.0,"key":"Block Potion"}],"is_trial":false,"path_per_floor":["M","$","M","M","?","R","E","R","T","E","M","M","E","M","R","B"],"character_chosen":"IRONCLAD","items_purchased":[],"campfire_rested":0,"item_purchase_floors":[],"current_hp_per_floor":[67,67,59,59,59,59,63,63,63,57,61,57,38,42,42,0],"gold":264,"neow_bonus":"RANDOM_COMMON_RELIC","is_prod":false,"is_daily":false,"chose_seed":false,"campfire_upgraded":3,"win_rate":0,"timestamp":1542470556,"path_taken":["M","?","M","M","?","R","E","R","T","E","M","M","E","M","R","BOSS"],"build_version":"2018-11-15","purchased_purges":0,"victory":false,"max_hp_per_floor":[75,75,75,75,75,75,75,75,75,75,75,75,75,75,75,75],"card_choices":[{"not_picked":["Twin Strike","Anger"],"picked":"Cleave","floor":1.0},{"not_picked":["Headbutt","Fire Breathing"],"picked":"Anger","floor":3.0},{"not_picked":["Warcry","Ghostly Armor"],"picked":"Hemokinesis","floor":4.0},{"not_picked":["Sword Boomerang","Bludgeon"],"picked":"Evolve","floor":7.0},{"not_picked":["Anger","Warcry"],"picked":"Burning Pact","floor":10.0},{"not_picked":["Armaments","Blood for Blood"],"picked":"Flame Barrier","floor":11.0},{"not_picked":["Entrench","Clothesline"],"picked":"Inflame","floor":12.0},{"not_picked":["Iron Wave","Inflame"],"picked":"Shockwave","floor":13.0},{"not_picked":["Anger","Entrench"],"picked":"Clothesline","floor":14.0}],"player_experience":874423,"relics_obtained":[{"floor":7.0,"key":"Smiling Mask"},{"floor":9.0,"key":"Mummified Hand"},{"floor":10.0,"key":"Anchor"},{"floor":13.0,"key":"Regal Pillow"}],"event_choices":[{"damage_healed":0.0,"max_hp_gain":0.0,"max_hp_loss":0.0,"gold_gain":0.0,"event_name":"The Woman in Blue","player_choice":"Bought 1 Potion","floor":5.0,"gold_loss":0.0,"damage_taken":0.0}],"is_beta":true,"boss_relics":[],"items_purged_floors":[],"is_endless":false,"potions_floor_spawned":[1,7,13,14],"killed_by":"The Guardian","ascension_level":20}