{"gold_per_floor":[110,130,147,147,222,253,253,272,272,272,288,300,300,332,332,428,428,443,459,201,218,318,343,355,367],"floor_reached":25,"playtime":1576,"items_purged":["Strike_B"],"score":291,"play_id":"d6d62802-c2ab-4bc8-ad50-45b8ebfb3d33","local_time":"20190125012812","is_ascension_mode":true,"campfire_choices":[{"data":"Sunder","floor":7,"key":"SMITH"},{"floor":10,"key":"REST"},{"data":"Zap","floor":13,"key":"SMITH"},{"data":"Beam Cell","floor":15,"key":"SMITH"},{"floor":24,"key":"REST"}],"neow_cost":"NONE","seed_source_timestamp":328733654163,"circlet_count":0,"master_deck":["Strike_B","Strike_B","Strike_B","Defend_B","Defend_B","Defend_B","Defend_B","Zap+1","Dualcast","Purity","Sunder+1","Steam","Skim","Beam Cell+1","Gash","Steam","Reboot","Fission","Conserve Battery","Doom and Gloom","Undo"],"relics":["Cracked Core","Boot","Singing Bowl","Ginger","Busted Crown","Oddly Smooth Stone","Blue Candle","Nunchaku","MawBank"],"potions_floor_usage":[11,11,16,16,19,22,22,23],"damage_taken":[{"damage":0,"enemies":"Cultist","floor":1,"turns":3},{"damage":7,"enemies":"Small Slimes","floor":2,"turns":2},{"damage":3,"enemies":"2 Louse","floor":3,"turns":2},{"damage":20,"enemies":"3 Sentries","floor":6,"turns":7},{"damage":12,"enemies":"Exordium Wildlife","floor":8,"turns":3},{"damage":9,"enemies":"Large Slime","floor":11,"turns":4},{"damage":0,"enemies":"2 Fungi Beasts","floor":12,"turns":1},{"damage":8,"enemies":"Gremlin Nob","floor":14,"turns":3},{"damage":21,"enemies":"Hexaghost","floor":16,"turns":10},{"damage":7,"enemies":"Chosen","floor":18,"turns":3},{"damage":12,"enemies":"2 Thieves","floor":19,"turns":4},{"damage":22,"enemies":"Snake Plant","floor":21,"turns":3},{"damage":0,"enemies":"Colosseum Slavers","floor":22,"turns":3},{"damage":1,"enemies":"Colosseum Nobs","floor":22,"turns":6},{"damage":14,"enemies":"Slavers","floor":23,"turns":4},{"damage":40,"enemies":"Gremlin Leader","floor":25,"turns":7}],"seed_played":"7765126303412943954","potions_obtained":[{"floor":2,"key":"PowerPotion"},{"floor":6,"key":"Poison Potion"},{"floor":8,"key":"GamblersBrew"},{"floor":12,"key":"EssenceOfSteel"},{"floor":16,"key":"PowerPotion"},{"floor":19,"key":"Weak Potion"},{"floor":21,"key":"Block Potion"},{"floor":22,"key":"LiquidBronze"}],"is_trial":false,"path_per_floor":["M","M","M","$","?","E","R","M","T","R","M","M","R","E","R","B",null,"M","M","$","M","?","E","R","E"],"character_chosen":"DEFECT","items_purchased":["Doom and Gloom","Oddly Smooth Stone"],"campfire_rested":2,"item_purchase_floors":[20,20],"current_hp_per_floor":[75,68,65,65,54,34,34,22,22,44,37,37,37,29,29,8,60,53,43,43,23,24,10,34,0],"gold":367,"neow_bonus":"RANDOM_COLORLESS","is_prod":false,"is_daily":false,"chose_seed":false,"campfire_upgraded":3,"win_rate":0,"timestamp":1548397692,"path_taken":["M","M","M","$","?","E","R","M","T","R","M","M","R","E","R","BOSS","M","M","$","M","?","E","R","E"],"build_version":"2019-01-23","purchased_purges":1,"victory":false,"max_hp_per_floor":[75,75,75,75,75,75,75,75,75,75,77,77,77,77,77,77,77,77,79,79,81,83,83,83,83],"card_choices":[{"not_picked":["Compile Driver","Hologram"],"picked":"Sunder","floor":1},{"not_picked":["Compile Driver","Melter"],"picked":"Steam","floor":2},{"not_picked":["Stack","Turbo"],"picked":"Skim","floor":3},{"not_picked":["Gash","Defragment"],"picked":"Beam Cell","floor":6},{"not_picked":["Heatsinks","Conserve Battery"],"picked":"Gash","floor":8},{"not_picked":["Beam Cell","Redo","Barrage"],"picked":"Singing Bowl","floor":11},{"not_picked":["Leap","Sunder"],"picked":"Steam","floor":12},{"not_picked":["Melter","Doom and Gloom"],"picked":"Reboot","floor":14},{"not_picked":["Biased Cognition","Multi-Cast"],"picked":"Fission","floor":16},{"not_picked":[],"picked":"Conserve Battery","floor":18},{"not_picked":["Barrage+1"],"picked":"Singing Bowl","floor":19},{"not_picked":["Storm"],"picked":"Singing Bowl","floor":21},{"not_picked":["Steam"],"picked":"Singing Bowl","floor":22},{"not_picked":[],"picked":"Undo","floor":23}],"player_experience":252033,"relics_obtained":[{"floor":6,"key":"Boot"},{"floor":9,"key":"Singing Bowl"},{"floor":14,"key":"Ginger"},{"floor":22,"key":"Blue Candle"},{"floor":22,"key":"Nunchaku"},{"floor":23,"key":"MawBank"}],"event_choices":[{"damage_healed":0,"gold_gain":75,"player_choice":"Gather Gold","damage_taken":11,"max_hp_gain":0,"max_hp_loss":0,"event_name":"World of Goop","floor":5,"gold_loss":0},{"damage_healed":0,"gold_gain":0,"player_choice":"Fight","damage_taken":0,"max_hp_gain":0,"max_hp_loss":0,"event_name":"Colosseum","floor":22,"gold_loss":0},{"damage_healed":0,"gold_gain":0,"player_choice":"Fought Nobs","damage_taken":0,"max_hp_gain":0,"max_hp_loss":0,"event_name":"Colosseum","floor":22,"gold_loss":0}],"is_beta":true,"boss_relics":[{"not_picked":["Calling Bell","Orrery"],"picked":"Busted Crown"}],"items_purged_floors":[20],"is_endless":false,"potions_floor_spawned":[2,6,8,12,16,19,21,22],"killed_by":"Gremlin Leader","ascension_level":5}