{"gold_per_floor":[110,121,86,100,168,198,198,209,209,484,495,495,495],"floor_reached":13,"playtime":485,"items_purged":[],"score":170,"play_id":"2d885834-7686-42c6-af42-f7c2e233666c","local_time":"20190325200917","is_ascension_mode":true,"campfire_choices":[{"data":"Terror","floor":7.0,"key":"SMITH"},{"floor":12.0,"key":"REST"}],"neow_cost":"NONE","seed_source_timestamp":1093280233119475,"circlet_count":0,"master_deck":["AscendersBane","Defend_G","Defend_G","Defend_G","Defend_G","Defend_G","Strike_G","Strike_G","Strike_G","Survivor","Neutralize","Predator","Terror+1","Malaise","Cloak And Dagger","Regret"],"special_seed":0,"relics":["Empty Cage","Orichalcum","Centennial Puzzle"],"potions_floor_usage":[13],"damage_taken":[{"damage":11.0,"enemies":"Jaw Worm","floor":1.0,"turns":8.0},{"damage":0.0,"enemies":"2 Louse","floor":2.0,"turns":2.0},{"damage":0.0,"enemies":"Cultist","floor":4.0,"turns":3.0},{"damage":39.0,"enemies":"3 Sentries","floor":6.0,"turns":14.0},{"damage":0.0,"enemies":"Red Slaver","floor":8.0,"turns":3.0},{"damage":7.0,"enemies":"Gremlin Gang","floor":11.0,"turns":6.0},{"damage":38,"enemies":"Gremlin Nob","floor":13,"turns":4}],"seed_played":"-5757401118811848776","potions_obtained":[{"floor":2.0,"key":"EntropicBrew"},{"floor":6.0,"key":"Fire Potion"}],"is_trial":false,"path_per_floor":["M","M","?","M","?","E","R","M","T","?","M","R","E"],"character_chosen":"THE_SILENT","items_purchased":[],"campfire_rested":1,"item_purchase_floors":[],"current_hp_per_floor":[48,48,64,64,64,25,25,25,25,25,18,37,0],"gold":495,"neow_bonus":"BOSS_RELIC","is_prod":false,"is_daily":false,"chose_seed":false,"campfire_upgraded":1,"win_rate":0,"timestamp":1553558957,"path_taken":["M","M","?","M","?","E","R","M","T","?","?","R","E"],"build_version":"2019-03-15","purchased_purges":0,"victory":false,"max_hp_per_floor":[66,66,66,66,66,66,66,66,66,66,66,66,66],"card_choices":[{"not_picked":["Blade Dance","PiercingWail"],"picked":"Predator","floor":1.0},{"not_picked":["Deflect","Flying Knee"],"picked":"Terror","floor":2.0},{"not_picked":["Bane","Reflex","Flying Knee"],"picked":"SKIP","floor":4.0},{"not_picked":["Escape Plan","Skewer"],"picked":"Malaise","floor":6.0},{"not_picked":["Caltrops","Endless Agony"],"picked":"Cloak And Dagger","floor":8.0},{"not_picked":["Dagger Spray","Tactician","Distraction"],"picked":"SKIP","floor":11.0}],"player_experience":1269838,"relics_obtained":[{"floor":6.0,"key":"Orichalcum"},{"floor":9.0,"key":"Centennial Puzzle"}],"event_choices":[{"damage_healed":16.0,"max_hp_gain":0.0,"max_hp_loss":0.0,"gold_gain":0.0,"event_name":"The Cleric","player_choice":"Healed","floor":3.0,"gold_loss":35.0,"damage_taken":0.0},{"damage_healed":0.0,"max_hp_gain":0.0,"max_hp_loss":0.0,"gold_gain":68.0,"event_name":"Golden Wing","player_choice":"Gained Gold","floor":5.0,"gold_loss":0.0,"damage_taken":0.0},{"damage_healed":0.0,"max_hp_gain":0.0,"max_hp_loss":0.0,"gold_gain":275.0,"event_name":"Golden Shrine","player_choice":"Desecrate","floor":10.0,"gold_loss":0.0,"damage_taken":0.0,"cards_obtained":["Regret"]}],"is_beta":true,"boss_relics":[],"items_purged_floors":[],"is_endless":false,"potions_floor_spawned":[2,6],"killed_by":"Gremlin Nob","ascension_level":20}