{"gold_per_floor":[116,134,284,112,112,112,145,164,209,209],"floor_reached":10,"playtime":343,"items_purged":["Doubt"],"score":129,"play_id":"a201b7bb-0c1e-4931-8bf7-0c4285273368","local_time":"20181030090450","is_ascension_mode":true,"campfire_choices":[{"data":"Bash","floor":6,"key":"SMITH"}],"neow_cost":"PERCENT_DAMAGE","seed_source_timestamp":133664602517,"circlet_count":0,"master_deck":["Strike_R","Strike_R","Strike_R","Strike_R","Strike_R","Defend_R","Defend_R","Defend_R","Defend_R","Bash+1","AscendersBane","Warcry","Cleave","Blind","Exhume","Disarm"],"relics":["Burning Blood","Charon\u0027s Ashes","FaceOfCleric","Boot","Blood Vial"],"potions_floor_usage":[7],"damage_taken":[{"damage":10,"enemies":"Small Slimes","floor":1,"turns":3},{"damage":6,"enemies":"Jaw Worm","floor":2,"turns":4},{"damage":31,"enemies":"Lagavulin","floor":7,"turns":7},{"damage":1,"enemies":"Cultist","floor":8,"turns":3},{"damage":29,"enemies":"Gremlin Nob","floor":10,"turns":4}],"seed_played":"-3648248940341489564","potions_obtained":[{"floor":2,"key":"EssenceOfSteel"},{"floor":7,"key":"Regen Potion"}],"is_trial":false,"path_per_floor":["M","M","?","$","?","R","E","M","T"],"character_chosen":"IRONCLAD","items_purchased":["Blind"],"campfire_rested":0,"item_purchase_floors":[4],"current_hp_per_floor":[46,46,46,46,46,46,22,28,28,1],"gold":209,"neow_bonus":"ONE_RARE_RELIC","is_prod":false,"is_daily":false,"chose_seed":false,"campfire_upgraded":1,"win_rate":0,"timestamp":1540904690,"path_taken":["M","M","?","$","?","R","E","?","T","E"],"build_version":"2018-10-29v2","purchased_purges":1,"victory":false,"max_hp_per_floor":[75,75,75,75,75,75,76,77,77,77],"card_choices":[{"not_picked":["Thunderclap","Wild Strike"],"picked":"Warcry","floor":1},{"not_picked":["Wild Strike","Dropkick"],"picked":"Cleave","floor":2},{"not_picked":["Body Slam","Armaments"],"picked":"Exhume","floor":7},{"not_picked":["Cleave","Iron Wave"],"picked":"Disarm","floor":8}],"player_experience":785491,"relics_obtained":[{"floor":7,"key":"Boot"},{"floor":9,"key":"Blood Vial"}],"event_choices":[{"damage_healed":0,"gold_gain":150,"player_choice":"AGREE","damage_taken":0,"max_hp_gain":0,"max_hp_loss":0,"event_name":"Liars Game","floor":3,"gold_loss":0,"cards_obtained":["Doubt"]},{"damage_healed":0,"gold_gain":0,"player_choice":"Trade","damage_taken":0,"relics_obtained":["FaceOfCleric"],"max_hp_gain":0,"max_hp_loss":0,"event_name":"FaceTrader","floor":5,"gold_loss":0}],"is_beta":true,"boss_relics":[],"items_purged_floors":[4],"is_endless":false,"potions_floor_spawned":[2,7],"killed_by":"Gremlin Nob","ascension_level":19}