{"gold_per_floor":[116,116,40,51,51,51,79,79,79,79,98,123,141,8,8,82,82,95,105,105,30,46,46,66,85,85,115,149,184,184,127,127,205,205,220,231,173,192,203,203],"floor_reached":40,"playtime":3051,"items_purged":[],"score":835,"play_id":"3deff1b4-0d1c-43a1-abf6-125af25b14b1","local_time":"20190115232112","is_ascension_mode":true,"campfire_choices":[{"data":"1","floor":6.0,"key":"LIFT"},{"floor":10.0,"key":"REST"},{"data":"2","floor":15.0,"key":"LIFT"},{"data":"3","floor":23.0,"key":"LIFT"},{"floor":30.0,"key":"REST"},{"floor":32.0,"key":"REST"}],"neow_cost":"CURSE","seed_source_timestamp":0,"circlet_count":0,"master_deck":["AscendersBane","Defend_G","Defend_G","Defend_G","Defend_G","Defend_G","Survivor","Neutralize","PanicButton","Jack Of All Trades","Acrobatics","Infinite Blades","Bouncing Flask","Infinite Blades","Well Laid Plans","Envenom","Doubt","Writhe","Injury","Infinite Blades","Bite","Bite","Bite","Bite","Bite","Glass Knife","Riddle With Holes","Terror","Blade Dance","Riddle With Holes+1","Malaise","Cloak And Dagger","Die Die Die+1","Leg Sweep","Quick Slash+1","Sucker Punch+1","Backflip"],"special_seed":0,"relics":["Ring of the Snake","Girya","Singing Bowl","Blue Candle","Du-Vu Doll","Calling Bell","Vajra","Mercury Hourglass","Tingsha","Molten Egg 2","Snake Skull","Red Mask","Paper Crane","Fusion Hammer"],"potions_floor_usage":[40],"damage_taken":[{"damage":0.0,"enemies":"2 Louse","floor":1.0,"turns":6.0},{"damage":0.0,"enemies":"Cultist","floor":4.0,"turns":5.0},{"damage":28.0,"enemies":"Lagavulin","floor":7.0,"turns":8.0},{"damage":0.0,"enemies":"Small Slimes","floor":11.0,"turns":6.0},{"damage":15.0,"enemies":"3 Sentries","floor":12.0,"turns":6.0},{"damage":1.0,"enemies":"Blue Slaver","floor":13.0,"turns":4.0},{"damage":12.0,"enemies":"The Guardian","floor":16.0,"turns":11.0},{"damage":1.0,"enemies":"Spheric Guardian","floor":18.0,"turns":3.0},{"damage":1.0,"enemies":"3 Byrds","floor":19.0,"turns":4.0},{"damage":13.0,"enemies":"Sentry and Sphere","floor":22.0,"turns":3.0},{"damage":1.0,"enemies":"Centurion and Healer","floor":24.0,"turns":5.0},{"damage":3.0,"enemies":"3 Cultists","floor":25.0,"turns":5.0},{"damage":16.0,"enemies":"Slavers","floor":27.0,"turns":4.0},{"damage":8.0,"enemies":"Masked Bandits","floor":28.0,"turns":4.0},{"damage":25.0,"enemies":"Book of Stabbing","floor":29.0,"turns":4.0},{"damage":33.0,"enemies":"Collector","floor":33.0,"turns":7.0},{"damage":1.0,"enemies":"3 Darklings","floor":35.0,"turns":2.0},{"damage":4.0,"enemies":"3 Shapes","floor":36.0,"turns":5.0},{"damage":1,"enemies":"3 Darklings","floor":38,"turns":3},{"damage":5,"enemies":"4 Shapes","floor":39,"turns":4},{"damage":53,"enemies":"Reptomancer","floor":40,"turns":2}],"seed_played":"-2169414026644915357","potions_obtained":[{"floor":4.0,"key":"PowerPotion"},{"floor":11.0,"key":"SkillPotion"},{"floor":18.0,"key":"Explosive Potion"},{"floor":25.0,"key":"SkillPotion"},{"floor":27.0,"key":"SpeedPotion"},{"floor":33.0,"key":"Swift Potion"},{"floor":35.0,"key":"AttackPotion"}],"is_trial":false,"path_per_floor":["M","?","$","M","?","R","E","?","T","R","M","E","M","$","R","B",null,"M","M","?","$","M","R","M","M","T","E","?","E","R","$","R","B",null,"M","M","$","M","M","E"],"character_chosen":"THE_SILENT","items_purchased":["Infinite Blades","Well Laid Plans","SteroidPotion","Glass Knife","Cloak And Dagger","Quick Slash+1"],"campfire_rested":3,"item_purchase_floors":[3,14,14,21,31,37],"current_hp_per_floor":[59,55,55,55,44,44,16,16,16,35,35,22,23,23,23,11,55,56,55,50,50,41,41,50,50,50,38,32,11,26,26,41,16,43,44,50,50,51,48,0],"gold":203,"neow_bonus":"RANDOM_COLORLESS_2","is_prod":false,"is_daily":false,"chose_seed":false,"campfire_upgraded":0,"win_rate":0,"timestamp":1547612472,"path_taken":["M","?","$","?","?","R","E","?","T","R","M","E","?","$","R","BOSS","M","M","?","$","M","R","M","M","T","E","?","E","R","$","R","BOSS","M","M","$","M","M","E"],"build_version":"2019-01-10","purchased_purges":0,"victory":false,"max_hp_per_floor":[66,66,66,66,66,66,66,66,66,66,66,68,70,70,70,70,70,72,72,50,50,50,50,50,50,50,50,52,52,52,52,52,52,52,52,54,54,54,54,54],"card_choices":[{"not_picked":["Prepared","Quick Slash"],"picked":"Acrobatics","floor":1.0},{"not_picked":["Riddle With Holes","Underhanded Strike","Blade Dance"],"picked":"SKIP","floor":4.0},{"not_picked":["Deadly Poison","Expertise"],"picked":"Bouncing Flask","floor":7.0},{"not_picked":["Outmaneuver","Dodge and Roll"],"picked":"Infinite Blades","floor":11.0},{"not_picked":["Sucker Punch","Grand Finale","Underhanded Strike"],"picked":"Singing Bowl","floor":12.0},{"not_picked":["Prepared","Flying Knee","Dagger Spray"],"picked":"Singing Bowl","floor":13.0},{"not_picked":["Unload","Bullet Time"],"picked":"Envenom","floor":16.0},{"not_picked":["Underhanded Strike+1","Sucker Punch","Poisoned Stab"],"picked":"Singing Bowl","floor":18.0},{"not_picked":["Distraction","Skewer"],"picked":"Infinite Blades","floor":19.0},{"not_picked":["Sucker Punch","Dagger Throw"],"picked":"Riddle With Holes","floor":22.0},{"not_picked":["Acrobatics","All Out Attack"],"picked":"Terror","floor":24.0},{"not_picked":["Backflip","Grand Finale"],"picked":"Blade Dance","floor":25.0},{"not_picked":["Deadly Poison","Reflex+1"],"picked":"Riddle With Holes+1","floor":27.0},{"not_picked":["Bane+1","Underhanded Strike+1","Caltrops+1"],"picked":"Singing Bowl","floor":28.0},{"not_picked":["Footwork","Reflex"],"picked":"Malaise","floor":29.0},{"not_picked":["Malaise","Storm of Steel"],"picked":"Die Die Die+1","floor":33.0},{"not_picked":["Acrobatics","Masterful Stab+1"],"picked":"Leg Sweep","floor":35.0},{"not_picked":["Caltrops+1","Dodge and Roll","Flying Knee+1"],"picked":"Singing Bowl","floor":36.0},{"not_picked":["Well Laid Plans","Deadly Poison"],"picked":"Sucker Punch+1","floor":38},{"not_picked":["Outmaneuver","Poisoned Stab+1"],"picked":"Backflip","floor":39}],"player_experience":440258,"relics_obtained":[{"floor":7.0,"key":"Singing Bowl"},{"floor":9.0,"key":"Blue Candle"},{"floor":12.0,"key":"Du-Vu Doll"},{"floor":17.0,"key":"Vajra"},{"floor":17.0,"key":"Mercury Hourglass"},{"floor":17.0,"key":"Tingsha"},{"floor":26.0,"key":"Molten Egg 2"},{"floor":27.0,"key":"Snake Skull"},{"floor":28.0,"key":"Red Mask"},{"floor":29.0,"key":"Paper Crane"}],"event_choices":[{"damage_healed":0.0,"max_hp_gain":0.0,"max_hp_loss":0.0,"gold_gain":0.0,"event_name":"The Woman in Blue","player_choice":"Bought 0 Potions","floor":2.0,"gold_loss":0.0,"damage_taken":0.0},{"damage_healed":0.0,"max_hp_gain":0.0,"max_hp_loss":0.0,"gold_gain":0.0,"event_name":"Scrap Ooze","player_choice":"Success","floor":5.0,"gold_loss":0.0,"damage_taken":11.0,"relics_obtained":["Girya"]},{"cards_removed":["Clumsy"],"damage_healed":0.0,"max_hp_gain":0.0,"max_hp_loss":0.0,"gold_gain":0.0,"event_name":"Fountain of Cleansing","player_choice":"Removed Curses","floor":8.0,"gold_loss":0.0,"damage_taken":0.0},{"damage_healed":0.0,"max_hp_gain":0.0,"max_hp_loss":22.0,"gold_gain":0.0,"event_name":"Vampires","player_choice":"Became a vampire","floor":20.0,"gold_loss":0.0,"damage_taken":0.0,"cards_obtained":["Bite","Bite","Bite","Bite","Bite"]},{"damage_healed":0.0,"max_hp_gain":0.0,"max_hp_loss":0.0,"gold_gain":0.0,"event_name":"Masked Bandits","player_choice":"Fought Bandits","floor":28.0,"gold_loss":0.0,"damage_taken":0.0}],"is_beta":false,"boss_relics":[{"not_picked":["White Beast Statue","Eternal Feather"],"picked":"Calling Bell"},{"not_picked":["WristBlade","Black Star"],"picked":"Fusion Hammer"}],"items_purged_floors":[],"is_endless":false,"potions_floor_spawned":[4,11,18,25,27,33,35],"killed_by":"Reptomancer","ascension_level":16}