{"gold_per_floor":[144,144,155,51,51,51,77,77,77,77,77,77,92,111,111,183,183,199,34,34,34,46,46,65,94,94,94,105,105,105,136,136,207,207,222,112,112,125,141,141,152,152,152,166,166,79,99,129,129,129,129],"floor_reached":51,"playtime":2590,"items_purged":["Strike_G"],"score":1376,"play_id":"3a75a132-62e0-4f1b-951f-9ae608aa6d31","local_time":"20181023230932","is_ascension_mode":true,"campfire_choices":[{"data":"All Out Attack","floor":6.0,"key":"SMITH"},{"floor":10.0,"key":"REST"},{"floor":12.0,"key":"REST"},{"data":"Predator","floor":15.0,"key":"SMITH"},{"data":"Bouncing Flask","floor":23.0,"key":"SMITH"},{"floor":27.0,"key":"REST"},{"data":"Survivor","floor":29.0,"key":"SMITH"},{"floor":32.0,"key":"REST"},{"data":"Burst","floor":40.0,"key":"SMITH"},{"floor":49,"key":"REST"}],"neow_cost":"NONE","seed_source_timestamp":1050707995871271,"circlet_count":0,"master_deck":["Defend_G","Defend_G","Defend_G","Defend_G","Defend_G","Strike_G","Strike_G","Survivor+1","Neutralize+1","AscendersBane","All Out Attack+1","Dagger Spray","Predator+1","Footwork+1","Wraith Form v2+1","Footwork+1","Bouncing Flask+1","Heel Hook+1","Glass Knife","Backflip+1","Burst+1","Neutralize","Well Laid Plans+1","Bouncing Flask+1","Footwork+1"],"special_seed":0,"relics":["Ring of the Snake","Tiny Chest","Happy Flower","Frozen Egg 2","Unceasing Top","Ornamental Fan","Busted Crown","Incense Burner","Paper Crane","Bottled Lightning","Sozu","PreservedInsect","Mercury Hourglass"],"potions_floor_usage":[],"damage_taken":[{"damage":3.0,"enemies":"Small Slimes","floor":1.0,"turns":7.0},{"damage":2.0,"enemies":"2 Louse","floor":3.0,"turns":3.0},{"damage":49.0,"enemies":"Gremlin Nob","floor":7.0,"turns":5.0},{"damage":0.0,"enemies":"Cultist","floor":13.0,"turns":2.0},{"damage":4.0,"enemies":"3 Louse","floor":14.0,"turns":3.0},{"damage":22.0,"enemies":"The Guardian","floor":16.0,"turns":15.0},{"damage":3.0,"enemies":"3 Byrds","floor":18.0,"turns":5.0},{"damage":13.0,"enemies":"Shell Parasite","floor":22.0,"turns":6.0},{"damage":0.0,"enemies":"Snecko","floor":24.0,"turns":5.0},{"damage":25.0,"enemies":"Book of Stabbing","floor":25.0,"turns":8.0},{"damage":2.0,"enemies":"Centurion and Healer","floor":28.0,"turns":10.0},{"damage":1.0,"enemies":"Gremlin Leader","floor":31.0,"turns":7.0},{"damage":45.0,"enemies":"Champ","floor":33.0,"turns":18.0},{"damage":1.0,"enemies":"Orb Walker","floor":35.0,"turns":5.0},{"damage":1.0,"enemies":"3 Shapes","floor":38.0,"turns":6.0},{"damage":0.0,"enemies":"Maw","floor":39.0,"turns":6.0},{"damage":3.0,"enemies":"3 Darklings","floor":41.0,"turns":5.0},{"damage":11,"enemies":"Spire Growth","floor":44,"turns":6},{"damage":0,"enemies":"Sphere and 2 Shapes","floor":47,"turns":6},{"damage":0,"enemies":"Giant Head","floor":48,"turns":7},{"damage":42,"enemies":"Donu and Deca","floor":50,"turns":14},{"damage":6,"enemies":"Awakened One","floor":51,"turns":3}],"seed_played":"-3867695097487925388","potions_obtained":[{"floor":3.0,"key":"Strength Potion"},{"floor":14.0,"key":"SkillPotion"},{"floor":24.0,"key":"SkillPotion"},{"floor":28.0,"key":"EssenceOfSteel"},{"floor":31.0,"key":"FearPotion"}],"is_trial":false,"path_per_floor":["M","?","M","$","T","R","E","?","T","R","T","R","M","M","R","B",null,"M","$","?","?","M","R","M","E","T","R","M","R","?","E","R","B",null,"M","?","?","M","M","R","M","?","T","M","?","$","M","E","R","B"],"character_chosen":"THE_SILENT","items_purchased":["Dagger Spray","Footwork+1","Bouncing Flask","Footwork+1"],"campfire_rested":5,"item_purchase_floors":[4,19,19,46],"current_hp_per_floor":[56,56,54,54,54,54,5,5,5,24,24,43,43,39,39,17,54,51,51,66,66,53,53,53,28,28,47,45,45,45,44,63,18,54,53,53,53,52,52,52,49,49,49,38,29,29,29,29,48,6,0],"gold":129,"neow_bonus":"RANDOM_COMMON_RELIC","is_prod":false,"is_daily":false,"chose_seed":false,"campfire_upgraded":5,"win_rate":0,"timestamp":1540350572,"path_taken":["M","?","M","$","?","R","E","?","T","R","?","R","M","M","R","BOSS","M","$","?","?","M","R","M","E","T","R","?","R","?","E","R","BOSS","M","?","?","M","?","R","M","?","T","M","?","$","M","E","R","BOSS","BOSS"],"build_version":"2018-10-18","purchased_purges":1,"victory":false,"max_hp_per_floor":[66,66,66,66,66,66,66,66,66,66,66,66,66,66,66,66,66,66,66,66,66,66,66,66,66,66,66,66,66,66,66,66,66,66,66,66,66,66,66,66,66,66,66,66,66,66,66,66,66,66,66],"card_choices":[{"not_picked":["Quick Slash","Dagger Spray"],"picked":"All Out Attack","floor":1.0},{"not_picked":["Slice","Underhanded Strike","Blade Dance"],"picked":"SKIP","floor":3.0},{"not_picked":["Dodge and Roll","Blade Dance"],"picked":"Predator","floor":7.0},{"not_picked":["Calculated Gamble","Distraction"],"picked":"Footwork+1","floor":13.0},{"not_picked":["Tactician","Prepared","Deflect"],"picked":"SKIP","floor":14.0},{"not_picked":["Tactician","Prepared","Deflect"],"picked":"SKIP","floor":14.0},{"not_picked":["Envenom+1","A Thousand Cuts+1"],"picked":"Wraith Form v2+1","floor":16.0},{"not_picked":["Dagger Spray"],"picked":"SKIP","floor":18.0},{"not_picked":["Prepared"],"picked":"SKIP","floor":22.0},{"not_picked":["Finisher"],"picked":"SKIP","floor":24.0},{"not_picked":[],"picked":"Heel Hook+1","floor":25.0},{"not_picked":["All Out Attack"],"picked":"SKIP","floor":28.0},{"not_picked":["Reflex"],"picked":"SKIP","floor":31.0},{"not_picked":[],"picked":"Glass Knife","floor":33.0},{"not_picked":[],"picked":"Backflip","floor":35.0},{"not_picked":[],"picked":"Well Laid Plans+1","floor":38.0},{"not_picked":["Blade Dance"],"picked":"SKIP","floor":39.0},{"not_picked":["Underhanded Strike+1"],"picked":"SKIP","floor":41.0},{"not_picked":["Prepared"],"picked":"SKIP","floor":44},{"not_picked":["Dagger Throw"],"picked":"SKIP","floor":47},{"not_picked":["Deflect"],"picked":"SKIP","floor":48}],"player_experience":1007281,"relics_obtained":[{"floor":5.0,"key":"Happy Flower"},{"floor":7.0,"key":"Frozen Egg 2"},{"floor":9.0,"key":"Unceasing Top"},{"floor":11.0,"key":"Ornamental Fan"},{"floor":25.0,"key":"Incense Burner"},{"floor":26.0,"key":"Paper Crane"},{"floor":31.0,"key":"Bottled Lightning"},{"floor":43.0,"key":"PreservedInsect"},{"floor":48,"key":"Mercury Hourglass"}],"event_choices":[{"damage_healed":0.0,"max_hp_gain":0.0,"max_hp_loss":0.0,"gold_gain":0.0,"event_name":"Living Wall","player_choice":"Grow","floor":2.0,"gold_loss":0.0,"damage_taken":0.0,"cards_upgraded":["Neutralize"]},{"damage_healed":0.0,"max_hp_gain":0.0,"max_hp_loss":0.0,"gold_gain":0.0,"event_name":"Shining Light","player_choice":"Ignored","floor":8.0,"gold_loss":0.0,"damage_taken":0.0},{"damage_healed":15.0,"max_hp_gain":0.0,"max_hp_loss":0.0,"gold_gain":0.0,"event_name":"Wheel of Change","player_choice":"Full Heal","floor":20.0,"gold_loss":0.0,"damage_taken":0.0},{"damage_healed":0.0,"max_hp_gain":0.0,"max_hp_loss":0.0,"gold_gain":0.0,"event_name":"Beggar","player_choice":"Ignored","floor":21.0,"gold_loss":0.0,"damage_taken":0.0},{"cards_removed":["Strike_G"],"damage_healed":0.0,"max_hp_gain":0.0,"max_hp_loss":0.0,"gold_gain":0.0,"event_name":"Bonfire Elementals","player_choice":"Offered Basic","floor":30.0,"gold_loss":0.0,"damage_taken":0.0},{"cards_removed":["Strike_G"],"damage_healed":0.0,"max_hp_gain":0.0,"max_hp_loss":0.0,"gold_gain":0.0,"event_name":"Designer","player_choice":"Upgrade and Remove","floor":36.0,"gold_loss":110.0,"damage_taken":0.0,"cards_upgraded":["Backflip"]},{"damage_healed":0.0,"max_hp_gain":0.0,"max_hp_loss":0.0,"gold_gain":0.0,"event_name":"Match and Keep!","player_choice":"2 cards matched","floor":37.0,"gold_loss":0.0,"damage_taken":0.0,"cards_obtained":["Burst","Neutralize"]},{"damage_healed":0.0,"max_hp_gain":0.0,"max_hp_loss":0.0,"gold_gain":0.0,"event_name":"Duplicator","player_choice":"Copied","floor":42.0,"gold_loss":0.0,"damage_taken":0.0,"cards_obtained":["Bouncing Flask"]},{"damage_healed":0,"gold_gain":0,"player_choice":"Damaged","damage_taken":9,"max_hp_gain":0,"max_hp_loss":0,"event_name":"Wheel of Change","floor":45,"gold_loss":0}],"is_beta":false,"boss_relics":[{"not_picked":["Runic Pyramid","Tiny House"],"picked":"Busted Crown"},{"not_picked":["Snecko Eye","Ring of the Serpent"],"picked":"Sozu"}],"items_purged_floors":[4],"is_endless":false,"potions_floor_spawned":[3,14,24,28,31,39,44,47,48],"killed_by":"Awakened One","ascension_level":20}