{"gold_per_floor":[109,39,39,54,14,14,32,32,102,117,117,392,16,26,26,105,105,124,124,53,68,68,100,100,64,64,79,79,79,91,108,108,187,187,199,199,109,119,8,8,27,52,52,84,97,111,111,128,128,128],"floor_reached":51,"playtime":7352,"items_purged":["Regret"],"score":1184,"play_id":"c98d0e81-4cb1-4eba-9602-be88a024f2f0","local_time":"20190106223624","is_ascension_mode":true,"campfire_choices":[{"data":"Well Laid Plans","floor":6.0,"key":"SMITH"},{"data":"Footwork","floor":11.0,"key":"SMITH"},{"data":"Night Terror","floor":15.0,"key":"SMITH"},{"data":"Footwork","floor":24.0,"key":"SMITH"},{"data":"Accuracy","floor":28.0,"key":"SMITH"},{"data":"Cloak And Dagger","floor":32.0,"key":"SMITH"},{"data":"Noxious Fumes","floor":40.0,"key":"SMITH"},{"data":"After Image","floor":47.0,"key":"SMITH"},{"data":"Burst","floor":49.0,"key":"SMITH"}],"neow_cost":"TEN_PERCENT_HP_LOSS","seed_source_timestamp":0,"circlet_count":0,"master_deck":["AscendersBane","Defend_G+1","Defend_G+1","Defend_G+1","Defend_G+1","Defend_G+1","Survivor","Neutralize","Storm of Steel","Footwork+1","Blur","Well Laid Plans+1","Deflect","Expertise","Accuracy+1","Night Terror+1","Backflip","Malaise","Cloak And Dagger+1","Bite","Bite","Bite","Bite","Bite","Footwork+1","Crippling Poison","Infinite Blades","Doppelganger","Burst+1","Cloak And Dagger+1","Dark Shackles","Deflect+1","Noxious Fumes+1","Skewer","A Thousand Cuts","After Image+1","PiercingWail","Dodge and Roll+1","Leg Sweep"],"special_seed":0,"relics":["Ring of the Snake","Pantograph","Lantern","Coffee Dripper","Nloth\u0027s Gift","Calipers","Bottled Flame","Cursed Key","Regal Pillow","Pear"],"potions_floor_usage":[50,50],"damage_taken":[{"damage":7.0,"enemies":"Jaw Worm","floor":1.0,"turns":6.0},{"damage":0.0,"enemies":"Cultist","floor":4.0,"turns":5.0},{"damage":0.0,"enemies":"Small Slimes","floor":7.0,"turns":4.0},{"damage":0.0,"enemies":"Red Slaver","floor":10.0,"turns":4.0},{"damage":11.0,"enemies":"Exordium Thugs","floor":14.0,"turns":4.0},{"damage":51.0,"enemies":"Hexaghost","floor":16.0,"turns":28.0},{"damage":2.0,"enemies":"Shell Parasite","floor":18.0,"turns":13.0},{"damage":7.0,"enemies":"3 Byrds","floor":21.0,"turns":10.0},{"damage":38.0,"enemies":"Gremlin Leader","floor":23.0,"turns":13.0},{"damage":2.0,"enemies":"Centurion and Healer","floor":27.0,"turns":8.0},{"damage":28.0,"enemies":"3 Cultists","floor":30.0,"turns":6.0},{"damage":28.0,"enemies":"Chosen and Byrds","floor":31.0,"turns":13.0},{"damage":8.0,"enemies":"Collector","floor":33.0,"turns":10.0},{"damage":3.0,"enemies":"3 Darklings","floor":35.0,"turns":6.0},{"damage":6.0,"enemies":"3 Shapes","floor":38.0,"turns":6.0},{"damage":22.0,"enemies":"3 Darklings","floor":41.0,"turns":16.0},{"damage":1.0,"enemies":"Nemesis","floor":42.0,"turns":13.0},{"damage":18.0,"enemies":"Giant Head","floor":44.0,"turns":10.0},{"damage":6.0,"enemies":"Writhing Mass","floor":45.0,"turns":9.0},{"damage":6.0,"enemies":"4 Shapes","floor":46.0,"turns":10.0},{"damage":18.0,"enemies":"Transient","floor":48.0,"turns":5.0},{"damage":7,"enemies":"Donu and Deca","floor":50,"turns":14}],"seed_played":"-4641334872467250048","potions_obtained":[{"floor":1.0,"key":"Weak Potion"},{"floor":7.0,"key":"Swift Potion"},{"floor":16.0,"key":"GamblersBrew"},{"floor":18.0,"key":"Explosive Potion"},{"floor":21.0,"key":"LiquidBronze"},{"floor":27.0,"key":"SkillPotion"},{"floor":30.0,"key":"LiquidBronze"},{"floor":31.0,"key":"LiquidBronze"},{"floor":35.0,"key":"GamblersBrew"},{"floor":42.0,"key":"Energy Potion"},{"floor":45.0,"key":"PowerPotion"}],"is_trial":false,"path_per_floor":["M","$","?","M","$","R","M","T","T","M","R","?","$","M","R","B",null,"M","?","$","M","?","E","R","$","T","M","R","?","M","M","R","B",null,"M","?","$","M","$","R","M","E","T","E","M","M","R","M","R","B",null],"character_chosen":"THE_SILENT","items_purchased":["Footwork","Well Laid Plans","Accuracy","Night Terror","Lantern","Footwork","Infinite Blades","Dark Shackles","Noxious Fumes","Skewer"],"campfire_rested":0,"item_purchase_floors":[2,5,13,13,13,20,25,37,39,39],"current_hp_per_floor":[52,52,52,52,52,52,52,52,52,52,52,52,52,41,41,9,47,45,42,42,42,42,30,30,30,30,42,42,42,20,24,24,42,42,42,42,42,40,40,40,42,42,42,52,52,52,52,38,38,52],"gold":128,"neow_bonus":"THREE_RARE_CARDS","is_prod":false,"is_daily":false,"chose_seed":false,"campfire_upgraded":9,"win_rate":0,"timestamp":1546832184,"path_taken":["M","$","?","M","$","R","M","?","T","?","R","?","$","?","R","BOSS","M","?","$","M","?","E","R","$","T","?","R","?","M","M","R","BOSS","M","?","$","M","$","R","M","E","T","E","M","M","R","M","R","BOSS"],"build_version":"2019-01-03v4","purchased_purges":1,"victory":true,"max_hp_per_floor":[60,60,60,60,60,60,60,60,60,60,60,60,60,60,60,60,60,60,42,42,42,42,42,42,42,42,42,42,42,42,42,42,42,42,42,42,42,42,42,42,42,42,42,52,52,52,52,52,52,52],"card_choices":[{"not_picked":["Unload","Night Terror"],"picked":"Storm of Steel","floor":0.0},{"not_picked":["Masterful Stab","Underhanded Strike","Dodge and Roll"],"picked":"SKIP","floor":1.0},{"not_picked":["Acrobatics","Dodge and Roll"],"picked":"Blur","floor":4.0},{"not_picked":["Poisoned Stab","Dagger Spray"],"picked":"Deflect","floor":7.0},{"not_picked":["Dagger Throw","Deflect"],"picked":"Expertise","floor":10.0},{"not_picked":["Outmaneuver","Acrobatics"],"picked":"Backflip","floor":14.0},{"not_picked":["Adrenaline","Die Die Die"],"picked":"Malaise","floor":16.0},{"not_picked":["Dagger Spray","Dodge and Roll"],"picked":"Cloak And Dagger","floor":18.0},{"not_picked":["Dodge and Roll","Poisoned Stab+1"],"picked":"Crippling Poison","floor":21.0},{"not_picked":["Storm of Steel","Quick Slash","Sucker Punch"],"picked":"SKIP","floor":23.0},{"not_picked":["Blade Dance","Cloak And Dagger","Prepared"],"picked":"SKIP","floor":27.0},{"not_picked":["Prepared","Flying Knee","Skewer+1"],"picked":"SKIP","floor":30.0},{"not_picked":["Outmaneuver","Underhanded Strike"],"picked":"Doppelganger","floor":31.0},{"not_picked":["Venomology","Bullet Time"],"picked":"Burst","floor":33.0},{"not_picked":["Masterful Stab","Envenom"],"picked":"Cloak And Dagger+1","floor":35.0},{"not_picked":["Flying Knee","Quick Slash+1"],"picked":"Deflect+1","floor":38.0},{"not_picked":["Dodge and Roll","Accuracy","Quick Slash+1"],"picked":"SKIP","floor":41.0},{"not_picked":["Envenom","Distraction"],"picked":"A Thousand Cuts","floor":42.0},{"not_picked":["Acrobatics","Outmaneuver"],"picked":"After Image","floor":44.0},{"not_picked":["Blade Dance","Outmaneuver"],"picked":"PiercingWail","floor":45.0},{"not_picked":["Prepared","Deflect"],"picked":"Dodge and Roll+1","floor":46.0},{"not_picked":["Flying Knee","Dodge and Roll+1"],"picked":"Leg Sweep","floor":48.0}],"player_experience":409370,"relics_obtained":[{"floor":8.0,"key":"Pantograph"},{"floor":9.0,"key":"Ninja Scroll"},{"floor":23.0,"key":"Calipers"},{"floor":26.0,"key":"Bottled Flame"},{"floor":42.0,"key":"Regal Pillow"},{"floor":44.0,"key":"Pear"}],"event_choices":[{"damage_healed":0.0,"max_hp_gain":0.0,"max_hp_loss":0.0,"gold_gain":0.0,"event_name":"The Cleric","player_choice":"Leave","floor":3.0,"gold_loss":0.0,"damage_taken":0.0},{"damage_healed":0.0,"max_hp_gain":0.0,"max_hp_loss":0.0,"gold_gain":275.0,"event_name":"Golden Shrine","player_choice":"Desecrate","floor":12.0,"gold_loss":0.0,"damage_taken":0.0,"cards_obtained":["Regret"]},{"damage_healed":0.0,"max_hp_gain":0.0,"max_hp_loss":18.0,"gold_gain":0.0,"event_name":"Vampires","player_choice":"Became a vampire","floor":19.0,"gold_loss":0.0,"damage_taken":0.0,"cards_obtained":["Bite","Bite","Bite","Bite","Bite"]},{"damage_healed":0.0,"max_hp_gain":0.0,"max_hp_loss":0.0,"gold_gain":0.0,"event_name":"N\u0027loth","player_choice":"Traded Relic","floor":22.0,"relics_lost":["Ninja Scroll"],"gold_loss":0.0,"damage_taken":0.0,"relics_obtained":["Nloth\u0027s Gift"]},{"damage_healed":0.0,"max_hp_gain":0.0,"max_hp_loss":0.0,"gold_gain":0.0,"event_name":"Back to Basics","player_choice":"Simplicity","floor":29.0,"gold_loss":0.0,"damage_taken":0.0,"cards_upgraded":["Defend_G","Defend_G","Defend_G","Defend_G","Defend_G"]},{"damage_healed":0.0,"max_hp_gain":0.0,"max_hp_loss":0.0,"gold_gain":0.0,"event_name":"The Woman in Blue","player_choice":"Bought 0 Potions","floor":36.0,"gold_loss":0.0,"damage_taken":0.0}],"is_beta":false,"boss_relics":[{"not_picked":["Runic Pyramid","Empty Cage"],"picked":"Coffee Dripper"},{"not_picked":["Orrery","White Beast Statue"],"picked":"Cursed Key"}],"items_purged_floors":[13],"is_endless":false,"potions_floor_spawned":[1,7,16,18,21,27,30,31,35,42,45,46,48],"ascension_level":14}