{"path_per_floor":["M","M","$","M","M","R","E","M","T","M","M","E","R","?","R","B",null,"M","M","?","?","M","E","M","R","T","M","M","R","E","M","R","B",null,"M","M","M","M","?","E","M"],"character_chosen":"IRONCLAD","items_purchased":["Perfected Strike","Flex"],"gold_per_floor":[118,130,34,45,57,57,90,109,109,126,140,173,173,173,173,301,301,317,342,242,242,266,297,320,320,344,368,386,386,430,450,450,569,569,588,602,622,643,643,686,707],"floor_reached":42,"campfire_rested":2,"playtime":2075,"current_hp_per_floor":[80,80,80,79,79,79,56,59,59,63,61,73,73,53,53,42,80,80,62,62,62,27,15,18,42,49,37,41,41,20,33,59,26,87,87,84,53,42,42,36,25],"items_purged":[],"gold":707,"score":588,"play_id":"fa8b65c4-eab6-43af-94b7-4bae1ee5d5dd","local_time":"20180328180329","is_prod":false,"is_daily":false,"is_ascension_mode":true,"campfire_upgraded":4,"timestamp":1522274609,"path_taken":["M","M","$","M","M","R","E","M","T","M","M","E","R","?","R","BOSS","M","?","?","?","M","E","?","R","T","M","M","R","E","M","R","BOSS","M","M","M","M","?","E","M","E"],"build_version":"2018-03-16","purchased_purges":0,"victory":false,"master_deck":["Strike_R","Strike_R","Strike_R","Strike_R","Defend_R","Defend_R","Defend_R","Bash","Combust","Twin Strike","Seeing Red+1","Perfected Strike+1","Flex","Clash","Flame Barrier+1","Iron Wave","Shockwave","Pommel Strike","Pommel Strike","Offering","Limit Break+1","Bloodletting","Battle Trance","J.A.X.","Pommel Strike+1","Uppercut","Blood for Blood+1","Iron Wave+1","Perfected Strike","Reaper","Twin Strike","Offering","Perfected Strike+1","Perfected Strike","Flex","Bloodletting+1","Double Tap","Dropkick+1","Ghostly Armor+1"],"max_hp_per_floor":[80,80,80,80,80,80,80,80,80,80,80,80,80,80,80,80,80,80,80,80,80,80,80,80,80,87,87,87,87,87,87,87,87,87,87,87,87,87,87,87,87],"relics":["Black Blood","Oddly Smooth Stone","Ice Cream","Vajra","Golden Idol","Darkstone Periapt","Happy Flower","Strawberry","Bottled Flame","Runic Dome","Letter Opener"],"card_choices":[{"not_picked":["Dual Wield","Rage"],"picked":"Twin Strike"},{"not_picked":["Headbutt","Iron Wave"],"picked":"Seeing Red"},{"not_picked":["Sword Boomerang","Iron Wave"],"picked":"Clash"},{"not_picked":["Searing Blow","Wild Strike"],"picked":"Flame Barrier"},{"not_picked":["Body Slam","Sword Boomerang"],"picked":"Iron Wave"},{"not_picked":["Anger","Body Slam"],"picked":"Shockwave"},{"not_picked":["Body Slam","Heavy Blade"],"picked":"Pommel Strike"},{"not_picked":["Armaments","Sword Boomerang"],"picked":"Pommel Strike"},{"not_picked":["Rage","Burning Pact"],"picked":"Offering"},{"not_picked":["Impervious","Dark Embrace"],"picked":"Limit Break"},{"not_picked":["Sword Boomerang","Intimidate"],"picked":"Bloodletting"},{"not_picked":["Wild Strike","Feel No Pain"],"picked":"Battle Trance"},{"not_picked":["Combust","Armaments"],"picked":"Pommel Strike"},{"not_picked":["Headbutt","Pummel"],"picked":"Uppercut"},{"not_picked":["Anger","Havoc"],"picked":"Blood for Blood"},{"not_picked":["Rage","True Grit"],"picked":"Iron Wave"},{"not_picked":["Flex","Wild Strike"],"picked":"Perfected Strike"},{"not_picked":["Havoc","Inflame"],"picked":"Reaper"},{"not_picked":["Sever Soul","Armaments"],"picked":"Twin Strike"},{"not_picked":["Juggernaut","Dark Embrace"],"picked":"Offering"},{"not_picked":["Anger","Cleave"],"picked":"Perfected Strike"},{"not_picked":["Rampage","Carnage"],"picked":"Perfected Strike"},{"not_picked":["Reckless Charge","Searing Blow"],"picked":"Flex"},{"not_picked":["Corruption","Heavy Blade"],"picked":"Bloodletting"},{"not_picked":["Anger","Flex"],"picked":"Dropkick"},{"not_picked":["Entrench","Bloodletting"],"picked":"Ghostly Armor"}],"player_experience":64363,"potions_floor_usage":[8,12,16,23,23,28,30,31,41,42],"damage_taken":[{"damage":4,"enemies":"Cultist","floor":1,"turns":4},{"damage":4,"enemies":"2 Louse","floor":2,"turns":2},{"damage":7,"enemies":"Jaw Worm","floor":4,"turns":2},{"damage":6,"enemies":"Gremlin Gang","floor":5,"turns":4},{"damage":29,"enemies":"Lagavulin","floor":7,"turns":6},{"damage":3,"enemies":"Exordium Wildlife","floor":8,"turns":4},{"damage":2,"enemies":"Large Slime","floor":10,"turns":3},{"damage":8,"enemies":"Blue Slaver","floor":11,"turns":3},{"damage":6,"enemies":"3 Sentries","floor":12,"turns":5},{"damage":17,"enemies":"Slime Boss","floor":16,"turns":6},{"damage":0,"enemies":"Spheric Guardian","floor":18,"turns":3},{"damage":28,"enemies":"Shell Parasite","floor":19,"turns":4},{"damage":45,"enemies":"Snake Plant","floor":22,"turns":4},{"damage":22,"enemies":"Book of Stabbing","floor":23,"turns":4},{"damage":7,"enemies":"Sentry and Sphere","floor":24,"turns":2},{"damage":22,"enemies":"3 Cultists","floor":27,"turns":4},{"damage":6,"enemies":"Chosen and Byrds","floor":28,"turns":3},{"damage":31,"enemies":"Slavers","floor":30,"turns":4},{"damage":15,"enemies":"Snake Plant","floor":31,"turns":3},{"damage":55,"enemies":"Champ","floor":33,"turns":9},{"damage":13,"enemies":"Flame Bruiser 1 Orb","floor":35,"turns":3},{"damage":13,"enemies":"Orb Walker","floor":36,"turns":2},{"damage":41,"enemies":"4 Shapes","floor":37,"turns":3},{"damage":37,"enemies":"3 Darklings","floor":38,"turns":4},{"damage":16,"enemies":"Giant Head","floor":40,"turns":4},{"damage":33,"enemies":"Maw","floor":41,"turns":5},{"damage":35,"enemies":"Nemesis","floor":42,"turns":2}],"event_choices":[{"event_name":"Golden Idol","player_choice":"Take Damage","floor":14,"damage_taken":0},{"event_name":"Drug Dealer","player_choice":"Got JAXXED","floor":20,"damage_taken":0},{"event_name":"The Mausoleum","player_choice":"Yes","floor":21,"damage_taken":0},{"event_name":"Transmorgrifier","player_choice":"Transform","floor":39,"damage_taken":0}],"boss_relics":[{"not_picked":["Cursed Key","Black Star"],"picked":"Black Blood"},{"not_picked":["Astrolabe","Calling Bell"],"picked":"Runic Dome"}],"potions_floor_spawned":[4,7,10,16,19,24,28,30,33,36,38,41],"seed_played":"-8760654588926880809","killed_by":"Nemesis","ascension_level":2,"is_trial":false}