{"gold_per_floor":[117,117,134,134,151,151,170,203,203,203,19,19,38,66,66,66],"floor_reached":16,"playtime":493,"items_purged":[],"score":270,"play_id":"f8469663-db97-413f-b3cd-67e3c9c7f806","local_time":"20181103193220","is_ascension_mode":true,"campfire_choices":[{"data":"Sweeping Beam","floor":6,"key":"SMITH"},{"data":"Steam","floor":10,"key":"SMITH"},{"data":"Leap","floor":12,"key":"SMITH"},{"data":"Leap","floor":15,"key":"SMITH"}],"neow_cost":"NONE","seed_source_timestamp":34836767827703,"circlet_count":0,"master_deck":["AscendersBane","Strike_B","Strike_B","Strike_B","Strike_B","Defend_B","Defend_B","Defend_B","Defend_B","Zap+1","Dualcast","Leap+1","Compile Driver+1","Sweeping Beam+1","Leap+1","Steam+1","Loop+1","Cold Snap+1","FTL+1","Barrage+1","FTL+1"],"relics":["Cracked Core","Frozen Egg 2","Molten Egg 2","Question Card"],"potions_floor_usage":[8,14],"damage_taken":[{"damage":0,"enemies":"Cultist","floor":1,"turns":3},{"damage":0,"enemies":"Small Slimes","floor":3,"turns":2},{"damage":12,"enemies":"Jaw Worm","floor":5,"turns":3},{"damage":7,"enemies":"Looter","floor":7,"turns":3},{"damage":14,"enemies":"3 Sentries","floor":8,"turns":7},{"damage":0,"enemies":"Large Slime","floor":13,"turns":5},{"damage":0,"enemies":"Gremlin Nob","floor":14,"turns":3},{"damage":39,"enemies":"The Guardian","floor":16,"turns":10}],"seed_played":"-7801878881957986714","potions_obtained":[{"floor":3,"key":"Dexterity Potion"},{"floor":13,"key":"PowerPotion"}],"is_trial":false,"path_per_floor":["M","?","M","?","M","R","M","E","T","R","$","R","M","E","R","B"],"character_chosen":"DEFECT","items_purchased":["Loop+1","Cold Snap+1","FTL+1"],"campfire_rested":0,"item_purchase_floors":[11,11,11],"current_hp_per_floor":[71,71,71,71,59,59,52,38,38,38,38,38,38,38,38,0],"gold":66,"neow_bonus":"TEN_PERCENT_HP_BONUS","is_prod":false,"is_daily":false,"chose_seed":false,"campfire_upgraded":4,"win_rate":0,"timestamp":1541287940,"path_taken":["M","?","?","?","M","R","M","E","T","R","$","R","M","E","R","BOSS"],"build_version":"2018-11-02","purchased_purges":0,"victory":false,"max_hp_per_floor":[78,78,78,78,78,78,78,78,78,78,78,78,78,78,78,78],"card_choices":[{"not_picked":["White Noise","Coolheaded"],"picked":"Leap","floor":1},{"not_picked":["Self Repair","Hello World"],"picked":"Compile Driver","floor":3},{"not_picked":["Compile Driver","Cold Snap"],"picked":"Sweeping Beam","floor":5},{"not_picked":["Steam Power","Undo"],"picked":"Leap","floor":7},{"not_picked":["Ball Lightning","Tempest"],"picked":"Steam","floor":8},{"not_picked":["Conserve Battery","Stack"],"picked":"Barrage+1","floor":13},{"not_picked":["Steam","Conserve Battery"],"picked":"FTL+1","floor":14}],"player_experience":823930,"relics_obtained":[{"floor":8,"key":"Frozen Egg 2"},{"floor":9,"key":"Molten Egg 2"},{"floor":14,"key":"Question Card"}],"event_choices":[{"damage_healed":0,"gold_gain":0,"player_choice":"Upgraded","damage_taken":0,"max_hp_gain":0,"max_hp_loss":0,"event_name":"Upgrade Shrine","floor":2,"gold_loss":0,"cards_upgraded":["Zap"]},{"damage_healed":0,"gold_gain":0,"player_choice":"Grow","damage_taken":0,"max_hp_gain":0,"max_hp_loss":0,"event_name":"Living Wall","floor":4,"gold_loss":0,"cards_upgraded":["Compile Driver"]}],"is_beta":true,"boss_relics":[],"items_purged_floors":[],"is_endless":false,"potions_floor_spawned":[3,13],"killed_by":"The Guardian","ascension_level":20}