{"path_per_floor":["M","?","$","M","?","E","R","M","T","R","M","?","$","M","R","B",null,"M","?","M","$","M","R","E","R","T","M","M","E","R","M","R"],"character_chosen":"IRONCLAD","items_purchased":["Dark Embrace","Shrug It Off","Havoc"],"gold_per_floor":[119,119,44,54,54,87,87,103,126,126,146,146,22,38,38,138,138,158,158,170,18,33,33,58,58,58,76,88,117,117,137,137],"floor_reached":33,"campfire_rested":0,"playtime":2886,"current_hp_per_floor":[80,80,80,78,62,62,62,68,68,68,73,66,66,80,80,58,80,70,70,59,59,58,66,80,80,80,80,80,80,80,80,80],"items_purged":["Strike_R","Writhe"],"gold":137,"play_id":"1a8ec5a4-748c-4fb6-be16-d6da079b9fc3","is_prod":false,"is_daily":false,"campfire_rituals":0,"campfire_upgraded":7,"is_hardmode":false,"path_taken":["M","?","$","M","?","E","R","M","T","R","M","?","?","M","R","BOSS","M","?","M","$","M","R","E","R","T","M","M","E","R","M","R","BOSS"],"build_version":"2018-01-11-PROD2","purchased_purges":2,"victory":false,"master_deck":["Strike_R","Strike_R","Strike_R","Defend_R","Defend_R","Defend_R","Bash","Double Tap","Pommel Strike","Corruption","Dual Wield","Seeing Red","Clothesline","Reaper","Dark Embrace","Shrug It Off","Offering","Seeing Red","Burning Pact","Havoc","Impervious","Warcry","Corruption","Twin Strike","Flex"],"max_hp_per_floor":[80,80,80,80,80,80,80,80,80,80,80,80,80,80,80,80,80,80,80,80,80,80,80,80,80,80,80,80,80,80,80,80],"relics":["Burning Blood","Happy Flower","Vajra","Eternal Feather","Pen Nib","Letter Opener","Unceasing Top","Bag of Preparation"],"campfire_meditates":0,"card_choices":[{"not_picked":["Sentinel","Clothesline"],"picked":"Pommel Strike"},{"not_picked":["True Grit","Clothesline"],"picked":"Dual Wield"},{"not_picked":["Intimidate","Heavy Blade"],"picked":"Seeing Red"},{"not_picked":["Pummel","Blood for Blood"],"picked":"Clothesline"},{"not_picked":["Spot Weakness","Rage"],"picked":"Reaper"},{"not_picked":["Immolate","Exhume"],"picked":"Offering"},{"not_picked":["Bloodletting","Flex"],"picked":"Seeing Red"},{"not_picked":["Twin Strike","Battle Trance"],"picked":"Burning Pact"},{"not_picked":["Infernal Blade","Feed"],"picked":"Impervious"},{"not_picked":["True Grit","Dual Wield"],"picked":"Warcry"},{"not_picked":["Rupture","Battle Trance"],"picked":"Corruption"},{"not_picked":["Whirlwind","True Grit"],"picked":"Twin Strike"},{"not_picked":["Headbutt","Armaments"],"picked":"Flex"}],"player_experience":58804,"potions_floor_usage":[6,18,24,29,33,33,33],"damage_taken":[{"damage":6,"enemies":"Cultist","floor":1,"turns":3},{"damage":8,"enemies":"Jaw Worm","floor":4,"turns":3},{"damage":6,"enemies":"Gremlin Nob","floor":6,"turns":3},{"damage":0,"enemies":"2 Louse","floor":8,"turns":3},{"damage":1,"enemies":"Exordium Wildlife","floor":11,"turns":3},{"damage":0,"enemies":"Large Slime","floor":14,"turns":5},{"damage":35,"enemies":"The Guardian","floor":16,"turns":9},{"damage":16,"enemies":"Shell Parasite","floor":18,"turns":3},{"damage":31,"enemies":"2 Thieves","floor":20,"turns":4},{"damage":22,"enemies":"3 Cultists","floor":22,"turns":4},{"damage":4,"enemies":"Slavers","floor":24,"turns":2},{"damage":4,"enemies":"Centurion and Healer","floor":27,"turns":2},{"damage":4,"enemies":"Chosen and Byrds","floor":28,"turns":3},{"damage":27,"enemies":"Gremlin Leader","floor":29,"turns":6},{"damage":4,"enemies":"Slaver and Parasite","floor":31,"turns":1},{"damage":83,"enemies":"Champ","floor":33,"turns":8}],"event_choices":[{"event_name":"Living Wall","player_choice":"Change","floor":2,"damage_taken":0},{"event_name":"Shining Light","player_choice":"Entered Light","floor":5,"damage_taken":0},{"event_name":"Golden Wing","player_choice":"Card Removal","floor":12,"damage_taken":0},{"event_name":"The Mausoleum","player_choice":"Yes","floor":19,"damage_taken":0}],"boss_relics":[{"not_picked":["Question Card","Ectoplasm"],"picked":"Eternal Feather"}],"potions_floor_spawned":[1,4,6,8,14,22,27,28,31],"seed_played":"3629567106508164339","killed_by":"Champ","is_trial":false}