{"gold_per_floor":[117,91,102,102,27,57,57,68,68,94,94,113,113,132,132,205,205,220,220,120,120,137,137,151,151,151,161,161,186,7,7,7,86,86,104,0,15,26,26,53,67,17,87,37,37,51,51,63,63,63,63],"floor_reached":52,"playtime":4053,"items_purged":["Regret","Strike_B","Strike_B+1","Strike_B+1"],"score":1970,"play_id":"05c10323-7e7a-42fb-8d16-60700c6fce8d","local_time":"20181004204226","is_ascension_mode":true,"campfire_choices":[{"data":"Loop","floor":7.0,"key":"SMITH"},{"data":"Defragment","floor":11.0,"key":"SMITH"},{"data":"Defragment","floor":15.0,"key":"SMITH"},{"floor":23.0,"key":"REST"},{"data":"Chill","floor":25.0,"key":"SMITH"},{"data":"Coolheaded","floor":28.0,"key":"SMITH"},{"data":"Ghostly","floor":32.0,"key":"SMITH"},{"floor":45.0,"key":"REST"},{"floor":47.0,"key":"REST"},{"data":"Ghostly","floor":49.0,"key":"SMITH"}],"neow_cost":"NONE","seed_source_timestamp":98466013211253,"circlet_count":0,"master_deck":["Defend_B+1","Defend_B+1","Defend_B+1","Defend_B+1","Zap","Dualcast","AscendersBane","Loop+1","Sweeping Beam","Defragment+1","Chill+1","Coolheaded+1","Force Field","Go for the Eyes","Defragment+1","Doom and Gloom","All For One","Reinforced Body","Conserve Battery","Compile Driver","Barrage","Cold Snap","Cold Snap","Cold Snap","Ghostly+1","Ghostly","Ghostly+1","Ghostly","Ghostly","Echo Form","Turbo","Hologram+1","Scrape","Stack+1","Barrage","Defragment+1"],"special_seed":0,"relics":["FrozenCore","NeowsBlessing","Gambling Chip","PreservedInsect","Prayer Wheel","Boot","Inserter","Singing Bowl","Omamori","Centennial Puzzle","Red Mask","Smiling Mask","Matryoshka"],"potions_floor_usage":[51,51],"damage_taken":[{"damage":0.0,"enemies":"Small Slimes","floor":1.0,"turns":1.0},{"damage":0.0,"enemies":"Jaw Worm","floor":3.0,"turns":1.0},{"damage":0.0,"enemies":"Lagavulin","floor":6.0,"turns":1.0},{"damage":5.0,"enemies":"2 Louse","floor":8.0,"turns":3.0},{"damage":8.0,"enemies":"Gremlin Nob","floor":10.0,"turns":3.0},{"damage":2.0,"enemies":"2 Fungi Beasts","floor":12.0,"turns":3.0},{"damage":1.0,"enemies":"3 Louse","floor":14.0,"turns":4.0},{"damage":10.0,"enemies":"Slime Boss","floor":16.0,"turns":6.0},{"damage":0.0,"enemies":"Chosen","floor":18.0,"turns":5.0},{"damage":4.0,"enemies":"3 Byrds","floor":22.0,"turns":4.0},{"damage":0.0,"enemies":"Centurion and Healer","floor":24.0,"turns":18.0},{"damage":2.0,"enemies":"3 Cultists","floor":27.0,"turns":7.0},{"damage":20.0,"enemies":"Book of Stabbing","floor":29.0,"turns":5.0},{"damage":30.0,"enemies":"Collector","floor":33.0,"turns":18.0},{"damage":16.0,"enemies":"3 Darklings","floor":35.0,"turns":13.0},{"damage":0.0,"enemies":"3 Shapes","floor":37.0,"turns":10.0},{"damage":6.0,"enemies":"Reptomancer","floor":38.0,"turns":9.0},{"damage":5.0,"enemies":"2 Orb Walkers","floor":40.0,"turns":9.0},{"damage":0.0,"enemies":"Transient","floor":41.0,"turns":6.0},{"damage":0.0,"enemies":"Maw","floor":46.0,"turns":11.0},{"damage":0.0,"enemies":"Spire Growth","floor":48.0,"turns":11.0},{"damage":0.0,"enemies":"Donu and Deca","floor":50.0,"turns":20.0},{"damage":48,"enemies":"Awakened One","floor":51,"turns":32}],"seed_played":"1882238769422215203","potions_obtained":[{"floor":1.0,"key":"Strength Potion"},{"floor":6.0,"key":"LiquidBronze"},{"floor":14.0,"key":"EssenceOfSteel"},{"floor":29.0,"key":"LiquidBronze"}],"is_trial":false,"path_per_floor":["M","$","M","?","$","E","R","M","T","E","R","M","?","M","R","B",null,"M","?","$","?","M","R","M","R","T","M","R","E","$","?","R","B",null,"M","?","M","M","?","E","M","$","T","$","R","M","R","M","R","B","B"],"character_chosen":"DEFECT","items_purchased":["Steam","Centennial Puzzle"],"campfire_rested":3,"item_purchase_floors":[2,30],"current_hp_per_floor":[64,64,64,64,64,64,64,59,59,51,51,49,42,41,41,31,61,61,41,41,41,37,59,59,59,59,59,59,39,39,39,39,9,32,18,18,22,18,18,13,15,15,15,15,29,31,46,50,50,50,2],"gold":63,"neow_bonus":"THREE_ENEMY_KILL","is_prod":false,"is_daily":false,"chose_seed":false,"campfire_upgraded":7,"win_rate":0,"timestamp":1538700146,"path_taken":["M","$","M","?","$","E","R","?","T","E","R","M","?","M","R","BOSS","M","?","$","?","M","R","?","R","T","M","R","E","$","?","R","BOSS","M","?","M","?","?","E","M","?","T","$","R","?","R","M","R","BOSS","BOSS"],"build_version":"2018-10-04","purchased_purges":4,"victory":true,"max_hp_per_floor":[71,71,71,71,71,71,71,71,71,71,71,71,71,71,71,71,71,71,76,76,76,76,76,76,76,76,78,78,78,78,39,39,39,39,41,41,45,47,47,47,49,49,49,49,49,51,51,55,55,55,55],"card_choices":[{"not_picked":["Beam Cell","Steam"],"picked":"Loop","floor":1.0},{"not_picked":["Conserve Battery","Loop"],"picked":"Sweeping Beam","floor":3.0},{"not_picked":["Gash","Hyperbeam"],"picked":"Defragment","floor":6.0},{"not_picked":["Gash","Skim"],"picked":"Chill","floor":8.0},{"not_picked":["Consume","Go for the Eyes"],"picked":"Coolheaded","floor":10.0},{"not_picked":["White Noise","Rebound"],"picked":"Force Field","floor":12.0},{"not_picked":["Cold Snap","Streamline"],"picked":"Go for the Eyes","floor":12.0},{"not_picked":["Double Energy","Rip and Tear"],"picked":"Defragment","floor":14.0},{"not_picked":["Barrage","Double Energy"],"picked":"Doom and Gloom","floor":14.0},{"not_picked":["Rainbow","Meteor Strike"],"picked":"All For One","floor":16.0},{"not_picked":["Steam","Go for the Eyes"],"picked":"Reinforced Body","floor":18.0},{"not_picked":["Static Discharge+1","Beam Cell","Rebound"],"picked":"SKIP","floor":18.0},{"not_picked":["Reinforced Body","FTL"],"picked":"Conserve Battery","floor":22.0},{"not_picked":["Steam","Sweeping Beam"],"picked":"Compile Driver","floor":22.0},{"not_picked":["Scrape","Compile Driver"],"picked":"Barrage","floor":24.0},{"not_picked":["Creative AI","Rebound+1"],"picked":"Cold Snap","floor":24.0},{"not_picked":["Beam Cell","Gash"],"picked":"Cold Snap","floor":27.0},{"not_picked":["Redo+1","Rip and Tear","Reinforced Body"],"picked":"Singing Bowl","floor":27.0},{"not_picked":["Melter","Skim+1"],"picked":"Cold Snap","floor":29.0},{"not_picked":["Amplify","Fission"],"picked":"Echo Form","floor":33.0},{"not_picked":["Stack","Compile Driver+1","Redo+1"],"picked":"Singing Bowl","floor":35.0},{"not_picked":["Streamline","Compile Driver"],"picked":"Turbo","floor":35.0},{"not_picked":["Beam Cell+1","Redo","Rebound"],"picked":"Singing Bowl","floor":37.0},{"not_picked":["Rebound","Recycle","Sweeping Beam+1"],"picked":"Singing Bowl","floor":37.0},{"not_picked":["Static Discharge","Gash"],"picked":"Hologram+1","floor":38.0},{"not_picked":["Turbo","White Noise","Beam Cell+1"],"picked":"Singing Bowl","floor":38.0},{"not_picked":["Storm","Biased Cognition"],"picked":"Stack+1","floor":40.0},{"not_picked":["Hologram","Ball Lightning+1","Conserve Battery+1"],"picked":"Singing Bowl","floor":41.0},{"not_picked":["Hello World+1","Turbo"],"picked":"Barrage","floor":41.0},{"not_picked":["Ball Lightning","Rebound"],"picked":"Defragment+1","floor":46.0},{"not_picked":["Fusion","Gash+1","Capacitor"],"picked":"Singing Bowl","floor":46.0},{"not_picked":["Fission","Genetic Algorithm","Turbo+1"],"picked":"Singing Bowl","floor":48.0},{"not_picked":["Hologram+1","Leap+1","Compile Driver+1"],"picked":"Singing Bowl","floor":48.0}],"player_experience":922793,"relics_obtained":[{"floor":6.0,"key":"PreservedInsect"},{"floor":9.0,"key":"Prayer Wheel"},{"floor":10.0,"key":"Boot"},{"floor":26.0,"key":"Singing Bowl"},{"floor":29.0,"key":"Omamori"},{"floor":40.0,"key":"Smiling Mask"},{"floor":43.0,"key":"Matryoshka"}],"event_choices":[{"event_name":"Big Fish","player_choice":"Box","floor":4.0,"damage_taken":0.0},{"event_name":"Golden Wing","player_choice":"Card Removal","floor":13.0,"damage_taken":0.0},{"event_name":"Forgotten Altar","player_choice":"Shed Blood","floor":19.0,"damage_taken":0.0},{"event_name":"Back to Basics","player_choice":"Simplicity","floor":21.0,"damage_taken":0.0},{"event_name":"Ghosts","player_choice":"Became a Ghost","floor":31.0,"damage_taken":0.0},{"event_name":"Tomb of Lord Red Mask","player_choice":"Paid","floor":36.0,"damage_taken":0.0},{"event_name":"Transmorgrifier","player_choice":"Transform","floor":39.0,"damage_taken":0.0}],"is_beta":false,"boss_relics":[{"not_picked":["Cursed Key","Astrolabe"],"picked":"Inserter"},{"not_picked":["Snecko Eye","Eternal Feather"],"picked":"FrozenCore"}],"items_purged_floors":[5,20,42,44],"is_endless":false,"potions_floor_spawned":[1,6,14,22,27,29,33,35,40,46,48],"ascension_level":20}