{"gold_per_floor":[116,116,134,134,150,179,179,210,210,210,210,228,242,242,242,242],"floor_reached":16,"playtime":539,"items_purged":[],"score":220,"play_id":"995f5ecb-2c48-4648-bead-b6033674ff90","local_time":"20190322183308","is_ascension_mode":true,"campfire_choices":[{"floor":7,"key":"REST"},{"floor":10,"key":"REST"},{"floor":15,"key":"REST"}],"neow_cost":"NONE","seed_source_timestamp":828497299290033,"circlet_count":0,"master_deck":["AscendersBane","Strike_B","Strike_B","Strike_B","Defend_B","Defend_B","Defend_B","Defend_B","Zap","Dualcast","Genetic Algorithm","Hologram","Ball Lightning","Consume","Core Surge","Sweeping Beam","Seek"],"relics":["Cracked Core","Smiling Mask","Singing Bowl","Centennial Puzzle","Matryoshka"],"potions_floor_usage":[8,13,16,16,16,16],"damage_taken":[{"damage":0,"enemies":"Small Slimes","floor":1,"turns":4},{"damage":0,"enemies":"2 Louse","floor":3,"turns":4},{"damage":4,"enemies":"Jaw Worm","floor":5,"turns":4},{"damage":39,"enemies":"Lagavulin","floor":6,"turns":7},{"damage":28,"enemies":"3 Sentries","floor":8,"turns":7},{"damage":3,"enemies":"3 Louse","floor":12,"turns":4},{"damage":9,"enemies":"Gremlin Gang","floor":13,"turns":4},{"damage":41,"enemies":"Hexaghost","floor":16,"turns":9}],"seed_played":"4232259257083750705","potions_obtained":[{"floor":5,"key":"Fire Potion"},{"floor":12,"key":"PowerPotion"},{"floor":14,"key":"SneckoOil"},{"floor":14,"key":"EntropicBrew"}],"is_trial":false,"path_per_floor":["M","?","M","?","M","E","R","E","T","R","T","M","M","?","R","B"],"character_chosen":"DEFECT","items_purchased":[],"campfire_rested":3,"item_purchase_floors":[],"current_hp_per_floor":[64,64,64,57,53,14,35,7,7,28,28,25,16,16,37,0],"gold":242,"neow_bonus":"THREE_CARDS","is_prod":false,"is_daily":false,"chose_seed":false,"campfire_upgraded":0,"win_rate":0,"timestamp":1553293988,"path_taken":["M","?","M","?","M","E","R","E","T","R","?","M","M","?","R","BOSS"],"build_version":"2019-03-15","purchased_purges":0,"victory":false,"max_hp_per_floor":[71,71,71,71,71,71,71,71,71,71,71,71,71,71,71,71],"card_choices":[{"not_picked":["Sweeping Beam","White Noise"],"picked":"Genetic Algorithm","floor":0},{"not_picked":["Steam Power","Capacitor"],"picked":"Hologram","floor":1},{"not_picked":["Streamline","Rebound"],"picked":"Ball Lightning","floor":3},{"not_picked":["Chaos","Redo"],"picked":"Consume","floor":5},{"not_picked":["Force Field","Barrage","Redo"],"picked":"SKIP","floor":6},{"not_picked":["Skim","Hologram"],"picked":"Core Surge","floor":8},{"not_picked":["Beam Cell","Chaos"],"picked":"Sweeping Beam","floor":12},{"not_picked":["Rebound","Storm"],"picked":"Seek","floor":13}],"player_experience":1186360,"relics_obtained":[{"floor":6,"key":"Smiling Mask"},{"floor":8,"key":"Singing Bowl"},{"floor":9,"key":"Centennial Puzzle"},{"floor":11,"key":"Matryoshka"}],"event_choices":[{"damage_healed":0,"gold_gain":0,"player_choice":"Leave","damage_taken":0,"max_hp_gain":0,"max_hp_loss":0,"event_name":"The Cleric","floor":2,"gold_loss":0},{"cards_removed":["Strike_B"],"damage_healed":0,"gold_gain":0,"player_choice":"Card Removal","damage_taken":7,"max_hp_gain":0,"max_hp_loss":0,"event_name":"Golden Wing","floor":4,"gold_loss":0},{"damage_healed":0,"gold_gain":0,"player_choice":"Got Potions","damage_taken":0,"max_hp_gain":0,"max_hp_loss":0,"event_name":"Lab","floor":14,"gold_loss":0}],"is_beta":true,"boss_relics":[],"items_purged_floors":[],"is_endless":false,"potions_floor_spawned":[5,12],"killed_by":"Hexaghost","ascension_level":20}