{"gold_per_floor":[109,109,109,128,146,146,177,201,226,240,240,260,260,43,43,115,115,130,150,169,169,69,69,69],"floor_reached":24,"playtime":843,"items_purged":["Strike_R","Strike_R"],"score":392,"play_id":"4f43f09e-386e-47a5-978a-c1f8f01f4e7a","local_time":"20181011002203","is_ascension_mode":true,"campfire_choices":[{"data":"Bash","floor":6,"key":"SMITH"},{"data":"Clothesline","floor":11,"key":"SMITH"},{"data":"Anger","floor":13,"key":"SMITH"},{"data":"True Grit","floor":15,"key":"SMITH"}],"neow_cost":"NONE","seed_source_timestamp":633773514040044,"circlet_count":0,"master_deck":["Strike_R","Defend_R","Defend_R","Defend_R","Defend_R","Bash+1","AscendersBane","Carnage","Clothesline+1","Seeing Red","Anger+1","Iron Wave","True Grit+1","Evolve","Fiend Fire","True Grit","J.A.X.","Shame"],"relics":["Burning Blood","Oddly Smooth Stone","Dream Catcher","Strawberry","Bag of Marbles","Busted Crown","Juzu Bracelet"],"potions_floor_usage":[16],"damage_taken":[{"damage":1,"enemies":"2 Louse","floor":1,"turns":3},{"damage":0,"enemies":"Cultist","floor":4,"turns":4},{"damage":8,"enemies":"Small Slimes","floor":5,"turns":4},{"damage":28,"enemies":"Gremlin Nob","floor":7,"turns":4},{"damage":0,"enemies":"Exordium Wildlife","floor":10,"turns":3},{"damage":21,"enemies":"Large Slime","floor":12,"turns":5},{"damage":28,"enemies":"Hexaghost","floor":16,"turns":9},{"damage":12,"enemies":"Shell Parasite","floor":18,"turns":6},{"damage":22,"enemies":"Spheric Guardian","floor":19,"turns":4},{"damage":39,"enemies":"Shelled Parasite and Fungi","floor":20,"turns":7},{"damage":18,"enemies":"Centurion and Healer","floor":24,"turns":6}],"seed_played":"-5483907202112226955","potions_obtained":[{"floor":1,"key":"SkillPotion"},{"floor":4,"key":"Strength Potion"},{"floor":10,"key":"Fire Potion"},{"floor":12,"key":"Dexterity Potion"},{"floor":18,"key":"Dexterity Potion"}],"is_trial":false,"path_per_floor":["M","?","?","M","M","R","E","T","T","M","R","M","R","$","R","B",null,"M","M","M","?","$","?"],"character_chosen":"IRONCLAD","items_purchased":["True Grit","Evolve"],"campfire_rested":0,"item_purchase_floors":[14,14],"current_hp_per_floor":[73,73,66,72,70,70,48,55,55,61,61,46,46,46,46,24,68,62,46,13,13,13,13,0],"gold":69,"neow_bonus":"RANDOM_COMMON_RELIC","is_prod":false,"is_daily":false,"chose_seed":false,"campfire_upgraded":4,"win_rate":0,"timestamp":1539231723,"path_taken":["M","?","?","?","M","R","E","?","T","M","R","?","R","?","R","BOSS","M","M","M","?","$","?","M"],"build_version":"2018-10-04v2","purchased_purges":2,"victory":false,"max_hp_per_floor":[75,75,75,75,75,75,75,82,82,82,82,82,82,82,82,82,82,82,82,82,82,82,82,82],"card_choices":[{"not_picked":["Entrench","Corruption"],"picked":"Carnage","floor":1},{"not_picked":["Infernal Blade","Wild Strike"],"picked":"Clothesline","floor":4},{"not_picked":["Perfected Strike","Pommel Strike"],"picked":"Seeing Red","floor":5},{"not_picked":["Headbutt","Seeing Red"],"picked":"Anger","floor":7},{"not_picked":["Havoc","Thunderclap","Pommel Strike"],"picked":"SKIP","floor":10},{"not_picked":["Twin Strike","Clothesline"],"picked":"Iron Wave","floor":12},{"not_picked":["Exhume","Impervious"],"picked":"Fiend Fire","floor":16},{"not_picked":["Flex"],"picked":"SKIP","floor":18},{"not_picked":["Combust"],"picked":"SKIP","floor":19},{"not_picked":[],"picked":"True Grit","floor":20}],"player_experience":949648,"relics_obtained":[{"floor":7,"key":"Dream Catcher"},{"floor":8,"key":"Strawberry"},{"floor":9,"key":"Bag of Marbles"}],"event_choices":[{"event_name":"Purifier","player_choice":"One Purge","floor":2,"damage_taken":0},{"event_name":"Golden Wing","player_choice":"Card Removal","floor":3,"damage_taken":0},{"event_name":"Drug Dealer","player_choice":"Got JAX","floor":21,"damage_taken":0},{"event_name":"Addict","player_choice":"Stole Relic","floor":23,"damage_taken":0}],"is_beta":false,"boss_relics":[{"not_picked":["Mark of Pain","Runic Dome"],"picked":"Busted Crown"}],"items_purged_floors":[14,22],"is_endless":false,"potions_floor_spawned":[1,4,10,12,18],"killed_by":"Centurion and Healer","ascension_level":20}