{"gold_per_floor":[109,121,141,160,171,205,205,233,233,233,233,263,263,58,58,58],"floor_reached":16,"playtime":628,"items_purged":["Strike_B"],"score":210,"play_id":"4eed2d98-2d6f-4c19-ba12-dfe0c672f937","local_time":"20190308011648","is_ascension_mode":true,"campfire_choices":[{"data":"Zap","floor":7,"key":"SMITH"},{"floor":11,"key":"REST"},{"data":"Streamline","floor":13,"key":"SMITH"},{"data":"Capacitor","floor":15,"key":"SMITH"}],"neow_cost":"NONE","seed_source_timestamp":174348342227198,"circlet_count":0,"master_deck":["AscendersBane","Strike_B","Strike_B","Strike_B","Defend_B","Defend_B","Defend_B","Defend_B","Zap+1","Dualcast","Hologram","Steam","Hologram+1","Conserve Battery","Coolheaded","Streamline+1","Seek","Cold Snap+1","Glacier","Capacitor+1","Panacea"],"relics":["Cracked Core","Pear","Molten Egg 2","Orichalcum","Pen Nib"],"potions_floor_usage":[6,6],"damage_taken":[{"damage":4,"enemies":"Jaw Worm","floor":1,"turns":4},{"damage":1,"enemies":"Cultist","floor":2,"turns":4},{"damage":0,"enemies":"2 Louse","floor":3,"turns":3},{"damage":0,"enemies":"Blue Slaver","floor":4,"turns":3},{"damage":13,"enemies":"3 Louse","floor":5,"turns":4},{"damage":16,"enemies":"Lagavulin","floor":6,"turns":6},{"damage":33,"enemies":"Gremlin Nob","floor":8,"turns":5},{"damage":10,"enemies":"3 Sentries","floor":12,"turns":8},{"damage":37,"enemies":"Slime Boss","floor":16,"turns":6}],"seed_played":"-7354168148126616062","potions_obtained":[{"floor":2,"key":"FocusPotion"},{"floor":3,"key":"Weak Potion"}],"is_trial":false,"path_per_floor":["M","M","M","M","M","E","R","E","T","?","R","E","R","$","R","B"],"character_chosen":"DEFECT","items_purchased":["Capacitor","Panacea"],"campfire_rested":1,"item_purchase_floors":[14,14],"current_hp_per_floor":[60,59,59,59,46,40,40,7,7,7,31,21,21,21,21,0],"gold":58,"neow_bonus":"THREE_CARDS","is_prod":false,"is_daily":false,"chose_seed":false,"campfire_upgraded":3,"win_rate":0,"timestamp":1552025808,"path_taken":["M","M","M","M","M","E","R","E","T","?","R","E","R","?","R","BOSS"],"build_version":"2019-02-06","purchased_purges":1,"victory":false,"max_hp_per_floor":[71,71,71,71,71,81,81,81,81,81,81,81,81,81,81,81],"card_choices":[{"not_picked":["Beam Cell","Steam"],"picked":"Hologram","floor":0},{"not_picked":["Leap","Compile Driver"],"picked":"Steam","floor":1},{"not_picked":["Steam Power","Chaos"],"picked":"Hologram","floor":2},{"not_picked":["Steam","Rip and Tear"],"picked":"Conserve Battery","floor":3},{"not_picked":["Rip and Tear","Barrage"],"picked":"Coolheaded","floor":4},{"not_picked":["Chill","Rebound"],"picked":"Streamline","floor":5},{"not_picked":["Meteor Strike","Aggregate"],"picked":"Seek","floor":6},{"not_picked":["Static Discharge","Turbo"],"picked":"Cold Snap","floor":8},{"not_picked":["Ball Lightning+1","Go for the Eyes+1"],"picked":"Glacier","floor":12}],"player_experience":447983,"relics_obtained":[{"floor":6,"key":"Pear"},{"floor":8,"key":"Molten Egg 2"},{"floor":9,"key":"Orichalcum"},{"floor":12,"key":"Pen Nib"}],"event_choices":[{"damage_healed":0,"gold_gain":0,"player_choice":"Forge","damage_taken":0,"max_hp_gain":0,"max_hp_loss":0,"event_name":"Accursed Blacksmith","floor":10,"gold_loss":0,"cards_upgraded":["Hologram"]}],"is_beta":true,"boss_relics":[],"items_purged_floors":[14],"is_endless":false,"potions_floor_spawned":[2,3,5],"killed_by":"Slime Boss","ascension_level":15}