{"gold_per_floor":[117,130,130,148,158,185,185,220,220,220,230,230,263,290,290,365,365,382,400,400,325,378,378],"floor_reached":23,"playtime":730,"items_purged":[],"score":418,"play_id":"369c6cef-1d94-4b4b-b138-32c0871d9852","local_time":"20181125223854","is_ascension_mode":true,"campfire_choices":[{"floor":7,"key":"REST"},{"floor":12,"key":"REST"},{"data":"Sweeping Beam","floor":15,"key":"SMITH"}],"neow_cost":"PERCENT_DAMAGE","seed_source_timestamp":959883278074109,"circlet_count":0,"master_deck":["AscendersBane","Strike_B","Strike_B","Defend_B","Defend_B","Defend_B","Defend_B","Zap","Dualcast","Sweeping Beam+1","Sweeping Beam","Conserve Battery","Electrodynamics","Genetic Algorithm","Coolheaded","Melter","Ball Lightning","Creative AI","Coolheaded+1","Hologram"],"relics":["Cracked Core","Gambling Chip","Regal Pillow","Pen Nib","Ornamental Fan","DataDisk","Snecko Eye","Enchiridion","Tiny Chest"],"potions_floor_usage":[8,8,23],"damage_taken":[{"damage":6,"enemies":"Cultist","floor":1,"turns":3},{"damage":3,"enemies":"2 Louse","floor":2,"turns":3},{"damage":2,"enemies":"Jaw Worm","floor":4,"turns":3},{"damage":7,"enemies":"Exordium Thugs","floor":5,"turns":5},{"damage":20,"enemies":"3 Sentries","floor":6,"turns":5},{"damage":20,"enemies":"Lagavulin","floor":8,"turns":6},{"damage":0,"enemies":"2 Fungi Beasts","floor":11,"turns":3},{"damage":16,"enemies":"3 Sentries","floor":13,"turns":4},{"damage":41,"enemies":"The Guardian","floor":16,"turns":10},{"damage":15,"enemies":"2 Thieves","floor":18,"turns":2},{"damage":0,"enemies":"Spheric Guardian","floor":19,"turns":1},{"damage":45,"enemies":"Book of Stabbing","floor":23,"turns":4}],"seed_played":"-2636766817962024649","potions_obtained":[{"floor":1,"key":"SpeedPotion"},{"floor":6,"key":"Explosive Potion"},{"floor":8,"key":"Explosive Potion"},{"floor":11,"key":"Regen Potion"}],"is_trial":false,"path_per_floor":["M","M","?","M","M","E","R","E","T","$","M","R","E","T","R","B",null,"M","M","?","?","T","E"],"character_chosen":"DEFECT","items_purchased":[],"campfire_rested":2,"item_purchase_floors":[],"current_hp_per_floor":[54,51,51,49,42,22,47,27,27,27,27,67,51,51,51,10,66,51,51,30,30,30,0],"gold":378,"neow_bonus":"TWENTY_PERCENT_HP_BONUS","is_prod":false,"is_daily":false,"chose_seed":false,"campfire_upgraded":1,"win_rate":0,"timestamp":1543203534,"path_taken":["M","?","?","?","M","E","R","E","T","?","?","R","E","?","R","BOSS","M","M","?","?","?","E"],"build_version":"2018-11-15","purchased_purges":0,"victory":false,"max_hp_per_floor":[85,85,85,85,85,85,85,85,85,85,85,85,85,85,85,85,85,85,85,85,85,85,85],"card_choices":[{"not_picked":["Darkness","Fusion"],"picked":"Sweeping Beam","floor":1},{"not_picked":["Reprogram","Barrage"],"picked":"Sweeping Beam","floor":2},{"not_picked":["Stack","Gash"],"picked":"Conserve Battery","floor":4},{"not_picked":["Barrage","Coolheaded"],"picked":"Electrodynamics","floor":5},{"not_picked":["Redo","Aggregate"],"picked":"Genetic Algorithm","floor":6},{"not_picked":["Compile Driver","Steam Power"],"picked":"Coolheaded","floor":8},{"not_picked":["Turbo","Leap"],"picked":"Melter","floor":11},{"not_picked":["Hyperbeam","Steam Power"],"picked":"Ball Lightning","floor":13},{"not_picked":["Thunder Strike","Buffer"],"picked":"Creative AI","floor":16},{"not_picked":["Redo","Go for the Eyes"],"picked":"Coolheaded+1","floor":18},{"not_picked":["BootSequence","Compile Driver"],"picked":"Hologram","floor":19}],"player_experience":907148,"relics_obtained":[{"floor":6,"key":"Gambling Chip"},{"floor":8,"key":"Regal Pillow"},{"floor":9,"key":"Pen Nib"},{"floor":13,"key":"Ornamental Fan"},{"floor":14,"key":"DataDisk"},{"floor":20,"key":"Enchiridion"},{"floor":22,"key":"Tiny Chest"}],"event_choices":[{"cards_removed":["Strike_B"],"damage_healed":0,"gold_gain":0,"player_choice":"Offered Basic","damage_taken":0,"max_hp_gain":0,"max_hp_loss":0,"event_name":"Bonfire Elementals","floor":3,"gold_loss":0},{"damage_healed":0,"gold_gain":0,"player_choice":"Obtained Book","damage_taken":21,"max_hp_gain":0,"max_hp_loss":0,"event_name":"Cursed Tome","floor":20,"gold_loss":0},{"cards_removed":["Strike_B"],"damage_healed":0,"gold_gain":0,"player_choice":"Gave Gold","damage_taken":0,"max_hp_gain":0,"max_hp_loss":0,"event_name":"Beggar","floor":21,"gold_loss":75}],"is_beta":true,"boss_relics":[{"not_picked":["Cursed Key","Eternal Feather"],"picked":"Snecko Eye"}],"items_purged_floors":[],"is_endless":false,"potions_floor_spawned":[1,6,8,11,16,19],"killed_by":"Book of Stabbing","ascension_level":20}