{"gold_per_floor":[113,45,45,45,45,45,79,95,95,95,109,109,119,137,137,137],"floor_reached":16,"playtime":410,"items_purged":[],"score":110,"play_id":"e6dda020-d5c1-40f8-9b87-a1e9020b3aaa","local_time":"20190312062058","is_ascension_mode":true,"campfire_choices":[{"data":"Rupture","floor":6,"key":"SMITH"},{"data":"Rupture","floor":10,"key":"SMITH"},{"floor":15,"key":"REST"}],"neow_cost":"CURSE","seed_source_timestamp":344522758735501,"circlet_count":0,"master_deck":["Strike_R","Strike_R","Strike_R","Strike_R","Defend_R","Defend_R","Defend_R","Bash","Rupture+1","Reckless Charge","Rampage","Rupture+1"],"relics":["Burning Blood","Singing Bowl","Red Skull"],"potions_floor_usage":[7,7,7,11,14,16],"damage_taken":[{"damage":9,"enemies":"Jaw Worm","floor":1,"turns":4},{"damage":40,"enemies":"Lagavulin","floor":7,"turns":7},{"damage":6,"enemies":"Cultist","floor":8,"turns":3},{"damage":11,"enemies":"Small Slimes","floor":11,"turns":3},{"damage":18,"enemies":"Gremlin Gang","floor":13,"turns":5},{"damage":7,"enemies":"Looter","floor":14,"turns":2},{"damage":64,"enemies":"The Guardian","floor":16,"turns":8}],"seed_played":"-8050223478921361121","potions_obtained":[{"floor":1,"key":"Strength Potion"},{"floor":3,"key":"Ancient Potion"},{"floor":3,"key":"Block Potion"},{"floor":8,"key":"PowerPotion"},{"floor":11,"key":"EssenceOfSteel"},{"floor":14,"key":"Fire Potion"}],"is_trial":false,"path_per_floor":["M","$","?","$","T","R","E","M","T","R","M","?","M","M","R","B"],"character_chosen":"IRONCLAD","items_purchased":["Rupture"],"campfire_rested":1,"item_purchase_floors":[2],"current_hp_per_floor":[77,77,77,77,77,77,45,47,47,47,44,44,34,35,62,0],"gold":137,"neow_bonus":"TRANSFORM_TWO_CARDS","is_prod":false,"is_daily":false,"chose_seed":false,"campfire_upgraded":2,"win_rate":0,"timestamp":1552396858,"path_taken":["M","$","?","$","?","R","E","M","T","R","M","?","M","M","R","BOSS"],"build_version":"2019-01-23","purchased_purges":0,"victory":false,"max_hp_per_floor":[80,80,80,80,80,80,82,84,84,84,86,86,88,90,90,90],"card_choices":[{"not_picked":["Pommel Strike","Thunderclap"],"picked":"Rampage","floor":1},{"not_picked":["Intimidate","Exhume","Flex"],"picked":"Singing Bowl","floor":7},{"not_picked":["Fire Breathing","Armaments","Sword Boomerang"],"picked":"Singing Bowl","floor":8},{"not_picked":["Headbutt","True Grit","Ghostly Armor"],"picked":"Singing Bowl","floor":11},{"not_picked":["True Grit","Sever Soul","Headbutt"],"picked":"Singing Bowl","floor":13},{"not_picked":["Fire Breathing","Feel No Pain","Heavy Blade"],"picked":"Singing Bowl","floor":14}],"player_experience":335522,"relics_obtained":[{"floor":5,"key":"Singing Bowl"},{"floor":7,"key":"Red Skull"}],"event_choices":[{"damage_healed":0,"gold_gain":0,"player_choice":"Got Potions","damage_taken":0,"max_hp_gain":0,"max_hp_loss":0,"event_name":"Lab","floor":3,"gold_loss":0},{"cards_removed":["Writhe"],"damage_healed":0,"gold_gain":0,"player_choice":"Card Removal","damage_taken":0,"max_hp_gain":0,"max_hp_loss":0,"event_name":"Wheel of Change","floor":12,"gold_loss":0}],"is_beta":false,"boss_relics":[],"items_purged_floors":[],"is_endless":false,"potions_floor_spawned":[1,8,11,14],"killed_by":"The Guardian","ascension_level":2}