{"path_per_floor":["M","M","M","M","$","E","?","R","T","?","E","?","M","E","R","B",null,"M","M","$","?","?","R","M","E","T","R","?","E","?","M","R"],"character_chosen":"THE_SILENT","items_purchased":["Bandage Up","Dash","Apotheosis","Dash"],"gold_per_floor":[119,135,155,169,31,66,66,66,66,66,93,93,107,133,133,236,236,256,270,52,52,52,52,70,99,171,171,171,201,291,304,304],"floor_reached":33,"campfire_rested":2,"playtime":3474,"current_hp_per_floor":[58,54,54,34,34,25,25,25,35,35,34,73,73,70,70,69,73,52,55,55,51,35,35,45,27,27,42,42,51,37,14,29],"items_purged":[],"gold":304,"play_id":"3ed81f36-ac51-43fd-b8ba-14e5b224d480","is_prod":false,"is_daily":false,"is_ascension_mode":true,"campfire_upgraded":3,"path_taken":["M","M","M","M","$","E","?","R","T","?","E","?","?","E","R","BOSS","M","M","$","?","?","R","M","E","T","R","?","E","?","M","R","BOSS"],"build_version":"2018-01-25-PROD3","purchased_purges":0,"victory":false,"master_deck":["Defend_G","Defend_G","Defend_G","Defend_G","Survivor","Neutralize","Bullet Time+1","Acrobatics","Infinite Blades","Backstab","Malaise","Bandage Up","Dash","Blade Dance","Escape Plan","Neutralize+1","Purity","Predator","Backflip","Dagger Throw","Doppelganger+1","Bouncing Flask+1","Flechettes+1","Apotheosis","Dash","Bite_G","Bite_G","Bite_G","Bite_G","Bite_G","Finisher","Dagger Spray","Caltrops","Acrobatics"],"max_hp_per_floor":[63,63,63,63,63,63,63,63,73,73,73,73,73,73,73,73,73,73,73,73,51,51,51,51,51,51,51,51,51,51,51,51],"relics":["Ring of the Snake","Gremlin Horn","Pear","Paper Crane","Ancient Tea Set","Runic Pyramid","Enchiridion","Bird Faced Urn","Mercury Hourglass","Letter Opener"],"card_choices":[{"not_picked":["Doppelganger","Venomology"],"picked":"Bullet Time"},{"not_picked":["Quick Slash","Cloak And Dagger"],"picked":"Acrobatics"},{"not_picked":["Sucker Punch","PiercingWail"],"picked":"Infinite Blades"},{"not_picked":["Sucker Punch","Calculated Gamble"],"picked":"Backstab"},{"not_picked":["Deflect","Bane"],"picked":"Malaise"},{"not_picked":["Acrobatics","Crippling Poison"],"picked":"Blade Dance"},{"not_picked":["Leg Sweep","Deflect"],"picked":"Predator"},{"not_picked":["Prepared","Dagger Throw"],"picked":"Backflip"},{"not_picked":["Slice","Backflip"],"picked":"Dagger Throw"},{"not_picked":["Venomology","Storm of Steel"],"picked":"Doppelganger"},{"not_picked":["PiercingWail","All Out Attack"],"picked":"Bouncing Flask"},{"not_picked":["PiercingWail","Poisoned Stab"],"picked":"Flechettes"},{"not_picked":["Dodge and Roll","Backstab"],"picked":"Finisher"},{"not_picked":["Cloak And Dagger","Deflect"],"picked":"Dagger Spray"},{"not_picked":["Blade Dance","Riddle With Holes"],"picked":"Caltrops"},{"not_picked":["Heel Hook","Noxious Fumes"],"picked":"Acrobatics"}],"player_experience":114286,"potions_floor_usage":[6,16,25,25,31,33],"damage_taken":[{"damage":5,"enemies":"Jaw Worm","floor":1,"turns":4},{"damage":4,"enemies":"Cultist","floor":2,"turns":5},{"damage":0,"enemies":"Small Slimes","floor":3,"turns":4},{"damage":20,"enemies":"Gremlin Gang","floor":4,"turns":6},{"damage":9,"enemies":"Gremlin Nob","floor":6,"turns":4},{"damage":5,"enemies":"3 Sentries","floor":11,"turns":6},{"damage":0,"enemies":"Large Slime","floor":13,"turns":5},{"damage":7,"enemies":"Gremlin Nob","floor":14,"turns":5},{"damage":13,"enemies":"The Guardian","floor":16,"turns":14},{"damage":25,"enemies":"Spheric Guardian","floor":18,"turns":6},{"damage":1,"enemies":"3 Byrds","floor":19,"turns":6},{"damage":11,"enemies":"3 Cultists","floor":24,"turns":5},{"damage":32,"enemies":"Book of Stabbing","floor":25,"turns":6},{"damage":0,"enemies":"Gremlin Leader","floor":29,"turns":5},{"damage":37,"enemies":"Snake Plant","floor":31,"turns":3},{"damage":57,"enemies":"Champ","floor":33,"turns":12}],"event_choices":[{"event_name":"Living Wall","player_choice":"Change","floor":7,"damage_taken":0},{"event_name":"Match and Keep!","player_choice":"2 cards matched","floor":10,"damage_taken":0},{"event_name":"Wheel of Change","player_choice":"Full Heal","floor":12,"damage_taken":0},{"event_name":"Vampires","player_choice":"Became a vampire","floor":21,"damage_taken":0},{"event_name":"Cursed Tome","player_choice":"Obtained Book","floor":22,"damage_taken":0},{"event_name":"Back to Basics","player_choice":"Elegance","floor":28,"damage_taken":0},{"event_name":"Knowing Skull","player_choice":"GOLD ","floor":30,"damage_taken":0}],"boss_relics":[{"not_picked":["Eternal Feather","Orrery"],"picked":"Runic Pyramid"}],"potions_floor_spawned":[4,11,13,16,19,25,29],"seed_played":"-6086190589807401044","killed_by":"Champ","ascension_level":1,"is_trial":false}