{"gold_per_floor":[209,209,209,220,235,235,235,266,293,305,305,305,305,316,316,392,392,369,369,389,389],"floor_reached":21,"playtime":799,"items_purged":[],"score":358,"play_id":"459b4bf4-8ee7-49e1-885f-de5002f3653a","local_time":"20181021202253","is_ascension_mode":true,"campfire_choices":[{"data":"Zap","floor":6.0,"key":"SMITH"},{"floor":12.0,"key":"REST"},{"data":"Hologram","floor":15.0,"key":"SMITH"}],"neow_cost":"NONE","seed_source_timestamp":0,"circlet_count":0,"master_deck":["Strike_B","Strike_B","Strike_B","Strike_B","Defend_B","Defend_B","Defend_B","Defend_B","Zap+1","Dualcast","AscendersBane","Hologram+1","Cold Snap","Chill","Reinforced Body","Hologram+1","Multi-Cast","Loop","Writhe","White Noise+1"],"special_seed":0,"relics":["Cracked Core","Vajra","Bottled Flame","Anchor","White Beast Statue","Gremlin Horn"],"potions_floor_usage":[21],"damage_taken":[{"damage":1.0,"enemies":"Cultist","floor":1.0,"turns":3.0},{"damage":2.0,"enemies":"2 Louse","floor":4.0,"turns":3.0},{"damage":7.0,"enemies":"Small Slimes","floor":5.0,"turns":3.0},{"damage":26.0,"enemies":"3 Sentries","floor":8.0,"turns":6.0},{"damage":0.0,"enemies":"Blue Slaver","floor":10.0,"turns":3.0},{"damage":0.0,"enemies":"3 Louse","floor":14.0,"turns":3.0},{"damage":31.0,"enemies":"The Guardian","floor":16.0,"turns":16.0},{"damage":3.0,"enemies":"2 Thieves","floor":18.0,"turns":4.0},{"damage":24.0,"enemies":"Chosen","floor":20.0,"turns":9.0},{"damage":25,"enemies":"Centurion and Healer","floor":21,"turns":8}],"seed_played":"-2464632279704144434","potions_obtained":[{"floor":4.0,"key":"FearPotion"},{"floor":5.0,"key":"PowerPotion"},{"floor":10.0,"key":"Swift Potion"},{"floor":18.0,"key":"Swift Potion"},{"floor":20.0,"key":"FocusPotion"}],"is_trial":false,"path_per_floor":["M","?","?","M","M","R","?","E","T","M","?","R","?","M","R","B",null,"M","?","M"],"character_chosen":"DEFECT","items_purchased":[],"campfire_rested":1,"item_purchase_floors":[],"current_hp_per_floor":[63,71,53,51,44,44,44,18,18,18,18,39,44,44,44,13,60,57,57,33,8],"gold":389,"neow_bonus":"HUNDRED_GOLD","is_prod":false,"is_daily":false,"chose_seed":false,"campfire_upgraded":2,"win_rate":0,"timestamp":1540167773,"path_taken":["M","?","?","M","M","R","?","E","T","?","?","R","?","M","R","BOSS","M","?","?","M"],"build_version":"2018-10-18","purchased_purges":0,"victory":false,"max_hp_per_floor":[71,71,71,71,71,71,71,71,71,71,71,71,76,76,76,76,76,76,76,76,76],"card_choices":[{"not_picked":["Beam Cell","Auto Shields"],"picked":"Reinforced Body","floor":1.0},{"not_picked":["Stack","Capacitor"],"picked":"Hologram","floor":4.0},{"not_picked":["Sweeping Beam","Blizzard"],"picked":"Cold Snap","floor":5.0},{"not_picked":["Fusion","Skim"],"picked":"Chill","floor":8.0},{"not_picked":["Gash","Redo"],"picked":"Reinforced Body","floor":10.0},{"not_picked":["Compile Driver","Streamline"],"picked":"Hologram","floor":14.0},{"not_picked":["Meteor Strike","Hyperbeam"],"picked":"Multi-Cast","floor":16.0},{"not_picked":["BootSequence","Gash"],"picked":"Loop","floor":18.0},{"not_picked":["Steam+1","Reinforced Body"],"picked":"White Noise+1","floor":20.0}],"player_experience":994473,"relics_obtained":[{"floor":8.0,"key":"Bottled Flame"},{"floor":9.0,"key":"Anchor"}],"event_choices":[{"cards_removed":["Reinforced Body"],"damage_healed":8.0,"max_hp_gain":0.0,"max_hp_loss":0.0,"gold_gain":0.0,"event_name":"Bonfire Elementals","player_choice":"Offered Uncommon","floor":2.0,"gold_loss":0.0,"damage_taken":0.0},{"damage_healed":0.0,"max_hp_gain":0.0,"max_hp_loss":0.0,"gold_gain":0.0,"event_name":"Scrap Ooze","player_choice":"Success","floor":3.0,"gold_loss":0.0,"damage_taken":18.0,"relics_obtained":["Vajra"]},{"damage_healed":0.0,"max_hp_gain":0.0,"max_hp_loss":0.0,"gold_gain":0.0,"event_name":"Living Wall","player_choice":"Grow","floor":7.0,"gold_loss":0.0,"damage_taken":0.0,"cards_upgraded":["Hologram"]},{"damage_healed":0.0,"max_hp_gain":0.0,"max_hp_loss":0.0,"gold_gain":0.0,"event_name":"Liars Game","player_choice":"Ignored","floor":11.0,"gold_loss":0.0,"damage_taken":0.0},{"damage_healed":0.0,"max_hp_gain":5.0,"max_hp_loss":0.0,"gold_gain":0.0,"event_name":"Big Fish","player_choice":"Donut","floor":13.0,"gold_loss":0.0,"damage_taken":0.0},{"damage_healed":0.0,"max_hp_gain":0.0,"max_hp_loss":0.0,"gold_gain":0.0,"event_name":"The Mausoleum","player_choice":"Opened","floor":19.0,"gold_loss":0.0,"damage_taken":0.0,"relics_obtained":["Gremlin Horn"],"cards_obtained":["Writhe"]}],"is_beta":false,"boss_relics":[{"not_picked":["Empty Cage","Philosopher\u0027s Stone"],"picked":"White Beast Statue"}],"items_purged_floors":[],"is_endless":false,"potions_floor_spawned":[4,5,10,18,20],"killed_by":"Centurion and Healer","ascension_level":20}