{"gold_per_floor":[111,111,111,57,70,99,99,115,141,158,158,188,188,25,25,101,101,41,41,41,41,41,41],"floor_reached":23,"playtime":696,"items_purged":[],"score":374,"play_id":"93835a40-14ff-4429-97df-56a88aa33702","local_time":"20181101202851","is_ascension_mode":true,"campfire_choices":[{"floor":7,"key":"REST"},{"floor":15,"key":"REST"}],"neow_cost":"NONE","seed_source_timestamp":213621779014399,"circlet_count":0,"master_deck":["AscendersBane","Strike_B+1","Strike_B+1","Defend_B+1","Defend_B+1","Defend_B+1","Defend_B+1","Zap","Dualcast","Undo","Ball Lightning","Chill","Ball Lightning","Lockon","Genetic Algorithm","Glacier"],"relics":["Cracked Core","Vajra","War Paint","Art of War","Meat on the Bone","Regal Pillow","Ectoplasm","MutagenicStrength"],"potions_floor_usage":[12,16],"damage_taken":[{"damage":1,"enemies":"Cultist","floor":1,"turns":3},{"damage":2,"enemies":"Jaw Worm","floor":5,"turns":3},{"damage":27,"enemies":"3 Sentries","floor":6,"turns":8},{"damage":1,"enemies":"Small Slimes","floor":8,"turns":3},{"damage":0,"enemies":"3 Louse","floor":10,"turns":2},{"damage":17,"enemies":"Gremlin Nob","floor":12,"turns":5},{"damage":35,"enemies":"Hexaghost","floor":16,"turns":10},{"damage":7,"enemies":"2 Thieves","floor":18,"turns":4},{"damage":11,"enemies":"3 Byrds","floor":21,"turns":5},{"damage":41,"enemies":"Slavers","floor":23,"turns":5}],"seed_played":"-8742221581770618019","potions_obtained":[{"floor":6,"key":"Ancient Potion"},{"floor":16,"key":"Ancient Potion"}],"is_trial":false,"path_per_floor":["M","?","?","$","M","E","R","M","T","M","?","E","?","$","R","B",null,"M","?","?","M","?","E"],"character_chosen":"DEFECT","items_purchased":["Fire Potion","Regal Pillow"],"campfire_rested":2,"item_purchase_floors":[4,14],"current_hp_per_floor":[63,63,42,42,40,13,34,33,33,33,26,9,9,9,45,22,59,52,52,52,41,41,0],"gold":41,"neow_bonus":"RANDOM_COMMON_RELIC","is_prod":false,"is_daily":false,"chose_seed":false,"campfire_upgraded":0,"win_rate":0,"timestamp":1541118531,"path_taken":["M","?","?","$","M","E","R","M","T","M","?","E","?","$","R","BOSS","M","?","?","M","?","E"],"build_version":"2018-11-01","purchased_purges":0,"victory":false,"max_hp_per_floor":[71,71,71,71,71,71,71,71,71,71,71,71,71,71,71,71,71,71,71,71,71,71,71],"card_choices":[{"not_picked":["Beam Cell","Reprogram","Hello World"],"picked":"SKIP","floor":1},{"not_picked":["Chaos","Coolheaded"],"picked":"Undo","floor":5},{"not_picked":["Coolheaded","Steam Power"],"picked":"Ball Lightning","floor":6},{"not_picked":["Turbo","Cold Snap"],"picked":"Chill","floor":8},{"not_picked":["Rebound","Static Discharge"],"picked":"Ball Lightning","floor":10},{"not_picked":["Leap","Creative AI"],"picked":"Lockon","floor":12},{"not_picked":["Compile Driver","Stack"],"picked":"Genetic Algorithm","floor":18},{"not_picked":["Steam","Tempest"],"picked":"Glacier","floor":21}],"player_experience":804647,"relics_obtained":[{"floor":6,"key":"War Paint"},{"floor":9,"key":"Art of War"},{"floor":12,"key":"Meat on the Bone"}],"event_choices":[{"damage_healed":0,"gold_gain":0,"player_choice":"Ignored","damage_taken":0,"max_hp_gain":0,"max_hp_loss":0,"event_name":"Golden Idol","floor":2,"gold_loss":0},{"damage_healed":0,"gold_gain":0,"player_choice":"Entered Light","damage_taken":21,"max_hp_gain":0,"max_hp_loss":0,"event_name":"Shining Light","floor":3,"gold_loss":0,"cards_upgraded":["Strike_B","Defend_B"]},{"cards_removed":["Strike_B"],"damage_healed":0,"gold_gain":0,"player_choice":"Card Removal","damage_taken":7,"max_hp_gain":0,"max_hp_loss":0,"event_name":"Golden Wing","floor":11,"gold_loss":0},{"cards_removed":["Strike_B"],"damage_healed":0,"gold_gain":0,"player_choice":"Purged","damage_taken":0,"max_hp_gain":0,"max_hp_loss":0,"event_name":"Purifier","floor":13,"gold_loss":0},{"damage_healed":0,"gold_gain":0,"player_choice":"Simplicity","damage_taken":0,"max_hp_gain":0,"max_hp_loss":0,"event_name":"Back to Basics","floor":19,"gold_loss":0,"cards_upgraded":["Strike_B","Defend_B"]},{"damage_healed":0,"gold_gain":0,"player_choice":"Inject Mutagens","damage_taken":0,"relics_obtained":["MutagenicStrength"],"max_hp_gain":0,"max_hp_loss":0,"event_name":"Drug Dealer","floor":20,"gold_loss":0},{"damage_healed":0,"gold_gain":0,"player_choice":"Ignored","damage_taken":0,"max_hp_gain":0,"max_hp_loss":0,"event_name":"Ghosts","floor":22,"gold_loss":0}],"is_beta":true,"boss_relics":[{"not_picked":["Coffee Dripper","Eternal Feather"],"picked":"Ectoplasm"}],"items_purged_floors":[],"is_endless":false,"potions_floor_spawned":[6,8,16],"killed_by":"Slavers","ascension_level":18}