{"gold_per_floor":[117,137,137,156,156,189,207,207,207,238,311,386,386,35,35,35],"floor_reached":16,"playtime":452,"items_purged":["Defend_B"],"score":216,"play_id":"5aca4530-ffd2-4b8d-bc00-b96fffd475fd","local_time":"20180922122730","is_ascension_mode":true,"campfire_choices":[{"floor":8,"key":"REST"},{"data":"Hyperbeam","floor":13,"key":"SMITH"},{"data":"Sweeping Beam","floor":15,"key":"SMITH"}],"neow_cost":"NONE","seed_source_timestamp":790612383814884,"circlet_count":0,"master_deck":["Strike_B","Strike_B","Strike_B","Strike_B","Defend_B","Defend_B+1","Defend_B","Zap","Dualcast","AscendersBane","Hyperbeam+1","Coolheaded+1","Cold Snap","Sweeping Beam+1","Leap","Coolheaded","Leap","Melter"],"relics":["Cracked Core","Bronze Scales","Prayer Wheel","Question Card","PreservedInsect","Membership Card","Anchor"],"potions_floor_usage":[6,6],"damage_taken":[{"damage":2,"enemies":"Jaw Worm","floor":1,"turns":3},{"damage":0,"enemies":"2 Louse","floor":2,"turns":2},{"damage":0,"enemies":"Small Slimes","floor":4,"turns":1},{"damage":31,"enemies":"Lagavulin","floor":6,"turns":7},{"damage":3,"enemies":"Blue Slaver","floor":7,"turns":4},{"damage":14,"enemies":"3 Sentries","floor":10,"turns":4},{"damage":8,"enemies":"Slime Boss","floor":16,"turns":5}],"seed_played":"-7530952919313435069","potions_obtained":[{"floor":1,"key":"Poison Potion"},{"floor":4,"key":"Regen Potion"}],"is_trial":false,"path_per_floor":["M","M","?","M","?","E","M","R","T","E","?","?","R","$","R"],"character_chosen":"DEFECT","items_purchased":["Membership Card","Anchor"],"campfire_rested":1,"item_purchase_floors":[14,14],"current_hp_per_floor":[62,62,51,51,30,14,11,32,32,18,18,7,7,7,7,0],"gold":35,"neow_bonus":"ONE_RANDOM_RARE_CARD","is_prod":false,"is_daily":false,"chose_seed":false,"campfire_upgraded":2,"win_rate":0,"timestamp":1537633650,"path_taken":["M","M","?","M","?","E","?","R","T","E","?","?","R","?","R","BOSS"],"build_version":"2018-09-20","purchased_purges":1,"victory":false,"max_hp_per_floor":[71,71,71,71,71,71,71,71,71,71,71,71,71,71,71,71],"card_choices":[{"not_picked":["Reprogram","Gash"],"picked":"Coolheaded","floor":1},{"not_picked":["Gash","Streamline"],"picked":"Cold Snap","floor":2},{"not_picked":["Scrape","Biased Cognition"],"picked":"Sweeping Beam","floor":4},{"not_picked":["Beam Cell","Turbo"],"picked":"Leap","floor":6},{"not_picked":["Stack","Amplify"],"picked":"Coolheaded","floor":7},{"not_picked":["Beam Cell","Rebound"],"picked":"Leap","floor":7},{"not_picked":["Beam Cell","Go for the Eyes","Steam"],"picked":"Melter","floor":10}],"player_experience":892290,"relics_obtained":[{"floor":6,"key":"Prayer Wheel"},{"floor":9,"key":"Question Card"},{"floor":10,"key":"PreservedInsect"}],"event_choices":[{"event_name":"Scrap Ooze","player_choice":"success","floor":3,"damage_taken":11},{"event_name":"Shining Light","player_choice":"Entered Light","floor":5,"damage_taken":0},{"event_name":"Golden Wing","player_choice":"Gained Gold","floor":11,"damage_taken":0},{"event_name":"World of Goop","player_choice":"Gather Gold","floor":12,"damage_taken":0}],"is_beta":false,"boss_relics":[],"items_purged_floors":[14],"is_endless":false,"potions_floor_spawned":[1,4],"killed_by":"Slime Boss","ascension_level":20}