{"path_per_floor":["M","?","M","?","$","R","?","M","T","E","M","T","M","M","R","B",null,"M","M","$","M","M","R","M","?","T","?","R","M","R","M","R","B",null,"M","M","M","M","$","R","?","R","T","E","?","R","$","M","R","B"],"character_chosen":"IRONCLAD","items_purchased":["Whetstone","Shrug It Off","Impervious","Armaments","Offering","War Paint","Toolbox"],"gold_per_floor":[116,191,203,203,3,3,3,21,46,79,94,143,153,164,164,259,259,274,287,86,106,121,121,135,135,135,60,60,77,77,96,96,200,200,211,228,243,257,257,257,257,257,257,590,590,590,34,54,54,54],"floor_reached":51,"campfire_rested":4,"playtime":4999,"current_hp_per_floor":[80,69,69,57,57,57,57,51,51,42,36,36,23,29,53,11,80,65,53,53,55,55,55,65,65,79,79,79,83,83,70,70,76,94,94,76,36,27,27,55,55,83,83,55,55,55,55,45,73,39],"items_purged":["Regret"],"gold":54,"play_id":"9156f4d7-e280-40c5-a58e-b748b0cb0d64","is_prod":false,"is_daily":false,"campfire_rituals":0,"campfire_upgraded":6,"is_hardmode":false,"path_taken":["M","?","M","?","$","R","?","M","T","E","M","?","?","M","R","BOSS","M","M","$","M","M","R","M","?","T","?","R","M","R","M","R","BOSS","M","M","M","?","$","R","?","R","T","E","?","R","?","M","R","BOSS"],"build_version":"2018-01-11-PROD2","purchased_purges":1,"victory":true,"master_deck":["Strike_R","Strike_R","Defend_R","Defend_R","Defend_R","Bash","Anger","Headbutt","Shrug It Off","Dual Wield","Corruption","Pommel Strike","Sword Boomerang","Seeing Red","Dark Embrace","Twin Strike","Clothesline","Impervious","Armaments","Sword Boomerang","Dropkick","Shockwave","Pommel Strike","Offering","Second Wind","Combust","Rampage","Iron Wave","Uppercut","Flex","Warcry","Shrug It Off","Offering","Cleave"],"max_hp_per_floor":[80,80,80,80,80,80,80,80,80,80,80,80,80,80,80,80,80,80,80,80,80,80,80,80,80,94,94,94,94,94,94,94,94,94,94,94,94,94,94,94,94,94,94,94,94,94,94,94,94,94],"relics":["Burning Blood","Shuriken","Whetstone","Bronze Scales","Bag of Preparation","Frozen Eye","Happy Flower","Snecko Eye","Mango","Astrolabe","Ice Cream","Old Coin","War Paint","Toolbox"],"campfire_meditates":0,"card_choices":[{"not_picked":["Cleave","Warcry"],"picked":"Anger"},{"not_picked":["Cleave","Second Wind"],"picked":"Headbutt"},{"not_picked":["Headbutt","Feel No Pain"],"picked":"Dual Wield"},{"not_picked":["Armaments","Clash"],"picked":"Corruption"},{"not_picked":["Thunderclap","Flex"],"picked":"Pommel Strike"},{"not_picked":["True Grit","Anger"],"picked":"Sword Boomerang"},{"not_picked":["Anger","Warcry"],"picked":"Seeing Red"},{"not_picked":["Brutality","Berserk"],"picked":"Dark Embrace"},{"not_picked":["Thunderclap","True Grit"],"picked":"Twin Strike"},{"not_picked":["Fire Breathing","Anger"],"picked":"Clothesline"},{"not_picked":["Rampage","Flex"],"picked":"Body Slam"},{"not_picked":["True Grit","Flex"],"picked":"Sword Boomerang"},{"not_picked":["Anger","Twin Strike"],"picked":"Dropkick"},{"not_picked":["Metallicize","Armaments"],"picked":"Shockwave"},{"not_picked":["Thunderclap","Battle Trance"],"picked":"Pommel Strike"},{"not_picked":["Dark Embrace","Berserk"],"picked":"Offering"},{"not_picked":["Sword Boomerang","True Grit"],"picked":"Iron Wave"},{"not_picked":["Iron Wave","Sword Boomerang"],"picked":"Uppercut"},{"not_picked":["Reckless Charge","Sword Boomerang"],"picked":"Flex"},{"not_picked":["Anger","Sword Boomerang"],"picked":"Warcry"},{"not_picked":["Pommel Strike","Berserk"],"picked":"Shrug It Off"},{"not_picked":["Anger","True Grit"],"picked":"Cleave"}],"player_experience":0,"potions_floor_usage":[14,24,36,50,50],"damage_taken":[{"damage":3,"enemies":"Cultist","floor":1,"turns":5},{"damage":6,"enemies":"Jaw Worm","floor":3,"turns":4},{"damage":12,"enemies":"Small Slimes","floor":8,"turns":2},{"damage":15,"enemies":"Lagavulin","floor":10,"turns":5},{"damage":12,"enemies":"2 Fungi Beasts","floor":11,"turns":3},{"damage":19,"enemies":"Large Slime","floor":13,"turns":4},{"damage":0,"enemies":"Looter","floor":14,"turns":2},{"damage":48,"enemies":"The Guardian","floor":16,"turns":7},{"damage":21,"enemies":"Spheric Guardian","floor":18,"turns":4},{"damage":18,"enemies":"Shell Parasite","floor":19,"turns":3},{"damage":4,"enemies":"3 Cultists","floor":21,"turns":3},{"damage":6,"enemies":"Centurion and Healer","floor":22,"turns":4},{"damage":5,"enemies":"Sentry and Sphere","floor":24,"turns":4},{"damage":2,"enemies":"Snake Plant","floor":29,"turns":2},{"damage":19,"enemies":"Snecko","floor":31,"turns":5},{"damage":0,"enemies":"Champ","floor":33,"turns":5},{"damage":5,"enemies":"3 Darklings","floor":35,"turns":3},{"damage":24,"enemies":"Orb Walker","floor":36,"turns":3},{"damage":46,"enemies":"Sphere and 2 Shapes","floor":37,"turns":5},{"damage":15,"enemies":"3 Darklings","floor":38,"turns":3},{"damage":34,"enemies":"Nemesis","floor":44,"turns":4},{"damage":16,"enemies":"Maw","floor":48,"turns":5},{"damage":52,"enemies":"Awakened One","floor":50,"turns":7}],"event_choices":[{"event_name":"World of Goop","player_choice":"Gather Gold","floor":2,"damage_taken":0},{"event_name":"Scrap Ooze","player_choice":"success","floor":4,"damage_taken":12},{"event_name":"Big Fish","player_choice":"Box","floor":7,"damage_taken":0},{"event_name":"Upgrade Shrine","player_choice":"Upgraded","floor":25,"damage_taken":0},{"event_name":"Beggar","player_choice":"Gave Gold","floor":27,"damage_taken":0},{"event_name":"Mysterious Sphere","player_choice":"Ignore","floor":41,"damage_taken":0}],"boss_relics":[{"not_picked":["Runic Cube","Tiny House"],"picked":"Snecko Eye"},{"not_picked":["Sozu","Orrery"],"picked":"Astrolabe"}],"potions_floor_spawned":[1,8,18,21,22,35,44],"seed_played":"8617329565915445647","is_trial":false}