{"path_per_floor":["M","M","M","M","?","R","E","$","T","M","M","E","?","M","R","B",null,"M","$","M","?","?","R","?","R","T","R","E","R","M","?","R","B",null,"M","$","?","M","M","R","M","R","T","M","M","R","M","M","R","B"],"character_chosen":"THE_SILENT","items_purchased":["Flash of Steel","Happy Flower","Leg Sweep","Thread and Needle"],"gold_per_floor":[112,128,139,151,151,151,182,2,48,64,84,117,117,134,134,236,236,252,37,55,55,155,155,155,155,185,185,219,219,230,230,230,335,335,353,49,0,12,28,28,44,44,44,64,79,79,89,105,105,105],"floor_reached":51,"campfire_rested":5,"playtime":2794,"current_hp_per_floor":[70,69,67,63,68,68,39,39,39,39,37,24,12,14,36,4,75,55,55,57,57,57,57,57,57,57,57,35,35,37,23,47,6,80,66,66,66,42,39,39,31,55,55,49,35,59,60,50,74,72],"items_purged":["Strike_G"],"gold":105,"score":531,"play_id":"26e23008-4276-4416-a046-6606edbbe52b","is_prod":false,"is_daily":false,"is_ascension_mode":false,"campfire_upgraded":3,"path_taken":["M","M","M","M","?","R","E","$","T","M","M","E","?","M","R","BOSS","M","$","M","?","?","R","?","R","T","R","E","R","M","?","R","BOSS","M","$","?","M","M","R","M","R","T","?","M","R","M","M","R","BOSS"],"build_version":"2018-02-21-BETA5","purchased_purges":1,"victory":true,"master_deck":["Defend_G","Defend_G","Defend_G","Defend_G","Defend_G","Strike_G","Strike_G","Strike_G","Strike_G","Survivor","Neutralize+1","Heel Hook","Tools of the Trade","Sucker Punch","Flying Knee","Flying Knee","Flash of Steel","Predator","Dagger Throw","Predator","Sucker Punch","Adrenaline","Dagger Spray+1","Leg Sweep","Malaise+1","Bouncing Flask+1","Heel Hook","Dagger Throw","Envenom","Backflip+1","Well Laid Plans+1","Acrobatics+1","Predator+1","Acrobatics+1","Terror+1","Dagger Throw+1"],"max_hp_per_floor":[70,70,70,70,75,75,75,75,75,75,75,75,75,75,75,75,75,75,75,75,75,75,75,75,75,75,75,75,75,75,80,80,80,80,80,80,80,80,80,80,80,80,80,80,80,80,80,80,80,80],"relics":["Ring of the Snake","Darkstone Periapt","Bag of Marbles","Blood Vial","Matryoshka","Snecko Eye","Happy Flower","Girya","Tiny Chest","Toxic Egg 2","Sozu","Thread and Needle","Red Mask","Snake Skull","Orichalcum"],"card_choices":[{"not_picked":["Sucker Punch","Leg Sweep"],"picked":"Heel Hook"},{"not_picked":["Quick Slash","Expertise"],"picked":"Tools of the Trade"},{"not_picked":["Cloak And Dagger","Flechettes"],"picked":"Sucker Punch"},{"not_picked":["Outmaneuver","Expertise"],"picked":"Flying Knee"},{"not_picked":["Flechettes","Underhanded Strike"],"picked":"Flying Knee"},{"not_picked":["Calculated Gamble","Leg Sweep"],"picked":"Predator"},{"not_picked":["Finisher","Acrobatics"],"picked":"Dagger Throw"},{"not_picked":["Quick Slash","Venomology"],"picked":"Predator"},{"not_picked":["Dagger Throw","Prepared"],"picked":"Sucker Punch"},{"not_picked":["Tools of the Trade","Venomology"],"picked":"Adrenaline"},{"not_picked":["Eviscerate","Dodge and Roll"],"picked":"Dagger Spray"},{"not_picked":["Slice","Escape Plan"],"picked":"Malaise"},{"not_picked":["Skewer","Deflect"],"picked":"Heel Hook"},{"not_picked":["Poisoned Stab","Acrobatics"],"picked":"Dagger Throw"},{"not_picked":["Storm of Steel","Adrenaline"],"picked":"Envenom"},{"not_picked":["Underhanded Strike","Dagger Throw"],"picked":"Backflip"},{"not_picked":["Eviscerate","Dodge and Roll"],"picked":"Well Laid Plans"},{"not_picked":["Finisher","Deadly Poison"],"picked":"Acrobatics"},{"not_picked":["Choke","Sucker Punch"],"picked":"Predator"},{"not_picked":["Slice","Choke"],"picked":"Acrobatics"},{"not_picked":["Poisoned Stab","Acrobatics"],"picked":"Terror"},{"not_picked":["Tools of the Trade","Deflect"],"picked":"Dagger Throw"}],"player_experience":48650,"potions_floor_usage":[12,16,16,16,33,50],"damage_taken":[{"damage":0,"enemies":"2 Louse","floor":1,"turns":4},{"damage":1,"enemies":"Jaw Worm","floor":2,"turns":4},{"damage":2,"enemies":"Small Slimes","floor":3,"turns":4},{"damage":4,"enemies":"Blue Slaver","floor":4,"turns":4},{"damage":29,"enemies":"Gremlin Nob","floor":7,"turns":5},{"damage":0,"enemies":"3 Louse","floor":10,"turns":4},{"damage":2,"enemies":"Looter","floor":11,"turns":2},{"damage":13,"enemies":"Lagavulin","floor":12,"turns":5},{"damage":0,"enemies":"Large Slime","floor":14,"turns":5},{"damage":34,"enemies":"The Guardian","floor":16,"turns":15},{"damage":20,"enemies":"Chosen","floor":18,"turns":5},{"damage":0,"enemies":"3 Byrds","floor":20,"turns":5},{"damage":24,"enemies":"Gremlin Leader","floor":28,"turns":6},{"damage":0,"enemies":"Snecko","floor":30,"turns":2},{"damage":43,"enemies":"Collector","floor":33,"turns":9},{"damage":14,"enemies":"Flame Bruiser 1 Orb","floor":35,"turns":5},{"damage":26,"enemies":"3 Darklings","floor":38,"turns":6},{"damage":5,"enemies":"Maw","floor":39,"turns":8},{"damage":10,"enemies":"Flame Bruiser 2 Orb","floor":41,"turns":7},{"damage":8,"enemies":"3 Darklings","floor":44,"turns":4},{"damage":16,"enemies":"4 Shapes","floor":45,"turns":3},{"damage":1,"enemies":"Flame Bruiser 2 Orb","floor":47,"turns":3},{"damage":12,"enemies":"3 Darklings","floor":48,"turns":3},{"damage":4,"enemies":"Awakened One","floor":50,"turns":11}],"event_choices":[{"event_name":"Big Fish","player_choice":"Donut","floor":5,"damage_taken":0},{"event_name":"Scrap Ooze","player_choice":"success","floor":13,"damage_taken":12},{"event_name":"Drug Dealer","player_choice":"Ignored","floor":21,"damage_taken":0},{"event_name":"Golden Shrine","player_choice":"Pray","floor":22,"damage_taken":0},{"event_name":"The Library","player_choice":"Read","floor":24,"damage_taken":0},{"event_name":"Forgotten Altar","player_choice":"Shed Blood","floor":31,"damage_taken":0},{"event_name":"Tomb of Lord Red Mask","player_choice":"Paid","floor":37,"damage_taken":0}],"boss_relics":[{"not_picked":["Tiny House","The Specimen"],"picked":"Snecko Eye"},{"not_picked":["Cursed Key","Runic Pyramid"],"picked":"Sozu"}],"potions_floor_spawned":[2,4,7,11,12,18,20,38,41,45,47],"seed_played":"6804549439174275112","ascension_level":0,"is_trial":false}