{"gold_per_floor":[119,89,108,120,120,120,153,169,169,204,214,239,239,13,13,87,87,103,123,138,138,138,138,172,172,198,47,75,75,86,105,105,105],"floor_reached":33,"playtime":1540,"items_purged":["Strike_G"],"score":614,"play_id":"24cb3675-a67d-46fb-bae1-663073eed3cd","local_time":"20190324231731","is_ascension_mode":true,"campfire_choices":[{"data":"Neutralize","floor":6.0,"key":"SMITH"},{"floor":13.0,"key":"REST"},{"data":"Leg Sweep","floor":15.0,"key":"SMITH"},{"data":"Bouncing Flask","floor":23.0,"key":"SMITH"},{"data":"Footwork","floor":29,"key":"SMITH"},{"data":"Footwork","floor":32,"key":"SMITH"}],"neow_cost":"NONE","seed_source_timestamp":1017266837156064,"circlet_count":0,"master_deck":["AscendersBane","Defend_G","Defend_G","Defend_G","Defend_G","Defend_G","Strike_G","Strike_G","Strike_G","Survivor","Neutralize+1","Acrobatics","Dodge and Roll","Deadly Poison+1","Dash","Die Die Die","Leg Sweep+1","PiercingWail","PiercingWail","Bouncing Flask+1","Bouncing Flask+1","Dash","Footwork+1","Deflect","Footwork+1","Caltrops"],"special_seed":0,"relics":["Ring of the Snake","NeowsBlessing","Smiling Mask","Regal Pillow","Gremlin Horn","Shuriken","TwistedFunnel","Coffee Dripper","Blue Candle","Ancient Tea Set","Anchor","Bottled Tornado"],"potions_floor_usage":[28,33],"damage_taken":[{"damage":0.0,"enemies":"Jaw Worm","floor":1.0,"turns":1.0},{"damage":0.0,"enemies":"Cultist","floor":3.0,"turns":1.0},{"damage":0.0,"enemies":"2 Louse","floor":4.0,"turns":1.0},{"damage":22.0,"enemies":"Lagavulin","floor":7.0,"turns":9.0},{"damage":0.0,"enemies":"Gremlin Gang","floor":8.0,"turns":7.0},{"damage":18.0,"enemies":"3 Sentries","floor":10.0,"turns":9.0},{"damage":0.0,"enemies":"Exordium Thugs","floor":11.0,"turns":6.0},{"damage":8.0,"enemies":"Gremlin Nob","floor":12.0,"turns":4.0},{"damage":39.0,"enemies":"Hexaghost","floor":16.0,"turns":13.0},{"damage":11.0,"enemies":"Spheric Guardian","floor":18.0,"turns":7.0},{"damage":0.0,"enemies":"3 Byrds","floor":19.0,"turns":3.0},{"damage":9.0,"enemies":"3 Cultists","floor":20.0,"turns":6.0},{"damage":1.0,"enemies":"Snake Plant","floor":22.0,"turns":2.0},{"damage":14.0,"enemies":"Gremlin Leader","floor":24.0,"turns":7.0},{"damage":13,"enemies":"Book of Stabbing","floor":28,"turns":7},{"damage":0,"enemies":"Centurion and Healer","floor":30,"turns":5},{"damage":0,"enemies":"Snecko","floor":31,"turns":5},{"damage":17,"enemies":"Collector","floor":33,"turns":6}],"seed_played":"-6401605233480954586","potions_obtained":[{"floor":2.0,"key":"SpeedPotion"},{"floor":2.0,"key":"Energy Potion"},{"floor":4.0,"key":"Fire Potion"},{"floor":10.0,"key":"Explosive Potion"},{"floor":11.0,"key":"SmokeBomb"},{"floor":12.0,"key":"PowerPotion"},{"floor":24.0,"key":"Fire Potion"}],"is_trial":false,"path_per_floor":["M","?","M","M","?","R","E","M","T","E","M","E","R","$","R","B",null,"M","M","M","?","M","R","E","?","T","$","E","R","M","M","R","B"],"character_chosen":"THE_SILENT","items_purchased":["TwistedFunnel","Footwork","Deflect"],"campfire_rested":1,"item_purchase_floors":[14,27,27],"current_hp_per_floor":[59,59,59,59,59,59,37,37,37,19,19,11,45,45,45,6,51,40,40,31,31,30,30,16,16,16,16,3,3,3,3,3,0],"gold":105,"neow_bonus":"THREE_ENEMY_KILL","is_prod":false,"is_daily":false,"chose_seed":false,"campfire_upgraded":5,"win_rate":0,"timestamp":1553483851,"path_taken":["M","?","?","M","?","R","E","M","T","E","?","E","R","?","R","BOSS","M","M","M","?","?","R","E","?","T","$","E","R","M","?","R","BOSS"],"build_version":"2019-03-15","purchased_purges":1,"victory":false,"max_hp_per_floor":[66,66,66,66,66,66,66,66,66,66,66,66,66,66,66,66,66,66,66,66,66,66,66,66,66,66,66,66,66,66,66,66,66],"card_choices":[{"not_picked":["Deflect","Choke"],"picked":"Acrobatics","floor":1.0},{"not_picked":["Heel Hook","Bane"],"picked":"Dodge and Roll","floor":3.0},{"not_picked":["Calculated Gamble","Riddle With Holes"],"picked":"Deadly Poison","floor":4.0},{"not_picked":["Blur","Bane"],"picked":"Dash","floor":7.0},{"not_picked":["Blade Dance","Deflect"],"picked":"Die Die Die","floor":8.0},{"not_picked":["Cloak And Dagger","Doppelganger"],"picked":"Leg Sweep","floor":10.0},{"not_picked":["Outmaneuver","Acrobatics"],"picked":"PiercingWail","floor":11.0},{"not_picked":["Finisher","Unload"],"picked":"PiercingWail","floor":12.0},{"not_picked":["Bullet Time","Unload"],"picked":"Doppelganger","floor":16.0},{"not_picked":["Acrobatics","Dagger Throw"],"picked":"Bouncing Flask+1","floor":18.0},{"not_picked":["Acrobatics","Tactician"],"picked":"Bouncing Flask","floor":19.0},{"not_picked":["Setup","Prepared","Dagger Throw"],"picked":"SKIP","floor":20.0},{"not_picked":["Heel Hook","Bouncing Flask","Sucker Punch"],"picked":"SKIP","floor":24.0},{"not_picked":["Tactician","Outmaneuver"],"picked":"Footwork","floor":28},{"not_picked":["Dagger Spray","Reflex","Flechettes"],"picked":"SKIP","floor":30},{"not_picked":["Flying Knee","Sucker Punch"],"picked":"Caltrops","floor":31}],"player_experience":1248129,"relics_obtained":[{"floor":7.0,"key":"Smiling Mask"},{"floor":9.0,"key":"Regal Pillow"},{"floor":10.0,"key":"Gremlin Horn"},{"floor":12.0,"key":"Shuriken"},{"floor":24.0,"key":"Blue Candle"},{"floor":26.0,"key":"Anchor"},{"floor":28,"key":"Bottled Tornado"}],"event_choices":[{"damage_healed":0.0,"max_hp_gain":0.0,"max_hp_loss":0.0,"gold_gain":0.0,"event_name":"The Woman in Blue","player_choice":"Bought 2 Potions","floor":2.0,"gold_loss":0.0,"damage_taken":0.0},{"damage_healed":0.0,"max_hp_gain":0.0,"max_hp_loss":0.0,"gold_gain":0.0,"event_name":"Accursed Blacksmith","player_choice":"Forge","floor":5.0,"gold_loss":0.0,"damage_taken":0.0,"cards_upgraded":["Deadly Poison"]},{"damage_healed":0.0,"max_hp_gain":0.0,"max_hp_loss":0.0,"gold_gain":0.0,"cards_transformed":["Strike_G"],"event_name":"Transmorgrifier","player_choice":"Transformed","floor":21.0,"gold_loss":0.0,"damage_taken":0.0,"cards_obtained":["Dash"]},{"cards_removed":["Doppelganger"],"damage_healed":0.0,"max_hp_gain":0.0,"max_hp_loss":0.0,"gold_gain":0.0,"event_name":"WeMeetAgain","player_choice":"Gave Card","floor":25.0,"gold_loss":0.0,"damage_taken":0.0,"relics_obtained":["Ancient Tea Set"]}],"is_beta":true,"boss_relics":[{"not_picked":["Black Star","Busted Crown"],"picked":"Coffee Dripper"}],"items_purged_floors":[27],"is_endless":false,"potions_floor_spawned":[4,10,11,12,18,19,22,24],"killed_by":"Collector","ascension_level":20}