{"gold_per_floor":[113,78,88,34,34,34,60,60,85,45,45,57,68,68,68,159,159,182,182,213,225,237,249],"floor_reached":23,"playtime":593,"items_purged":[],"score":374,"play_id":"8d22d238-fa92-4f32-a5ca-f8238149670a","local_time":"20181104093528","is_ascension_mode":true,"campfire_choices":[{"data":"1","floor":6.0,"key":"LIFT"},{"data":"2","floor":8.0,"key":"LIFT"},{"data":"3","floor":15.0,"key":"LIFT"}],"neow_cost":"PERCENT_DAMAGE","seed_source_timestamp":88807708420898,"circlet_count":0,"master_deck":["AscendersBane","Strike_R","Strike_R","Strike_R","Strike_R","Strike_R","Defend_R","Defend_R","Defend_R","Defend_R","Bash+1","Flame Barrier+1","Armaments+1","Whirlwind","Battle Trance","Limit Break","Iron Wave","Sword Boomerang","Decay"],"special_seed":0,"relics":["Burning Blood","Girya","War Paint","Ancient Tea Set","Golden Idol","Velvet Choker","MawBank"],"potions_floor_usage":[20],"damage_taken":[{"damage":4.0,"enemies":"Jaw Worm","floor":1.0,"turns":4.0},{"damage":0.0,"enemies":"2 Louse","floor":3.0,"turns":4.0},{"damage":31.0,"enemies":"Gremlin Nob","floor":7.0,"turns":4.0},{"damage":6.0,"enemies":"Small Slimes","floor":12.0,"turns":4.0},{"damage":6.0,"enemies":"Blue Slaver","floor":13.0,"turns":4.0},{"damage":6.0,"enemies":"Slime Boss","floor":16.0,"turns":9.0},{"damage":13.0,"enemies":"Shell Parasite","floor":18.0,"turns":6.0},{"damage":9,"enemies":"2 Thieves","floor":20,"turns":3},{"damage":23,"enemies":"Slavers","floor":23,"turns":3}],"seed_played":"6052977611058730419","potions_obtained":[{"floor":12.0,"key":"Dexterity Potion"},{"floor":16.0,"key":"FearPotion"},{"floor":18.0,"key":"FearPotion"}],"is_trial":false,"path_per_floor":["M","?","M","$","?","R","E","R","T","$","?","M","M","?","R","B",null,"M","?","M","$","?","E"],"character_chosen":"IRONCLAD","items_purchased":["FearPotion","Whirlwind"],"campfire_rested":0,"item_purchase_floors":[4,10],"current_hp_per_floor":[52,70,75,75,75,75,50,50,50,50,50,50,50,24,24,24,62,55,55,52,52,52,29],"gold":249,"neow_bonus":"ONE_RARE_RELIC","is_prod":false,"is_daily":false,"chose_seed":false,"campfire_upgraded":0,"win_rate":0,"timestamp":1541342128,"path_taken":["M","?","M","$","?","R","E","R","T","$","?","?","M","?","R","BOSS","M","?","M","?","?","E"],"build_version":"2018-11-02","purchased_purges":0,"victory":false,"max_hp_per_floor":[75,75,75,75,75,75,75,75,75,75,75,75,75,75,75,75,75,75,75,75,75,75,75],"card_choices":[{"not_picked":["Thunderclap","Bloodletting"],"picked":"Flame Barrier","floor":1.0},{"not_picked":["Reckless Charge","Blood for Blood"],"picked":"Anger","floor":3.0},{"not_picked":["Bloodletting","Wild Strike"],"picked":"Armaments","floor":7.0},{"not_picked":["Anger","Sword Boomerang","Combust"],"picked":"SKIP","floor":12.0},{"not_picked":["Clash","Wild Strike"],"picked":"Battle Trance","floor":13.0},{"not_picked":["Fiend Fire","Demon Form"],"picked":"Limit Break","floor":16.0},{"not_picked":["Seeing Red","Entrench"],"picked":"Iron Wave","floor":18.0},{"not_picked":["Pommel Strike","Heavy Blade"],"picked":"Sword Boomerang","floor":20}],"player_experience":836105,"relics_obtained":[{"floor":7.0,"key":"War Paint"},{"floor":9.0,"key":"Ancient Tea Set"}],"event_choices":[{"damage_healed":18.0,"max_hp_gain":0.0,"max_hp_loss":0.0,"gold_gain":0.0,"event_name":"The Cleric","player_choice":"Healed","floor":2.0,"gold_loss":35.0,"damage_taken":0.0},{"damage_healed":0.0,"max_hp_gain":0.0,"max_hp_loss":0.0,"gold_gain":0.0,"event_name":"Living Wall","player_choice":"Grow","floor":5.0,"gold_loss":0.0,"damage_taken":0.0,"cards_upgraded":["Bash"]},{"damage_healed":0.0,"max_hp_gain":0.0,"max_hp_loss":0.0,"gold_gain":0.0,"event_name":"Liars Game","player_choice":"Ignored","floor":11.0,"gold_loss":0.0,"damage_taken":0.0},{"damage_healed":0.0,"max_hp_gain":0.0,"max_hp_loss":0.0,"gold_gain":0.0,"event_name":"Golden Idol","player_choice":"Take Damage","floor":14.0,"gold_loss":0.0,"damage_taken":26.0,"relics_obtained":["Golden Idol"]},{"cards_removed":["Anger"],"damage_healed":0.0,"max_hp_gain":0.0,"max_hp_loss":0.0,"gold_gain":0.0,"event_name":"WeMeetAgain","player_choice":"Gave Card","floor":19.0,"gold_loss":0.0,"damage_taken":0.0,"relics_obtained":["MawBank"]},{"damage_healed":0,"gold_gain":0,"player_choice":"Cursed","damage_taken":0,"max_hp_gain":0,"max_hp_loss":0,"event_name":"Wheel of Change","floor":22,"gold_loss":0,"cards_obtained":["Decay"]}],"is_beta":true,"boss_relics":[{"not_picked":["Empty Cage","Pandora\u0027s Box"],"picked":"Velvet Choker"}],"items_purged_floors":[],"is_endless":false,"potions_floor_spawned":[12,16,18],"killed_by":"Slavers","ascension_level":20}