{"gold_per_floor":[115,265,265,278,303,303,346,346,346,23,59,73,73,73,73,73],"floor_reached":16,"playtime":576,"items_purged":[],"score":216,"play_id":"be40d035-b44b-4dd5-b42c-4312d0283755","local_time":"20190323232356","is_ascension_mode":true,"campfire_choices":[{"data":"Shockwave","floor":6.0,"key":"SMITH"},{"data":"True Grit","floor":13,"key":"SMITH"},{"floor":15,"key":"REST"}],"neow_cost":"NONE","seed_source_timestamp":932174974092346,"circlet_count":0,"master_deck":["AscendersBane","Strike_R","Strike_R","Strike_R","Strike_R","Strike_R","Defend_R","Defend_R","Defend_R","Defend_R","Bash","Cleave","Doubt","Shockwave+1","Disarm","True Grit+1","Havoc","Fiend Fire"],"special_seed":0,"relics":["Burning Blood","Juzu Bracelet","Golden Idol","Ornamental Fan","Boot","Shuriken","PreservedInsect","Bag of Preparation","Self Forming Clay","Toxic Egg 2"],"potions_floor_usage":[7,16],"damage_taken":[{"damage":12.0,"enemies":"Small Slimes","floor":1.0,"turns":4.0},{"damage":11.0,"enemies":"Jaw Worm","floor":4.0,"turns":6.0},{"damage":5.0,"enemies":"2 Louse","floor":5.0,"turns":3.0},{"damage":26,"enemies":"Lagavulin","floor":7,"turns":6},{"damage":25,"enemies":"Gremlin Nob","floor":11,"turns":4},{"damage":1,"enemies":"Blue Slaver","floor":12,"turns":6},{"damage":30,"enemies":"Slime Boss","floor":16,"turns":8}],"seed_played":"9200960823989260577","potions_obtained":[{"floor":4.0,"key":"SmokeBomb"},{"floor":5.0,"key":"PowerPotion"},{"floor":12,"key":"BloodPotion"}],"is_trial":false,"path_per_floor":["M","?","?","M","M","R","E","T","T","$","E","M","R","?","R","B"],"character_chosen":"IRONCLAD","items_purchased":["PreservedInsect","Bag of Preparation"],"campfire_rested":1,"item_purchase_floors":[10,10],"current_hp_per_floor":[62,62,62,57,58,58,38,38,38,38,19,24,24,13,33,9],"gold":73,"neow_bonus":"RANDOM_COMMON_RELIC","is_prod":false,"is_daily":false,"chose_seed":false,"campfire_upgraded":2,"win_rate":0,"timestamp":1553397836,"path_taken":["M","?","?","M","M","R","E","?","T","$","E","M","R","?","R","BOSS"],"build_version":"2019-03-15","purchased_purges":0,"victory":false,"max_hp_per_floor":[75,75,68,68,68,68,68,68,68,68,68,68,68,68,68,68],"card_choices":[{"not_picked":["Warcry","Battle Trance"],"picked":"Cleave","floor":1.0},{"not_picked":["Metallicize","Flex"],"picked":"Shockwave","floor":4.0},{"not_picked":["Sever Soul","Flex"],"picked":"Disarm","floor":5.0},{"not_picked":["Dropkick","Dual Wield"],"picked":"True Grit","floor":7},{"not_picked":["Clash","Rage"],"picked":"Havoc","floor":11},{"not_picked":["Ghostly Armor","Rupture"],"picked":"Fiend Fire","floor":12}],"player_experience":1205513,"relics_obtained":[{"floor":7,"key":"Ornamental Fan"},{"floor":8,"key":"Boot"},{"floor":9,"key":"Shuriken"},{"floor":11,"key":"Self Forming Clay"}],"event_choices":[{"damage_healed":0.0,"max_hp_gain":0.0,"max_hp_loss":0.0,"gold_gain":150.0,"event_name":"Liars Game","player_choice":"AGREE","floor":2.0,"gold_loss":0.0,"damage_taken":0.0,"cards_obtained":["Doubt"]},{"damage_healed":0.0,"max_hp_gain":0.0,"max_hp_loss":7.0,"gold_gain":0.0,"event_name":"Golden Idol","player_choice":"Lose Max HP","floor":3.0,"gold_loss":0.0,"damage_taken":0.0,"relics_obtained":["Golden Idol"]},{"damage_healed":0,"gold_gain":0,"player_choice":"Success","damage_taken":11,"relics_obtained":["Toxic Egg 2"],"max_hp_gain":0,"max_hp_loss":0,"event_name":"Scrap Ooze","floor":14,"gold_loss":0}],"is_beta":true,"boss_relics":[],"items_purged_floors":[],"is_endless":false,"potions_floor_spawned":[4,5,12],"killed_by":"Slime Boss","ascension_level":20}