{"gold_per_floor":[119,119,119,129,304,304,336,336,359,392,392,406,422,439,439,439],"floor_reached":16,"playtime":445,"items_purged":[],"score":121,"play_id":"3e2048d6-35fa-4e53-8896-ace4aa645abe","local_time":"20190319050514","is_ascension_mode":true,"campfire_choices":[{"floor":6,"key":"REST"},{"floor":8,"key":"REST"},{"floor":11,"key":"REST"},{"data":"Juggernaut","floor":15,"key":"SMITH"}],"neow_cost":"NONE","seed_source_timestamp":246402915470892,"circlet_count":0,"master_deck":["Strike_R","Strike_R","Strike_R","Strike_R","Defend_R","Defend_R","Defend_R","Defend_R","Bash","Juggernaut+1","Twin Strike","Doubt","Headbutt","Cleave","Searing Blow","Twin Strike","Twin Strike"],"relics":["Burning Blood","Potion Belt","Dream Catcher","Regal Pillow","Charon\u0027s Ashes"],"potions_floor_usage":[10,13,16],"damage_taken":[{"damage":13,"enemies":"Jaw Worm","floor":1,"turns":4},{"damage":10,"enemies":"2 Louse","floor":4,"turns":4},{"damage":45,"enemies":"Lagavulin","floor":7,"turns":10},{"damage":44,"enemies":"3 Sentries","floor":10,"turns":7},{"damage":6,"enemies":"Cultist","floor":12,"turns":3},{"damage":0,"enemies":"Large Slime","floor":13,"turns":5},{"damage":8,"enemies":"3 Louse","floor":14,"turns":2},{"damage":53,"enemies":"The Guardian","floor":16,"turns":5}],"seed_played":"4529252961609008622","potions_obtained":[{"floor":7,"key":"Block Potion"},{"floor":10,"key":"Explosive Potion"},{"floor":14,"key":"Poison Potion"}],"is_trial":false,"path_per_floor":["M","?","?","M","?","R","E","R","T","E","R","M","M","M","R","B"],"character_chosen":"IRONCLAD","items_purchased":[],"campfire_rested":3,"item_purchase_floors":[],"current_hp_per_floor":[73,40,40,36,36,60,21,45,45,7,46,46,52,50,50,0],"gold":439,"neow_bonus":"ONE_RANDOM_RARE_CARD","is_prod":false,"is_daily":false,"chose_seed":false,"campfire_upgraded":1,"win_rate":0,"timestamp":1552997114,"path_taken":["M","?","?","?","?","R","E","R","T","E","R","M","M","M","R","BOSS"],"build_version":"2019-01-23","purchased_purges":0,"victory":false,"max_hp_per_floor":[80,80,80,80,80,80,80,80,80,80,80,80,80,80,80,80],"card_choices":[{"not_picked":["Iron Wave","Ghostly Armor"],"picked":"Twin Strike","floor":1},{"not_picked":["True Grit","Heavy Blade","Havoc"],"picked":"SKIP","floor":4},{"not_picked":["Infernal Blade","Battle Trance"],"picked":"Headbutt","floor":7},{"not_picked":["Flex","Clothesline"],"picked":"Cleave","floor":8},{"not_picked":["Combust","Warcry"],"picked":"Searing Blow","floor":10},{"not_picked":["Heavy Blade","Corruption"],"picked":"Twin Strike","floor":12},{"not_picked":["Thunderclap","Searing Blow"],"picked":"Twin Strike","floor":13},{"not_picked":["Flex","Havoc","Anger"],"picked":"SKIP","floor":14}],"player_experience":364282,"relics_obtained":[{"floor":7,"key":"Dream Catcher"},{"floor":9,"key":"Regal Pillow"},{"floor":10,"key":"Charon\u0027s Ashes"}],"event_choices":[{"damage_healed":0,"gold_gain":0,"player_choice":"Success","damage_taken":33,"relics_obtained":["Potion Belt"],"max_hp_gain":0,"max_hp_loss":0,"event_name":"Scrap Ooze","floor":2,"gold_loss":0},{"cards_removed":["Strike_R"],"damage_healed":0,"gold_gain":0,"player_choice":"Purged","damage_taken":0,"max_hp_gain":0,"max_hp_loss":0,"event_name":"Purifier","floor":3,"gold_loss":0},{"damage_healed":0,"gold_gain":175,"player_choice":"AGREE","damage_taken":0,"max_hp_gain":0,"max_hp_loss":0,"event_name":"Liars Game","floor":5,"gold_loss":0,"cards_obtained":["Doubt"]}],"is_beta":false,"boss_relics":[],"items_purged_floors":[],"is_endless":false,"potions_floor_spawned":[7,10,14],"killed_by":"The Guardian","ascension_level":2}