{"gold_per_floor":[119,129,54,74,91,91,91,91,91,241,267,283,293,18,18,89,89,100,100,165,177,190,190,24,24,51,77,77,160,210,260,260,260],"floor_reached":33,"playtime":1461,"items_purged":["Doubt"],"score":555,"play_id":"e90bb3fb-85ab-43e3-adca-85aaf91463c5","local_time":"20180921212814","is_ascension_mode":true,"campfire_choices":[{"data":"Dualcast","floor":6.0,"key":"SMITH"},{"data":"Melter","floor":8.0,"key":"SMITH"},{"data":"Cold Snap","floor":15.0,"key":"SMITH"},{"floor":23.0,"key":"REST"},{"data":"Cold Snap","floor":25.0,"key":"SMITH"},{"floor":28.0,"key":"REST"},{"floor":32.0,"key":"REST"}],"neow_cost":"NONE","seed_source_timestamp":0,"circlet_count":0,"master_deck":["Strike_B+1","Defend_B+1","Defend_B+1","Defend_B+1","Defend_B+1","Zap","Dualcast+1","AscendersBane","White Noise","White Noise","Melter+1","Ball Lightning","Cold Snap+1","Aggregate","Reboot","Ball Lightning","Doom and Gloom","Cold Snap","Echo Form","Cold Snap+1","Pain","White Noise+1","Cold Snap"],"special_seed":0,"relics":["Cracked Core","FossilizedHelix","Torii","Bag of Preparation","Cursed Key","SsserpentHead","Potion Belt","Blood Vial","Bronze Scales","Red Mask"],"potions_floor_usage":[],"damage_taken":[{"damage":0.0,"enemies":"2 Louse","floor":1.0,"turns":4.0},{"damage":0.0,"enemies":"Small Slimes","floor":2.0,"turns":2.0},{"damage":1.0,"enemies":"Cultist","floor":4.0,"turns":3.0},{"damage":5.0,"enemies":"Gremlin Gang","floor":5.0,"turns":4.0},{"damage":32.0,"enemies":"3 Sentries","floor":11.0,"turns":10.0},{"damage":9.0,"enemies":"Looter","floor":12.0,"turns":3.0},{"damage":0.0,"enemies":"Large Slime","floor":13.0,"turns":2.0},{"damage":13.0,"enemies":"The Guardian","floor":16.0,"turns":9.0},{"damage":0.0,"enemies":"Spheric Guardian","floor":18.0,"turns":2.0},{"damage":0.0,"enemies":"Chosen","floor":20.0,"turns":5.0},{"damage":0.0,"enemies":"Snecko","floor":21.0,"turns":4.0},{"damage":25.0,"enemies":"Snake Plant","floor":22.0,"turns":3.0},{"damage":40.0,"enemies":"Book of Stabbing","floor":27.0,"turns":4.0},{"damage":30.0,"enemies":"Masked Bandits","floor":29.0,"turns":4.0},{"damage":38,"enemies":"Champ","floor":33,"turns":12}],"seed_played":"-1810942409432397532","potions_obtained":[{"floor":1.0,"key":"Strength Potion"},{"floor":5.0,"key":"Ancient Potion"},{"floor":11.0,"key":"GamblersBrew"},{"floor":16.0,"key":"Energy Potion"},{"floor":22.0,"key":"Block Potion"},{"floor":27.0,"key":"Strength Potion"},{"floor":29.0,"key":"LiquidBronze"}],"is_trial":false,"path_per_floor":["M","M","?","M","M","R","?","R","T","?","E","M","M","$","R","B",null,"M","?","M","M","M","R","$","R","T","E","R","?","?","?","R"],"character_chosen":"DEFECT","items_purchased":["Cold Snap","Bag of Preparation","Potion Belt"],"campfire_rested":3,"item_purchase_floors":[14,14,24],"current_hp_per_floor":[64,64,64,63,58,58,58,58,58,58,26,17,17,17,17,4,54,54,54,54,54,29,50,50,50,50,12,33,5,5,5,26,0],"gold":260,"neow_bonus":"TRANSFORM_CARD","is_prod":false,"is_daily":false,"chose_seed":false,"campfire_upgraded":4,"win_rate":0,"timestamp":1537579694,"path_taken":["M","M","?","M","?","R","?","R","T","?","E","M","M","$","R","BOSS","M","?","?","M","M","R","$","R","T","E","R","?","?","?","R","BOSS"],"build_version":"2018-09-20","purchased_purges":1,"victory":false,"max_hp_per_floor":[71,71,71,71,71,71,71,71,71,71,71,71,71,71,71,71,71,71,71,71,71,71,71,71,71,71,71,71,71,71,71,71,71],"card_choices":[{"not_picked":["Loop","Gash"],"picked":"White Noise","floor":1.0},{"not_picked":["Rebound","Beam Cell"],"picked":"Melter","floor":2.0},{"not_picked":["Skim","Genetic Algorithm"],"picked":"Ball Lightning","floor":4.0},{"not_picked":["Scrape","Steam Power"],"picked":"Cold Snap","floor":5.0},{"not_picked":["Beam Cell","Heatsinks"],"picked":"Reboot","floor":11.0},{"not_picked":["Blizzard","Rip and Tear"],"picked":"Ball Lightning","floor":12.0},{"not_picked":["Streamline","Coolheaded"],"picked":"Doom and Gloom","floor":13.0},{"not_picked":["Core Surge","Meteor Strike"],"picked":"Echo Form","floor":16.0},{"not_picked":["Steam","Ball Lightning","Darkness"],"picked":"SKIP","floor":18.0},{"not_picked":["Lockon","Sweeping Beam"],"picked":"Cold Snap","floor":20.0},{"not_picked":["Defragment","Gash+1","Compile Driver"],"picked":"SKIP","floor":21.0},{"not_picked":["Skim","Aggregate","Turbo"],"picked":"SKIP","floor":22.0},{"not_picked":["Streamline","Chill"],"picked":"White Noise+1","floor":27.0},{"not_picked":["Gash","Beam Cell"],"picked":"Cold Snap","floor":29.0}],"player_experience":874261,"relics_obtained":[{"floor":9.0,"key":"FossilizedHelix"},{"floor":11.0,"key":"Torii"},{"floor":26.0,"key":"Blood Vial"},{"floor":27.0,"key":"Bronze Scales"},{"floor":29.0,"key":"Red Mask"}],"event_choices":[{"event_name":"The Cleric","player_choice":"Card Removal","floor":3.0,"damage_taken":0.0},{"event_name":"Living Wall","player_choice":"Change","floor":7.0,"damage_taken":0.0},{"event_name":"Liars Game","player_choice":"agreed","floor":10.0,"damage_taken":0.0},{"event_name":"FaceTrader","player_choice":"Trade","floor":19.0,"damage_taken":0.0},{"event_name":"Masked Bandits","player_choice":"Fought Bandits","floor":29.0,"damage_taken":0.0},{"event_name":"N\u0027loth","player_choice":"Ignored","floor":30.0,"damage_taken":0.0},{"event_name":"Back to Basics","player_choice":"Simplicity","floor":31.0,"damage_taken":0.0}],"is_beta":false,"boss_relics":[{"not_picked":["Fusion Hammer","Lizard Tail"],"picked":"Cursed Key"}],"items_purged_floors":[14],"is_endless":false,"potions_floor_spawned":[1,5,11,16,22,27,29],"killed_by":"Champ","ascension_level":20}