{"gold_per_floor":[111,130,142,8,0,0,31,31,31,59,59,78,98,117,117,195,195,209,389,103,117,16,44,44,76,76,76,76,88,88,120,120,120],"floor_reached":33,"playtime":3140,"items_purged":["Strike_B"],"score":651,"play_id":"82922d79-0565-4bed-be73-5cd3c5f94c59","local_time":"20190222220933","is_ascension_mode":true,"campfire_choices":[{"data":"Zap","floor":6.0,"key":"SMITH"},{"floor":8.0,"key":"REST"},{"floor":11.0,"key":"REST"},{"data":"Go for the Eyes","floor":15.0,"key":"SMITH"},{"floor":24.0,"key":"REST"},{"floor":27.0,"key":"REST"},{"data":"Static Discharge","floor":30.0,"key":"SMITH"},{"floor":32.0,"key":"REST"}],"neow_cost":"PERCENT_DAMAGE","seed_source_timestamp":0,"circlet_count":0,"master_deck":["AscendersBane","Strike_B","Strike_B","Strike_B","Defend_B","Defend_B","Defend_B","Defend_B","Zap+1","Dualcast","Conserve Battery","Cold Snap","Genetic Algorithm","Go for the Eyes+1","Sweeping Beam","Rebound","FTL","Core Surge","Consume","BootSequence","Dark Shackles","Doom and Gloom","Static Discharge+1","Defragment+1"],"special_seed":0,"relics":["FrozenCore","Kunai","Pear","FossilizedHelix","Meat on the Bone","Dodecahedron","WingedGreaves","Matryoshka","Frozen Egg 2"],"potions_floor_usage":[],"damage_taken":[{"damage":0.0,"enemies":"Cultist","floor":1.0,"turns":3.0},{"damage":10.0,"enemies":"Small Slimes","floor":2.0,"turns":3.0},{"damage":0.0,"enemies":"2 Louse","floor":3.0,"turns":2.0},{"damage":30.0,"enemies":"Lagavulin","floor":7.0,"turns":8.0},{"damage":19.0,"enemies":"3 Sentries","floor":10.0,"turns":15.0},{"damage":16.0,"enemies":"Exordium Thugs","floor":12.0,"turns":5.0},{"damage":0.0,"enemies":"2 Fungi Beasts","floor":13.0,"turns":3.0},{"damage":0.0,"enemies":"Large Slime","floor":14.0,"turns":4.0},{"damage":37.0,"enemies":"Hexaghost","floor":16.0,"turns":13.0},{"damage":0.0,"enemies":"Chosen","floor":18.0,"turns":5.0},{"damage":2.0,"enemies":"Shell Parasite","floor":21.0,"turns":8.0},{"damage":37.0,"enemies":"Slavers","floor":23.0,"turns":12.0},{"damage":49.0,"enemies":"Book of Stabbing","floor":25.0,"turns":8.0},{"damage":4.0,"enemies":"Snake Plant","floor":29.0,"turns":5.0},{"damage":55.0,"enemies":"Gremlin Leader","floor":31.0,"turns":9.0},{"damage":59,"enemies":"Automaton","floor":33,"turns":12}],"seed_played":"-5109831714158790856","potions_obtained":[{"floor":1.0,"key":"Energy Potion"},{"floor":7.0,"key":"SteroidPotion"},{"floor":13.0,"key":"Ancient Potion"},{"floor":16.0,"key":"SpeedPotion"},{"floor":21.0,"key":"PowerPotion"},{"floor":23.0,"key":"AttackPotion"},{"floor":29.0,"key":"SkillPotion"}],"is_trial":false,"path_per_floor":["M","M","M","$","?","R","E","R","T","E","R","M","M","M","R","B",null,"M","?","$","M","$","E","R","E","T","R","$","M","R","E","R","B"],"character_chosen":"DEFECT","items_purchased":["Cold Snap","Meat on the Bone","Dark Shackles"],"campfire_rested":5,"item_purchase_floors":[4,20,22],"current_hp_per_floor":[60,50,50,50,50,50,20,45,55,36,64,48,48,48,48,11,74,74,47,47,57,57,32,60,23,23,51,51,59,59,16,44,0],"gold":120,"neow_bonus":"TWENTY_PERCENT_HP_BONUS","is_prod":false,"is_daily":false,"chose_seed":false,"campfire_upgraded":3,"win_rate":0,"timestamp":1550891373,"path_taken":["M","M","M","$","?","R","E","R","T","E","R","M","M","M","R","BOSS","M","?","$","M","$","E","R","E","T","R","?","?","R","E","R","BOSS"],"build_version":"2019-01-23","purchased_purges":1,"victory":false,"max_hp_per_floor":[85,85,85,85,85,85,85,85,95,95,95,95,95,95,95,95,95,95,95,95,95,95,95,95,95,95,95,95,95,95,95,95,95],"card_choices":[{"not_picked":["Aggregate","Darkness","Steam"],"picked":"SKIP","floor":1.0},{"not_picked":["Coolheaded","Compile Driver","Undo"],"picked":"SKIP","floor":2.0},{"not_picked":["Storm","Chill"],"picked":"Conserve Battery","floor":3.0},{"not_picked":["Amplify","Auto Shields"],"picked":"Genetic Algorithm","floor":7.0},{"not_picked":["Capacitor","Streamline"],"picked":"Go for the Eyes","floor":10.0},{"not_picked":["Skim","Redo"],"picked":"Sweeping Beam","floor":12.0},{"not_picked":["Hologram","Conserve Battery"],"picked":"Rebound","floor":13.0},{"not_picked":["Chill","Go for the Eyes"],"picked":"FTL","floor":14.0},{"not_picked":["Meteor Strike","All For One"],"picked":"Core Surge","floor":16.0},{"not_picked":["Go for the Eyes","Chaos"],"picked":"Consume","floor":18.0},{"not_picked":["Beam Cell","Cold Snap"],"picked":"BootSequence","floor":21.0},{"not_picked":["Redo+1","Recycle","Reinforced Body"],"picked":"SKIP","floor":23.0},{"not_picked":["Fusion","Scrape"],"picked":"Doom and Gloom","floor":25.0},{"not_picked":["Leap","Chaos"],"picked":"Static Discharge","floor":29.0},{"not_picked":["Chaos","Barrage"],"picked":"Defragment","floor":31.0}],"player_experience":593804,"relics_obtained":[{"floor":7.0,"key":"Kunai"},{"floor":9.0,"key":"Pear"},{"floor":10.0,"key":"FossilizedHelix"},{"floor":23.0,"key":"Dodecahedron"},{"floor":25.0,"key":"WingedGreaves"},{"floor":26.0,"key":"Matryoshka"},{"floor":31.0,"key":"Frozen Egg 2"}],"event_choices":[{"damage_healed":0.0,"max_hp_gain":0.0,"max_hp_loss":0.0,"gold_gain":0.0,"event_name":"World of Goop","player_choice":"Left Gold","floor":5.0,"gold_loss":8.0,"damage_taken":0.0},{"damage_healed":0.0,"max_hp_gain":0.0,"max_hp_loss":0.0,"gold_gain":180.0,"event_name":"Knowing Skull","player_choice":"GOLD GOLD ","floor":19.0,"potions_obtained":[],"gold_loss":0.0,"damage_taken":27.0,"cards_obtained":[]}],"is_beta":false,"boss_relics":[{"not_picked":["Cursed Key","Velvet Choker"],"picked":"FrozenCore"}],"items_purged_floors":[4],"is_endless":false,"potions_floor_spawned":[1,7,13,16,21,23,29],"killed_by":"Automaton","ascension_level":20}