{"gold_per_floor":[109,126,106,117,135,166,166,176,176,176,191,191,206,232,232,232],"floor_reached":16,"playtime":520,"items_purged":[],"score":228,"play_id":"22cd4460-190d-4413-8886-14adf3198e4c","local_time":"20190224200400","is_ascension_mode":true,"campfire_choices":[{"data":"Inflame","floor":7,"key":"SMITH"},{"data":"True Grit","floor":10,"key":"SMITH"},{"data":"Disarm","floor":12,"key":"SMITH"},{"data":"Heavy Blade","floor":15,"key":"SMITH"}],"neow_cost":"NONE","seed_source_timestamp":169295332116103,"circlet_count":0,"master_deck":["AscendersBane","Strike_R","Strike_R","Strike_R","Strike_R","Strike_R","Defend_R","Defend_R","Defend_R","Defend_R","Bash+1","Heavy Blade+1","Inflame+1","Clothesline","True Grit+1","Disarm+1","Whirlwind","Shockwave","Impervious","Shrug It Off"],"relics":["Burning Blood","Oddly Smooth Stone","Question Card","Frozen Egg 2"],"potions_floor_usage":[6,6,14],"damage_taken":[{"damage":6,"enemies":"2 Louse","floor":1,"turns":3},{"damage":1,"enemies":"Cultist","floor":2,"turns":3},{"damage":4,"enemies":"Jaw Worm","floor":4,"turns":4},{"damage":3,"enemies":"Looter","floor":5,"turns":4},{"damage":41,"enemies":"3 Sentries","floor":6,"turns":9},{"damage":6,"enemies":"2 Fungi Beasts","floor":8,"turns":3},{"damage":0,"enemies":"Gremlin Gang","floor":11,"turns":3},{"damage":9,"enemies":"Exordium Thugs","floor":13,"turns":4},{"damage":48,"enemies":"Gremlin Nob","floor":14,"turns":5},{"damage":14,"enemies":"Hexaghost","floor":16,"turns":9}],"seed_played":"8305235807099683975","potions_obtained":[{"floor":2,"key":"Regen Potion"},{"floor":3,"key":"Dexterity Potion"},{"floor":5,"key":"Block Potion"},{"floor":8,"key":"Regen Potion"}],"is_trial":false,"path_per_floor":["M","M","?","M","M","E","R","M","T","R","M","R","M","E","R","B"],"character_chosen":"IRONCLAD","items_purchased":[],"campfire_rested":0,"item_purchase_floors":[],"current_hp_per_floor":[68,73,73,75,75,40,40,40,40,40,46,46,43,15,15,1],"gold":232,"neow_bonus":"UPGRADE_CARD","is_prod":false,"is_daily":false,"chose_seed":false,"campfire_upgraded":4,"win_rate":0,"timestamp":1551056640,"path_taken":["M","M","?","?","M","E","R","M","T","R","M","R","M","E","R","BOSS"],"build_version":"2019-02-06","purchased_purges":0,"victory":false,"max_hp_per_floor":[75,75,75,75,75,75,75,75,75,75,75,75,75,75,75,75],"card_choices":[{"not_picked":["Anger","Clash"],"picked":"Heavy Blade","floor":1},{"not_picked":["Wild Strike","Cleave"],"picked":"Inflame","floor":2},{"not_picked":["Entrench","Clash"],"picked":"Clothesline","floor":4},{"not_picked":["Warcry","Reckless Charge"],"picked":"True Grit","floor":5},{"not_picked":["Fire Breathing","Iron Wave"],"picked":"Disarm","floor":6},{"not_picked":["Pommel Strike","Reckless Charge"],"picked":"Whirlwind","floor":8},{"not_picked":["True Grit","Body Slam","Clothesline"],"picked":"Shockwave","floor":11},{"not_picked":["Power Through","Heavy Blade","Clothesline"],"picked":"Impervious","floor":13},{"not_picked":["Shockwave","Clash","Entrench"],"picked":"Shrug It Off","floor":14}],"player_experience":1002882,"relics_obtained":[{"floor":6,"key":"Oddly Smooth Stone"},{"floor":9,"key":"Question Card"},{"floor":14,"key":"Frozen Egg 2"}],"event_choices":[{"damage_healed":0,"gold_gain":0,"player_choice":"Bought 1 Potion","damage_taken":0,"max_hp_gain":0,"max_hp_loss":0,"event_name":"The Woman in Blue","floor":3,"gold_loss":0}],"is_beta":true,"boss_relics":[],"items_purged_floors":[],"is_endless":false,"potions_floor_spawned":[2,5,8],"killed_by":"Hexaghost","ascension_level":20}