{"gold_per_floor":[112,112,112,126,126,126,51,74,74,74,74,102,114,130,130,201,201,219,219,219,219,231,231,250,278,304,374,374,374,289,316,316,391,391,402,402,267,285,285,285,285,301,326,326,353,353,353],"floor_reached":47,"playtime":1814,"items_purged":["Regret"],"score":1020,"play_id":"f4862b67-06f6-49fb-95f4-a3d2cfa6e10a","local_time":"20190219100449","is_ascension_mode":true,"campfire_choices":[{"data":"Static Discharge","floor":6.0,"key":"SMITH"},{"floor":11.0,"key":"REST"},{"data":"Defragment","floor":15.0,"key":"SMITH"},{"data":"Hologram","floor":23.0,"key":"SMITH"},{"floor":32,"key":"REST"},{"floor":40,"key":"RECALL"},{"data":"1","floor":44,"key":"LIFT"}],"neow_cost":"PERCENT_DAMAGE","seed_source_timestamp":489668819594512,"circlet_count":0,"master_deck":["AscendersBane","Defend_B","Defend_B","Defend_B","Defend_B","Zap+1","Dualcast","Self Repair","Static Discharge+1","Defragment+1","Auto Shields","Undo","Electrodynamics","Hologram+1","Bite","Bite","Bite","Bite","Static Discharge+1","Cold Snap","Loop+1","Compile Driver+1","Biased Cognition","Genetic Algorithm","Compile Driver","Secret Technique","Finesse","Leap+1","Stack+1"],"special_seed":0,"relics":["Cracked Core","Unceasing Top","Gambling Chip","Letter Opener","Odd Mushroom","The Courier","Girya","Art of War","Nuclear Battery","Question Card","Blood Vial","Mummified Hand","Pear","Centennial Puzzle","Sozu","Bronze Scales","Juzu Bracelet"],"potions_floor_usage":[33,47],"damage_taken":[{"damage":4.0,"enemies":"Small Slimes","floor":1.0,"turns":4.0},{"damage":7.0,"enemies":"Jaw Worm","floor":4.0,"turns":3.0},{"damage":2.0,"enemies":"The Mushroom Lair","floor":8.0,"turns":3.0},{"damage":25.0,"enemies":"Lagavulin","floor":12.0,"turns":6.0},{"damage":0.0,"enemies":"2 Louse","floor":13.0,"turns":2.0},{"damage":1.0,"enemies":"Looter","floor":14.0,"turns":4.0},{"damage":24.0,"enemies":"The Guardian","floor":16.0,"turns":9.0},{"damage":19.0,"enemies":"Shell Parasite","floor":18.0,"turns":5.0},{"damage":0.0,"enemies":"Chosen","floor":22.0,"turns":3.0},{"damage":28.0,"enemies":"Snake Plant","floor":24.0,"turns":5.0},{"damage":18.0,"enemies":"Book of Stabbing","floor":25.0,"turns":4.0},{"damage":8,"enemies":"Slavers","floor":31,"turns":2},{"damage":33,"enemies":"Collector","floor":33,"turns":10},{"damage":6,"enemies":"Orb Walker","floor":35,"turns":1},{"damage":0,"enemies":"3 Darklings","floor":38,"turns":2},{"damage":17,"enemies":"Maw","floor":42,"turns":5},{"damage":26,"enemies":"Nemesis","floor":45,"turns":5},{"damage":56,"enemies":"Giant Head","floor":47,"turns":5}],"seed_played":"-6063108777667860693","potions_obtained":[{"floor":1.0,"key":"SkillPotion"},{"floor":8.0,"key":"AttackPotion"},{"floor":13.0,"key":"Block Potion"},{"floor":18.0,"key":"SpeedPotion"},{"floor":31,"key":"FearPotion"},{"floor":33,"key":"Dexterity Potion"}],"is_trial":false,"path_per_floor":["M","?","?","M","?","R","$","?","T","T","R","E","M","M","R","B",null,"M","?","?","?","M","R","M","E","T","T","$","?","?","E","R","B",null,"M","?","$","M","?","R","?","M","T","R","E","?","E"],"character_chosen":"DEFECT","items_purchased":["Bronze Scales"],"campfire_rested":2,"item_purchase_floors":[37],"current_hp_per_floor":[42,16,16,16,16,16,16,14,14,14,35,17,24,30,30,13,57,45,25,25,25,29,29,22,6,6,6,6,6,16,19,37,33,56,57,57,57,63,63,63,53,53,53,53,44,44,0],"gold":353,"neow_bonus":"ONE_RARE_RELIC","is_prod":false,"is_daily":false,"chose_seed":false,"campfire_upgraded":3,"win_rate":0,"timestamp":1550588689,"path_taken":["M","?","?","M","?","R","?","?","T","?","R","E","M","M","R","BOSS","M","?","?","?","?","R","M","E","T","?","$","?","?","E","R","BOSS","M","?","$","M","?","R","?","M","T","R","E","?","E"],"build_version":"2019-02-06","purchased_purges":1,"victory":false,"max_hp_per_floor":[71,71,71,71,71,71,71,71,71,71,71,71,71,71,71,71,71,71,76,53,53,53,53,53,53,53,53,53,53,63,63,63,63,63,63,63,63,63,63,63,63,63,63,63,63,60,60],"card_choices":[{"not_picked":["Beam Cell","Leap"],"picked":"Self Repair","floor":1.0},{"not_picked":["Streamline","Consume"],"picked":"Static Discharge","floor":4.0},{"not_picked":["Ball Lightning","Aggregate"],"picked":"Defragment","floor":8.0},{"not_picked":["All For One","Go for the Eyes"],"picked":"Auto Shields","floor":12.0},{"not_picked":["Compile Driver","Barrage"],"picked":"Undo","floor":13.0},{"not_picked":["Steam","Go for the Eyes","Gash"],"picked":"SKIP","floor":14.0},{"not_picked":["Core Surge","Echo Form"],"picked":"Electrodynamics","floor":16.0},{"not_picked":["Compile Driver","Stack"],"picked":"Hologram","floor":18.0},{"not_picked":["Sweeping Beam","Chill"],"picked":"Static Discharge+1","floor":22.0},{"not_picked":["Lockon","Blizzard"],"picked":"Cold Snap","floor":24.0},{"not_picked":["Rebound","Auto Shields"],"picked":"Loop+1","floor":25.0},{"not_picked":["Tempest","Fission","Barrage"],"picked":"Compile Driver+1","floor":31},{"not_picked":["Meteor Strike","Electrodynamics","All For One"],"picked":"Biased Cognition","floor":33},{"not_picked":["Rebound+1","Heatsinks","Ball Lightning+1"],"picked":"Genetic Algorithm","floor":35},{"not_picked":["Sweeping Beam+1","Hologram","Darkness"],"picked":"Compile Driver","floor":38},{"not_picked":["Swift Strike","PanicButton","Forethought"],"picked":"Secret Technique","floor":41},{"not_picked":["Metamorphosis","Mind Blast","Trip"],"picked":"Finesse","floor":41},{"not_picked":["Conserve Battery","Stack","Steam"],"picked":"Leap+1","floor":42},{"not_picked":["Sweeping Beam","Machine Learning","Streamline"],"picked":"Stack+1","floor":45}],"player_experience":949096,"relics_obtained":[{"floor":8.0,"key":"Odd Mushroom"},{"floor":9.0,"key":"The Courier"},{"floor":10.0,"key":"Girya"},{"floor":12.0,"key":"Art of War"},{"floor":25.0,"key":"Question Card"},{"floor":26.0,"key":"Blood Vial"},{"floor":27.0,"key":"Mummified Hand"},{"floor":31,"key":"Centennial Puzzle"},{"floor":45,"key":"Juzu Bracelet"}],"event_choices":[{"damage_healed":0.0,"max_hp_gain":0.0,"max_hp_loss":0.0,"gold_gain":0.0,"event_name":"Scrap Ooze","player_choice":"Success","floor":2.0,"gold_loss":0.0,"damage_taken":26.0,"relics_obtained":["Gambling Chip"]},{"damage_healed":0.0,"max_hp_gain":0.0,"max_hp_loss":0.0,"gold_gain":0.0,"event_name":"Living Wall","player_choice":"Grow","floor":3.0,"gold_loss":0.0,"damage_taken":0.0,"cards_upgraded":["Zap"]},{"damage_healed":0.0,"max_hp_gain":0.0,"max_hp_loss":0.0,"gold_gain":0.0,"event_name":"Big Fish","player_choice":"Box","floor":5.0,"gold_loss":0.0,"damage_taken":0.0,"relics_obtained":["Letter Opener"],"cards_obtained":["Regret"]},{"damage_healed":0.0,"max_hp_gain":0.0,"max_hp_loss":0.0,"gold_gain":0.0,"event_name":"Mushrooms","player_choice":"Fought Mushrooms","floor":8.0,"gold_loss":0.0,"damage_taken":0.0},{"damage_healed":0.0,"max_hp_gain":5.0,"max_hp_loss":0.0,"gold_gain":0.0,"event_name":"Forgotten Altar","player_choice":"Shed Blood","floor":19.0,"gold_loss":0.0,"damage_taken":25.0},{"damage_healed":0.0,"max_hp_gain":0.0,"max_hp_loss":23.0,"gold_gain":0.0,"event_name":"Vampires","player_choice":"Became a vampire","floor":20.0,"gold_loss":0.0,"damage_taken":0.0,"cards_obtained":["Bite","Bite","Bite","Bite","Bite"]},{"damage_healed":0.0,"max_hp_gain":0.0,"max_hp_loss":0.0,"gold_gain":0.0,"event_name":"N\u0027loth","player_choice":"Ignored","floor":21.0,"gold_loss":0.0,"damage_taken":0.0},{"damage_healed":0.0,"max_hp_gain":0.0,"max_hp_loss":0.0,"gold_gain":0.0,"event_name":"Cursed Tome","player_choice":"Ignored","floor":29.0,"gold_loss":0.0,"damage_taken":0.0},{"damage_healed":0.0,"max_hp_gain":0.0,"max_hp_loss":0.0,"gold_gain":0.0,"event_name":"Addict","player_choice":"Obtained Relic","floor":30.0,"gold_loss":85.0,"damage_taken":0.0,"relics_obtained":["Pear"]},{"damage_healed":0,"gold_gain":0,"player_choice":"Ignored","damage_taken":0,"max_hp_gain":0,"max_hp_loss":0,"event_name":"Tomb of Lord Red Mask","floor":36,"gold_loss":0},{"cards_removed":["Bite"],"damage_healed":0,"gold_gain":0,"player_choice":"Removed Attack","damage_taken":0,"max_hp_gain":0,"max_hp_loss":0,"event_name":"Falling","floor":39,"gold_loss":0},{"damage_healed":0,"gold_gain":0,"player_choice":"Memory 3","damage_taken":10,"max_hp_gain":0,"max_hp_loss":0,"event_name":"SensoryStone","floor":41,"gold_loss":0},{"damage_healed":0,"gold_gain":0,"player_choice":"Max HP","damage_taken":0,"max_hp_gain":0,"max_hp_loss":3,"event_name":"Winding Halls","floor":46,"gold_loss":0}],"is_beta":true,"boss_relics":[{"not_picked":["Eternal Feather","Lizard Tail"],"picked":"Nuclear Battery"},{"not_picked":["Velvet Choker","Snecko Eye"],"picked":"Sozu"}],"items_purged_floors":[7],"is_endless":false,"potions_floor_spawned":[1,8,13,18,31,33],"killed_by":"Giant Head","ascension_level":20}