{"gold_per_floor":[117,117,117,136,136,136,167,186,186,218,232,250,260,279,279,356,356,368,382,382,432,445,445,476,476,476,4,17,17,17,30,30,104,104,115,127,45,45,92,125,125,158,158,168,268,543,558,194,194,194],"floor_reached":51,"playtime":2840,"items_purged":["Strike_B","Regret"],"score":1662,"play_id":"6160e52f-2e35-4e08-983a-294ba9598d6d","local_time":"20190322002657","is_ascension_mode":true,"campfire_choices":[{"data":"Sweeping Beam","floor":6,"key":"SMITH"},{"floor":15,"key":"REST"},{"data":"Zap","floor":23,"key":"SMITH"},{"data":"Biased Cognition","floor":25,"key":"SMITH"},{"data":"Chill","floor":32,"key":"SMITH"},{"data":"Apotheosis","floor":41,"key":"SMITH"},{"data":"Loop","floor":49,"key":"SMITH"}],"neow_cost":"TEN_PERCENT_HP_LOSS","seed_source_timestamp":49100493125205,"circlet_count":0,"master_deck":["AscendersBane","Defend_B","Defend_B","Defend_B","Zap+1","Dualcast","Conserve Battery","Genetic Algorithm","Go for the Eyes","Sweeping Beam+1","Doom and Gloom","Chill+1","Coolheaded","Electrodynamics","Biased Cognition+1","Consume","Core Surge","Apotheosis+1","Self Repair","Defragment+1","Creative AI","Hologram","Capacitor+1","Loop+1"],"relics":["Cracked Core","Singing Bowl","Pear","FossilizedHelix","Coffee Dripper","Mummified Hand","Blue Candle","Membership Card","Orrery","Juzu Bracelet","Torii","Kunai","Ice Cream","Darkstone Periapt","StoneCalendar","Oddly Smooth Stone","Bag of Marbles","PrismaticShard"],"potions_floor_usage":[7,7,10,28,39,40,45,45,50],"damage_taken":[{"damage":16,"enemies":"Small Slimes","floor":1,"turns":4},{"damage":0,"enemies":"2 Louse","floor":4,"turns":3},{"damage":13,"enemies":"Lagavulin","floor":7,"turns":6},{"damage":1,"enemies":"Cultist","floor":8,"turns":4},{"damage":39,"enemies":"Gremlin Nob","floor":10,"turns":4},{"damage":3,"enemies":"Large Slime","floor":11,"turns":5},{"damage":0,"enemies":"Lots of Slimes","floor":12,"turns":2},{"damage":0,"enemies":"Exordium Wildlife","floor":13,"turns":2},{"damage":0,"enemies":"Red Slaver","floor":14,"turns":3},{"damage":43,"enemies":"Slime Boss","floor":16,"turns":9},{"damage":0,"enemies":"Shell Parasite","floor":18,"turns":5},{"damage":11,"enemies":"2 Thieves","floor":19,"turns":3},{"damage":0,"enemies":"Chosen and Byrds","floor":22,"turns":3},{"damage":11,"enemies":"Gremlin Leader","floor":24,"turns":5},{"damage":26,"enemies":"Snake Plant","floor":28,"turns":3},{"damage":0,"enemies":"3 Cultists","floor":31,"turns":3},{"damage":0,"enemies":"Collector","floor":33,"turns":11},{"damage":5,"enemies":"Orb Walker","floor":35,"turns":4},{"damage":0,"enemies":"3 Shapes","floor":36,"turns":4},{"damage":20,"enemies":"2 Orb Walkers","floor":39,"turns":4},{"damage":19,"enemies":"Nemesis","floor":40,"turns":9},{"damage":35,"enemies":"Reptomancer","floor":42,"turns":7},{"damage":0,"enemies":"Writhing Mass","floor":44,"turns":5},{"damage":12,"enemies":"Mind Bloom Boss Battle","floor":45,"turns":6},{"damage":1,"enemies":"Sphere and 2 Shapes","floor":47,"turns":5},{"damage":2,"enemies":"Time Eater","floor":50,"turns":9}],"seed_played":"3324550015227525331","potions_obtained":[{"floor":1,"key":"Strength Potion"},{"floor":4,"key":"Regen Potion"},{"floor":8,"key":"Poison Potion"},{"floor":18,"key":"FearPotion"},{"floor":19,"key":"Regen Potion"},{"floor":33,"key":"FocusPotion"},{"floor":36,"key":"Regen Potion"},{"floor":39,"key":"Block Potion"},{"floor":42,"key":"Explosive Potion"},{"floor":45,"key":"SteroidPotion"},{"floor":47,"key":"Swift Potion"}],"is_trial":false,"path_per_floor":["M","?","?","M","?","R","E","M","T","E","M","M","M","M","R","B",null,"M","M","$","?","M","R","E","R","T","$","M","?","$","M","R","B",null,"M","M","$","?","?","E","R","E","T","M","?","?","M","$","R","B",null],"character_chosen":"DEFECT","items_purchased":["Membership Card","Core Surge","Apotheosis","Self Repair","Juzu Bracelet","Oddly Smooth Stone","Bag of Marbles","PrismaticShard","Loop"],"campfire_rested":1,"item_purchase_floors":[27,27,27,27,37,48,48,48,48],"current_hp_per_floor":[48,48,48,48,48,48,49,48,58,19,18,18,20,22,46,3,61,63,54,54,54,56,56,45,45,45,45,35,35,35,42,42,49,85,89,98,98,98,90,80,80,54,54,66,78,84,92,92,92,100],"gold":194,"neow_bonus":"REMOVE_TWO","is_prod":false,"is_daily":false,"chose_seed":false,"campfire_upgraded":6,"win_rate":0,"timestamp":1553228817,"path_taken":["M","?","?","?","?","R","E","M","T","E","M","M","?","M","R","BOSS","M","M","$","?","?","R","E","R","T","$","?","?","?","?","R","BOSS","M","M","$","?","?","E","R","E","T","M","?","?","M","$","R","BOSS"],"build_version":"2019-03-15","purchased_purges":2,"victory":true,"max_hp_per_floor":[64,64,64,64,64,64,64,64,74,74,76,76,78,80,80,80,80,82,84,84,84,86,86,86,86,86,86,86,86,86,86,86,86,94,96,98,98,98,100,102,102,104,104,106,106,112,114,114,114,114],"card_choices":[{"not_picked":["Tempest","Coolheaded"],"picked":"Conserve Battery","floor":1},{"not_picked":["Gash","Barrage"],"picked":"Sweeping Beam","floor":4},{"not_picked":["Chill","Blizzard"],"picked":"Doom and Gloom","floor":7},{"not_picked":["Conserve Battery","Streamline"],"picked":"Chill","floor":8},{"not_picked":["Steam Power","Sunder"],"picked":"Coolheaded","floor":10},{"not_picked":["Coolheaded","Turbo","Hologram"],"picked":"Singing Bowl","floor":11},{"not_picked":["Go for the Eyes","Blizzard"],"picked":"Electrodynamics","floor":12},{"not_picked":["Turbo","Redo","Aggregate"],"picked":"Singing Bowl","floor":13},{"not_picked":["Static Discharge","Gash","Go for the Eyes"],"picked":"Singing Bowl","floor":14},{"not_picked":["Thunder Strike","Electrodynamics"],"picked":"Biased Cognition","floor":16},{"not_picked":["Darkness","Aggregate","Beam Cell"],"picked":"Singing Bowl","floor":18},{"not_picked":["Conserve Battery","Scrape+1","Ball Lightning"],"picked":"Singing Bowl","floor":19},{"not_picked":["Barrage","Leap","Gash"],"picked":"Singing Bowl","floor":22},{"not_picked":["Hello World+1","Rebound"],"picked":"Consume","floor":24},{"not_picked":["Turbo","Gash"],"picked":"Defragment+1","floor":28},{"not_picked":["Redo","Self Repair"],"picked":"Cold Snap+1","floor":31},{"not_picked":["Machine Learning","Hyperbeam"],"picked":"Creative AI","floor":33},{"not_picked":["Reprogram","Hello World","Genetic Algorithm"],"picked":"Singing Bowl","floor":34},{"not_picked":["Barrage","Coolheaded","Defragment"],"picked":"Singing Bowl","floor":34},{"not_picked":["Go for the Eyes","Steam+1","Reprogram"],"picked":"Singing Bowl","floor":34},{"not_picked":["Go for the Eyes","Redo","Darkness"],"picked":"Singing Bowl","floor":34},{"not_picked":["Reprogram","Beam Cell"],"picked":"Hologram","floor":34},{"not_picked":["Steam","Tempest+1","All For One"],"picked":"Singing Bowl","floor":35},{"not_picked":["Conserve Battery","Self Repair","Blizzard"],"picked":"Singing Bowl","floor":36},{"not_picked":["Steam","Conserve Battery","Stack"],"picked":"Singing Bowl","floor":39},{"not_picked":["Heatsinks","Steam Power","Defragment"],"picked":"Singing Bowl","floor":40},{"not_picked":["Hologram","Fusion","Ball Lightning"],"picked":"Singing Bowl","floor":42},{"not_picked":["Cold Snap","Sunder+1","Streamline"],"picked":"Singing Bowl","floor":44},{"not_picked":["Meteor Strike","Melter+1"],"picked":"Capacitor+1","floor":45},{"not_picked":["Go for the Eyes","Leap","Ball Lightning"],"picked":"Singing Bowl","floor":47}],"player_experience":602441,"relics_obtained":[{"floor":7,"key":"Singing Bowl"},{"floor":9,"key":"Pear"},{"floor":10,"key":"FossilizedHelix"},{"floor":24,"key":"Mummified Hand"},{"floor":26,"key":"Blue Candle"},{"floor":39,"key":"Torii"},{"floor":40,"key":"Kunai"},{"floor":42,"key":"Ice Cream"},{"floor":43,"key":"Darkstone Periapt"},{"floor":45,"key":"StoneCalendar"}],"event_choices":[{"damage_healed":0,"gold_gain":0,"cards_transformed":["Strike_B"],"player_choice":"Change","damage_taken":0,"max_hp_gain":0,"max_hp_loss":0,"event_name":"Living Wall","floor":2,"gold_loss":0,"cards_obtained":["Genetic Algorithm"]},{"damage_healed":0,"gold_gain":0,"player_choice":"1 cards matched","damage_taken":0,"max_hp_gain":0,"max_hp_loss":0,"event_name":"Match and Keep!","floor":3,"gold_loss":0,"cards_obtained":["Go for the Eyes"]},{"cards_removed":["Defend_B"],"damage_healed":0,"gold_gain":0,"player_choice":"Offered Basic","damage_taken":0,"max_hp_gain":0,"max_hp_loss":0,"event_name":"Bonfire Elementals","floor":5,"gold_loss":0},{"damage_healed":0,"gold_gain":100,"player_choice":"Bet on Murderer","damage_taken":0,"max_hp_gain":0,"max_hp_loss":0,"event_name":"The Joust","floor":21,"gold_loss":50},{"damage_healed":0,"gold_gain":0,"player_choice":"Ignored","damage_taken":0,"max_hp_gain":0,"max_hp_loss":0,"event_name":"N\u0027loth","floor":29,"gold_loss":0},{"cards_removed":["Cold Snap"],"damage_healed":0,"gold_gain":0,"player_choice":"Removed Attack","damage_taken":0,"max_hp_gain":0,"max_hp_loss":0,"event_name":"Falling","floor":38,"gold_loss":0},{"damage_healed":0,"gold_gain":0,"player_choice":"Fight","damage_taken":0,"max_hp_gain":0,"max_hp_loss":0,"event_name":"Mysterious Sphere","floor":39,"gold_loss":0},{"damage_healed":0,"gold_gain":0,"player_choice":"Fight","damage_taken":0,"max_hp_gain":0,"max_hp_loss":0,"event_name":"MindBloom","floor":45,"gold_loss":0},{"damage_healed":0,"gold_gain":275,"player_choice":"Desecrate","damage_taken":0,"max_hp_gain":0,"max_hp_loss":0,"event_name":"Golden Shrine","floor":46,"gold_loss":0,"cards_obtained":["Regret"]}],"is_beta":true,"boss_relics":[{"not_picked":["Tiny House","Runic Pyramid"],"picked":"Coffee Dripper"},{"not_picked":["Lizard Tail","Philosopher\u0027s Stone"],"picked":"Orrery"}],"items_purged_floors":[27,48],"is_endless":false,"potions_floor_spawned":[1,4,8,18,19,24,33,36,39,42,44,45,47],"ascension_level":19}