{"gold_per_floor":[217,217,227,36,48,73,21,36,62,62,80,80,80,96,96,96],"floor_reached":16,"playtime":600,"items_purged":[],"score":107,"play_id":"f56f44e5-56b2-4206-ba7a-26f2864b273f","local_time":"20190228041258","is_ascension_mode":true,"campfire_choices":[{"data":"Noxious Fumes","floor":12,"key":"SMITH"},{"floor":15,"key":"REST"}],"neow_cost":"NONE","seed_source_timestamp":649110125319968,"circlet_count":0,"master_deck":["Defend_G+1","Defend_G","Defend_G","Defend_G+1","Defend_G","Strike_G","Strike_G","Strike_G","Strike_G","Strike_G","Survivor","Neutralize","Backflip","Dash","Slice","Finisher","Noxious Fumes+1","Bane"],"relics":["Ring of the Snake","HandDrill","PreservedInsect","Snake Skull","Art of War"],"potions_floor_usage":[11,11,16],"damage_taken":[{"damage":0,"enemies":"Small Slimes","floor":1,"turns":3},{"damage":3,"enemies":"2 Louse","floor":3,"turns":3},{"damage":0,"enemies":"Jaw Worm","floor":5,"turns":4},{"damage":28,"enemies":"3 Sentries","floor":6,"turns":17},{"damage":13,"enemies":"Lots of Slimes","floor":8,"turns":6},{"damage":0,"enemies":"Gremlin Gang","floor":11,"turns":6},{"damage":1,"enemies":"Blue Slaver","floor":14,"turns":4},{"damage":29,"enemies":"The Guardian","floor":16,"turns":4}],"seed_played":"6917070823988922891","potions_obtained":[{"floor":5,"key":"Strength Potion"},{"floor":8,"key":"Regen Potion"},{"floor":11,"key":"SpeedPotion"}],"is_trial":false,"path_per_floor":["M","?","M","$","M","E","$","M","T","?","M","R","?","M","R","B"],"character_chosen":"THE_SILENT","items_purchased":["HandDrill","Slice"],"campfire_rested":1,"item_purchase_floors":[4,7],"current_hp_per_floor":[70,75,72,72,72,44,44,31,31,16,31,31,6,5,27,0],"gold":96,"neow_bonus":"HUNDRED_GOLD","is_prod":false,"is_daily":false,"chose_seed":false,"campfire_upgraded":1,"win_rate":0,"timestamp":1551355978,"path_taken":["M","?","M","$","M","E","$","M","T","?","M","R","?","M","R","BOSS"],"build_version":"2019-01-23","purchased_purges":0,"victory":false,"max_hp_per_floor":[70,75,75,75,75,75,75,75,75,75,75,75,75,75,75,75],"card_choices":[{"not_picked":["PiercingWail","Sucker Punch"],"picked":"Backflip","floor":1},{"not_picked":["Deflect","Predator","Prepared"],"picked":"SKIP","floor":3},{"not_picked":["Bane","Flying Knee"],"picked":"Dash","floor":5},{"not_picked":["Phantasmal Killer","Outmaneuver","Concentrate"],"picked":"SKIP","floor":6},{"not_picked":["Blur","Outmaneuver"],"picked":"Finisher","floor":8},{"not_picked":["Acrobatics","Slice"],"picked":"Noxious Fumes","floor":11},{"not_picked":["Concentrate","Flying Knee"],"picked":"Bane","floor":14}],"player_experience":287319,"relics_obtained":[{"floor":6,"key":"PreservedInsect"},{"floor":9,"key":"Snake Skull"}],"event_choices":[{"damage_healed":0,"gold_gain":0,"player_choice":"Donut","damage_taken":0,"max_hp_gain":5,"max_hp_loss":0,"event_name":"Big Fish","floor":2,"gold_loss":0},{"damage_healed":0,"gold_gain":0,"player_choice":"Entered Light","damage_taken":15,"max_hp_gain":0,"max_hp_loss":0,"event_name":"Shining Light","floor":10,"gold_loss":0,"cards_upgraded":["Defend_G","Defend_G"]},{"damage_healed":0,"gold_gain":0,"player_choice":"Success","damage_taken":25,"relics_obtained":["Art of War"],"max_hp_gain":0,"max_hp_loss":0,"event_name":"Scrap Ooze","floor":13,"gold_loss":0}],"is_beta":false,"boss_relics":[],"items_purged_floors":[],"is_endless":false,"potions_floor_spawned":[5,8,11],"killed_by":"The Guardian","ascension_level":1}