{"path_per_floor":["M","M","?","?","M","R","$","R","T","M","M","M","M","M","R","B",null,"M","?"],"character_chosen":"THE_SILENT","items_purchased":["Backstab"],"gold_per_floor":[109,127,127,127,148,148,74,74,148,169,188,209,232,256,256,377,377,398,398,398],"floor_reached":20,"campfire_rested":0,"playtime":799,"current_hp_per_floor":[63,62,48,48,41,41,41,41,41,36,47,47,41,41,41,41,77,44,28,0],"items_purged":[],"gold":398,"score":268,"play_id":"83d671cf-20eb-441f-a762-a26fbb8b2087","local_time":"20180330065358","is_prod":false,"is_daily":false,"is_ascension_mode":false,"campfire_upgraded":3,"timestamp":1522418038,"path_taken":["M","M","?","?","M","R","$","R","T","M","M","M","M","M","R","BOSS","M","?","M"],"build_version":"2018-03-29v2","purchased_purges":0,"victory":false,"master_deck":["Defend_G+1","Defend_G","Defend_G","Defend_G","Defend_G","Strike_G","Strike_G","Strike_G","Strike_G","Strike_G","Survivor","Neutralize+1","Slice+1","Escape Plan","Injury","Cloak And Dagger","Backstab+1","Poisoned Stab","Flying Knee","Quick Slash","Cloak And Dagger","Accuracy+1","Tactician","Normality","Regret","Normality","Deadly Poison+1","Necronomicurse"],"max_hp_per_floor":[70,70,70,70,70,70,70,70,70,70,70,70,70,70,70,70,77,77,77,77],"relics":["Ring of the Snake","Golden Idol","Meat on the Bone","Calling Bell","Strawberry","Happy Flower","Matryoshka","Necronomicon"],"card_choices":[{"not_picked":["Cloak And Dagger","Crippling Poison"],"picked":"Slice","floor":1},{"not_picked":["Poisoned Stab","Eviscerate"],"picked":"Escape Plan","floor":2},{"not_picked":["Expertise","Doppelganger"],"picked":"Cloak And Dagger","floor":5},{"not_picked":["Blur","Prepared"],"picked":"Poisoned Stab","floor":10},{"not_picked":["Acrobatics","Dagger Spray"],"picked":"Flying Knee","floor":11},{"not_picked":["Reflex","Acrobatics"],"picked":"Quick Slash","floor":12},{"not_picked":["Backflip","Deflect"],"picked":"Cloak And Dagger","floor":13},{"not_picked":["Flying Knee","Outmaneuver"],"picked":"Accuracy","floor":14},{"not_picked":["Corpse Explosion","Night Terror"],"picked":"Tactician","floor":16},{"not_picked":["Dagger Throw","Catalyst"],"picked":"Deadly Poison","floor":18}],"player_experience":50826,"potions_floor_usage":[16,16,18,18],"damage_taken":[{"damage":7,"enemies":"Small Slimes","floor":1,"turns":4},{"damage":1,"enemies":"Jaw Worm","floor":2,"turns":5},{"damage":7,"enemies":"2 Louse","floor":5,"turns":3},{"damage":5,"enemies":"Gremlin Gang","floor":10,"turns":4},{"damage":1,"enemies":"Large Slime","floor":11,"turns":6},{"damage":0,"enemies":"Blue Slaver","floor":12,"turns":3},{"damage":6,"enemies":"3 Louse","floor":13,"turns":3},{"damage":0,"enemies":"Looter","floor":14,"turns":3},{"damage":15,"enemies":"Hexaghost","floor":16,"turns":10},{"damage":45,"enemies":"Chosen","floor":18,"turns":10},{"damage":29,"enemies":"Spheric Guardian","floor":20,"turns":3}],"event_choices":[{"event_name":"Shining Light","player_choice":"Entered Light","floor":3,"damage_taken":0},{"event_name":"Golden Idol","player_choice":"Take Wound","floor":4,"damage_taken":0},{"event_name":"Cursed Tome","player_choice":"Obtained Book","floor":19,"damage_taken":0}],"boss_relics":[{"not_picked":["Snecko Eye","Black Star"],"picked":"Calling Bell"}],"potions_floor_spawned":[2,11,12,14,16,18],"seed_played":"1313276841233399776","killed_by":"Spheric Guardian","ascension_level":0,"is_trial":false}