{"gold_per_floor":[119,119,21,37,37,64,64,64,64,75,95,114,114,129,129,232,232,242,18,37,37,48,48,61,77,103,3,17,17,17],"floor_reached":30,"playtime":774,"items_purged":["Strike_R","Strike_R"],"score":284,"play_id":"61ebe86b-1045-4799-9482-c1b2cef5f25f","local_time":"20190129051841","is_ascension_mode":false,"campfire_choices":[{"data":"Heavy Blade","floor":8,"key":"SMITH"},{"data":"Flex","floor":13,"key":"SMITH"},{"data":"Inflame","floor":15,"key":"SMITH"},{"data":"Limit Break","floor":23,"key":"SMITH"}],"neow_cost":"NONE","seed_source_timestamp":166621480054858,"circlet_count":0,"master_deck":["Strike_R+1","Strike_R+1","Strike_R+1","Defend_R+1","Defend_R+1","Defend_R+1","Bash","Heavy Blade+1","Searing Blow","Flex+1","Inflame+1","Limit Break+1","Inflame","Flex","Limit Break","Flex+1"],"relics":["Burning Blood","NeowsBlessing","Boot","Ornamental Fan","Lizard Tail","Vajra","Pen Nib"],"potions_floor_usage":[16,16,16,25,25],"damage_taken":[{"damage":0,"enemies":"2 Louse","floor":1,"turns":1},{"damage":0,"enemies":"Cultist","floor":4,"turns":1},{"damage":0,"enemies":"Gremlin Nob","floor":6,"turns":1},{"damage":0,"enemies":"Small Slimes","floor":10,"turns":3},{"damage":10,"enemies":"2 Fungi Beasts","floor":11,"turns":4},{"damage":11,"enemies":"Blue Slaver","floor":12,"turns":4},{"damage":26,"enemies":"Lots of Slimes","floor":14,"turns":4},{"damage":50,"enemies":"Slime Boss","floor":16,"turns":10},{"damage":10,"enemies":"Chosen","floor":18,"turns":3},{"damage":24,"enemies":"Shell Parasite","floor":20,"turns":3},{"damage":25,"enemies":"Snecko","floor":22,"turns":4},{"damage":21,"enemies":"Cultist and Chosen","floor":24,"turns":5},{"damage":11,"enemies":"Centurion and Healer","floor":25,"turns":5},{"damage":55,"enemies":"Chosen and Byrds","floor":28,"turns":5},{"damage":19,"enemies":"Snake Plant","floor":30,"turns":2}],"seed_played":"-3472893619872255874","potions_obtained":[{"floor":6,"key":"Poison Potion"},{"floor":10,"key":"EssenceOfSteel"},{"floor":11,"key":"Energy Potion"},{"floor":22,"key":"Fire Potion"},{"floor":24,"key":"EssenceOfSteel"},{"floor":28,"key":"Swift Potion"}],"is_trial":false,"path_per_floor":["M","?","$","M","?","E","$","R","T","M","M","M","R","M","R","B",null,"M","$","M","?","M","R","M","M","T","$","M","?","M"],"character_chosen":"IRONCLAD","items_purchased":["Heavy Blade","Inflame","Vajra"],"campfire_rested":0,"item_purchase_floors":[3,19,19],"current_hp_per_floor":[80,80,80,80,80,80,80,80,80,80,76,71,71,51,51,7,80,76,76,58,58,39,39,24,19,19,19,19,19,0],"gold":17,"neow_bonus":"THREE_ENEMY_KILL","is_prod":false,"is_daily":false,"chose_seed":false,"campfire_upgraded":4,"win_rate":0,"timestamp":1548767921,"path_taken":["M","?","?","M","?","E","$","R","T","M","?","M","R","M","R","BOSS","M","$","M","?","M","R","M","M","T","$","M","?","M"],"build_version":"2019-01-23","purchased_purges":2,"victory":false,"max_hp_per_floor":[80,80,80,80,80,80,80,80,80,80,80,80,80,80,80,80,80,80,80,80,80,80,80,80,80,80,80,80,80,80],"card_choices":[{"not_picked":["Clash","Perfected Strike","Headbutt"],"picked":"SKIP","floor":1},{"not_picked":["Perfected Strike","Clash","Entrench"],"picked":"SKIP","floor":4},{"not_picked":["Body Slam","Reckless Charge"],"picked":"Searing Blow","floor":6},{"not_picked":["Metallicize","Entrench","Rupture"],"picked":"SKIP","floor":10},{"not_picked":["Havoc","Seeing Red"],"picked":"Flex","floor":11},{"not_picked":["Warcry","Thunderclap","Power Through"],"picked":"SKIP","floor":12},{"not_picked":["Sword Boomerang","Pommel Strike"],"picked":"Inflame","floor":14},{"not_picked":["Impervious","Demon Form"],"picked":"Limit Break","floor":16},{"not_picked":["True Grit","Infernal Blade","Sword Boomerang"],"picked":"SKIP","floor":18},{"not_picked":["Twin Strike","Clash"],"picked":"Flex","floor":20},{"not_picked":["Hemokinesis","Metallicize","Barricade"],"picked":"SKIP","floor":22},{"not_picked":["Twin Strike","Dual Wield","Clash"],"picked":"SKIP","floor":24},{"not_picked":["Iron Wave","Perfected Strike"],"picked":"Limit Break","floor":25},{"not_picked":["Twin Strike","Clash"],"picked":"Flex+1","floor":28}],"player_experience":219401,"relics_obtained":[{"floor":6,"key":"Boot"},{"floor":9,"key":"Ornamental Fan"},{"floor":26,"key":"Pen Nib"}],"event_choices":[{"damage_healed":0,"gold_gain":0,"player_choice":"Bought 0 Potions","damage_taken":0,"max_hp_gain":0,"max_hp_loss":0,"event_name":"The Woman in Blue","floor":2,"gold_loss":0},{"cards_removed":["Defend_R"],"damage_healed":0,"gold_gain":0,"player_choice":"Purged","damage_taken":0,"max_hp_gain":0,"max_hp_loss":0,"event_name":"Purifier","floor":5,"gold_loss":0},{"damage_healed":0,"gold_gain":0,"player_choice":"Ignored","damage_taken":0,"max_hp_gain":0,"max_hp_loss":0,"event_name":"Ghosts","floor":21,"gold_loss":0},{"damage_healed":0,"gold_gain":0,"player_choice":"Simplicity","damage_taken":0,"max_hp_gain":0,"max_hp_loss":0,"event_name":"Back to Basics","floor":29,"gold_loss":0,"cards_upgraded":["Strike_R","Strike_R","Strike_R","Defend_R","Defend_R","Defend_R"]}],"is_beta":false,"boss_relics":[{"not_picked":["Orrery","Calling Bell"],"picked":"Lizard Tail"}],"items_purged_floors":[3,27],"is_endless":false,"potions_floor_spawned":[6,10,11,22,24,28],"killed_by":"Snake Plant","ascension_level":0}