{"gold_per_floor":[116,116,41,41,64,76,106,150,238,250,262,274,319,344,356,446,458,482,769,386,386,402,431,431,465,465,499,499,599,619,633,633,709,709,721,996,440,440,450,450,3,30,30,40,53,81,100,111,111,111,111,111,111,111],"floor_reached":54,"playtime":2668,"items_purged":["Regret","Regret","Strike_B","Regret"],"score":1427,"play_id":"265eb306-a135-4585-aac6-3722c92b7e11","local_time":"20181030235157","is_ascension_mode":true,"campfire_choices":[{"data":"Zap","floor":6.0,"key":"SMITH"},{"floor":10.0,"key":"REST"},{"data":"Dualcast","floor":12.0,"key":"SMITH"},{"data":"Defragment","floor":15.0,"key":"SMITH"},{"floor":24.0,"key":"REST"},{"floor":28.0,"key":"REST"},{"floor":32,"key":"REST"},{"floor":40,"key":"RECALL"},{"floor":49,"key":"REST"},{"data":"Hologram","floor":52,"key":"SMITH"}],"neow_cost":"NONE","seed_source_timestamp":50352179478600,"circlet_count":0,"master_deck":["Strike_B","Strike_B","Strike_B","Defend_B","Defend_B","Defend_B","Defend_B","Zap+1","Dualcast+1","AscendersBane","Electrodynamics","Hologram+1","Glacier","Cold Snap","Genetic Algorithm","Defragment+1","Chill","Multi-Cast","Biased Cognition","Glacier","Blizzard","Cold Snap+1","Conserve Battery","Melter","Cold Snap","Core Surge","Conserve Battery","Stack+1","Loop+1","Capacitor+1","Coolheaded","Echo Form+1","Barrage"],"special_seed":0,"relics":["Cracked Core","Boot","MawBank","Blue Candle","Emotion Chip","Sozu","ClockworkSouvenir","Frozen Egg 2","Ornamental Fan","Pantograph","Kunai","Du-Vu Doll","Dodecahedron","Runic Pyramid","Bottled Tornado","Orichalcum","OrangePellets","Peace Pipe","Question Card","Pocketwatch"],"potions_floor_usage":[],"damage_taken":[{"damage":7.0,"enemies":"Jaw Worm","floor":1.0,"turns":3.0},{"damage":10.0,"enemies":"Small Slimes","floor":5.0,"turns":4.0},{"damage":0.0,"enemies":"2 Louse","floor":7.0,"turns":1.0},{"damage":5.0,"enemies":"3 Sentries","floor":8.0,"turns":2.0},{"damage":26.0,"enemies":"Gremlin Nob","floor":13.0,"turns":4.0},{"damage":0.0,"enemies":"Blue Slaver","floor":14.0,"turns":4.0},{"damage":5.0,"enemies":"The Guardian","floor":16.0,"turns":12.0},{"damage":11.0,"enemies":"3 Byrds","floor":18.0,"turns":4.0},{"damage":0.0,"enemies":"Spheric Guardian","floor":22.0,"turns":7.0},{"damage":33.0,"enemies":"Book of Stabbing","floor":23.0,"turns":7.0},{"damage":18.0,"enemies":"Slavers","floor":25.0,"turns":2.0},{"damage":8.0,"enemies":"Book of Stabbing","floor":27.0,"turns":6.0},{"damage":5,"enemies":"Colosseum Slavers","floor":29,"turns":3},{"damage":22,"enemies":"Colosseum Nobs","floor":29,"turns":5},{"damage":0,"enemies":"Chosen and Byrds","floor":30,"turns":7},{"damage":0,"enemies":"Centurion and Healer","floor":31,"turns":6},{"damage":14,"enemies":"Collector","floor":33,"turns":12},{"damage":1,"enemies":"3 Shapes","floor":35,"turns":3},{"damage":0,"enemies":"Orb Walker","floor":39,"turns":4},{"damage":49,"enemies":"Reptomancer","floor":42,"turns":9},{"damage":0,"enemies":"4 Shapes","floor":44,"turns":6},{"damage":0,"enemies":"Maw","floor":45,"turns":9},{"damage":7,"enemies":"Giant Head","floor":46,"turns":12},{"damage":0,"enemies":"Sphere and 2 Shapes","floor":47,"turns":6},{"damage":0,"enemies":"3 Darklings","floor":48,"turns":2},{"damage":18,"enemies":"Donu and Deca","floor":50,"turns":13},{"damage":65,"enemies":"Shield and Spear","floor":54,"turns":5}],"seed_played":"-6615947469570340468","potions_obtained":[{"floor":11.0,"key":"SneckoOil"},{"floor":11.0,"key":"Energy Potion"},{"floor":13.0,"key":"EntropicBrew"},{"floor":14.0,"key":"Poison Potion"},{"floor":16.0,"key":"LiquidBronze"}],"is_trial":false,"path_per_floor":["M","?","$","?","M","R","M","E","T","R","?","R","E","M","R","B",null,"M","?","$","?","M","E","R","E","T","E","R","?","M","M","R","B",null,"M","?","$","?","M","R","$","E","T","M","M","E","M","M","R","B",null,"R","$"],"character_chosen":"DEFECT","items_purchased":["ClockworkSouvenir","Biased Cognition","Bottled Tornado","Orichalcum","OrangePellets","Loop+1"],"campfire_rested":5,"item_purchase_floors":[20,20,37,37,41,41],"current_hp_per_floor":[57,57,57,46,36,36,36,31,31,52,52,52,26,26,26,21,59,48,48,48,48,48,15,36,18,18,10,31,4,4,4,25,36,62,61,61,61,61,61,61,61,12,12,12,12,5,5,5,25,32,58,58,58,0],"gold":111,"neow_bonus":"ONE_RANDOM_RARE_CARD","is_prod":false,"is_daily":false,"chose_seed":false,"campfire_upgraded":4,"win_rate":0,"timestamp":1540957917,"path_taken":["M","?","$","?","M","R","M","E","T","R","?","R","E","M","R","BOSS","M","?","$","?","M","E","R","E","T","E","R","?","?","M","R","BOSS","M","?","$","?","M","R","$","E","T","M","M","E","M","?","R","BOSS","R","$","E"],"build_version":"2018-10-29v2","purchased_purges":4,"victory":false,"max_hp_per_floor":[71,71,71,71,71,71,71,71,71,71,71,71,71,71,71,71,71,71,71,71,71,71,71,71,71,71,71,71,71,71,71,71,71,71,71,71,71,67,67,67,67,67,67,67,67,67,67,67,67,67,67,67,67,67],"card_choices":[{"not_picked":["Steam Power","Cold Snap"],"picked":"Hologram","floor":1.0},{"not_picked":["Turbo","Redo"],"picked":"Glacier","floor":5.0},{"not_picked":["Barrage","Beam Cell"],"picked":"Cold Snap","floor":7.0},{"not_picked":["Turbo","Auto Shields"],"picked":"Genetic Algorithm","floor":8.0},{"not_picked":["Leap","Multi-Cast"],"picked":"Defragment","floor":13.0},{"not_picked":["Gash","Scrape"],"picked":"Chill","floor":14.0},{"not_picked":["Machine Learning","Fission"],"picked":"Multi-Cast","floor":16.0},{"not_picked":["Heatsinks","Recycle","Rebound"],"picked":"SKIP","floor":18.0},{"not_picked":["Ball Lightning","Turbo"],"picked":"Blizzard","floor":22.0},{"not_picked":["Conserve Battery","Auto Shields"],"picked":"Cold Snap+1","floor":23.0},{"not_picked":["Amplify","Beam Cell+1","Double Energy"],"picked":"SKIP","floor":25.0},{"not_picked":["Storm+1","Recycle"],"picked":"Conserve Battery","floor":27.0},{"not_picked":["Turbo","Barrage"],"picked":"Melter","floor":30},{"not_picked":["Go for the Eyes","Leap"],"picked":"Cold Snap","floor":31},{"not_picked":["Hyperbeam","Multi-Cast"],"picked":"Core Surge","floor":33},{"not_picked":["Fusion","Compile Driver+1"],"picked":"Conserve Battery","floor":35},{"not_picked":["Storm+1","Force Field"],"picked":"Stack+1","floor":39},{"not_picked":["Storm+1","Multi-Cast","Thunder Strike"],"picked":"SKIP","floor":42},{"not_picked":["Blizzard","Go for the Eyes+1","Tempest"],"picked":"Capacitor+1","floor":44},{"not_picked":["Barrage","Compile Driver","Blizzard","Stack"],"picked":"SKIP","floor":45},{"not_picked":["Barrage","Compile Driver","Blizzard","Stack"],"picked":"SKIP","floor":45},{"not_picked":["Seek","Double Energy","Gash"],"picked":"Coolheaded","floor":46},{"not_picked":["Darkness+1","Compile Driver","Barrage"],"picked":"Echo Form+1","floor":47},{"not_picked":["BootSequence+1","Rebound","Genetic Algorithm+1"],"picked":"Barrage","floor":48}],"player_experience":793708,"relics_obtained":[{"floor":8.0,"key":"Blue Candle"},{"floor":13.0,"key":"Emotion Chip"},{"floor":23.0,"key":"Frozen Egg 2"},{"floor":25.0,"key":"Ornamental Fan"},{"floor":26.0,"key":"Pantograph"},{"floor":27.0,"key":"Kunai"},{"floor":29,"key":"Du-Vu Doll"},{"floor":29,"key":"Dodecahedron"},{"floor":42,"key":"Peace Pipe"},{"floor":43,"key":"Question Card"},{"floor":46,"key":"Pocketwatch"}],"event_choices":[{"damage_healed":0.0,"max_hp_gain":0.0,"max_hp_loss":0.0,"gold_gain":0.0,"event_name":"Big Fish","player_choice":"Box","floor":2.0,"gold_loss":0.0,"damage_taken":0.0,"relics_obtained":["Boot"],"cards_obtained":["Regret"]},{"damage_healed":0.0,"max_hp_gain":0.0,"max_hp_loss":0.0,"gold_gain":0.0,"event_name":"Scrap Ooze","player_choice":"Success","floor":4.0,"gold_loss":0.0,"damage_taken":11.0,"relics_obtained":["MawBank"]},{"damage_healed":0.0,"max_hp_gain":0.0,"max_hp_loss":0.0,"gold_gain":0.0,"event_name":"The Lab","player_choice":"Got Potions","floor":11.0,"gold_loss":0.0,"damage_taken":0.0},{"damage_healed":0.0,"max_hp_gain":0.0,"max_hp_loss":0.0,"gold_gain":275.0,"event_name":"Golden Shrine","player_choice":"Desecrate","floor":19.0,"gold_loss":0.0,"damage_taken":0.0,"cards_obtained":["Regret"]},{"damage_healed":0.0,"max_hp_gain":0.0,"max_hp_loss":0.0,"gold_gain":0.0,"event_name":"Duplicator","player_choice":"Copied","floor":21.0,"gold_loss":0.0,"damage_taken":0.0,"cards_obtained":["Glacier"]},{"damage_healed":0,"gold_gain":0,"player_choice":"Fight","damage_taken":0,"max_hp_gain":0,"max_hp_loss":0,"event_name":"Colosseum","floor":29,"gold_loss":0},{"damage_healed":0,"gold_gain":0,"player_choice":"Fought Nobs","damage_taken":0,"max_hp_gain":0,"max_hp_loss":0,"event_name":"Colosseum","floor":29,"gold_loss":0},{"damage_healed":0,"gold_gain":275,"player_choice":"Desecrate","damage_taken":0,"max_hp_gain":0,"max_hp_loss":0,"event_name":"Golden Shrine","floor":36,"gold_loss":0,"cards_obtained":["Regret"]},{"damage_healed":0,"gold_gain":0,"player_choice":"Max HP","damage_taken":0,"max_hp_gain":0,"max_hp_loss":4,"event_name":"Winding Halls","floor":38,"gold_loss":0}],"is_beta":true,"boss_relics":[{"not_picked":["Lizard Tail","Ectoplasm"],"picked":"Sozu"},{"not_picked":["Snecko Eye","Philosopher\u0027s Stone"],"picked":"Runic Pyramid"}],"items_purged_floors":[3,20,37,41],"is_endless":false,"potions_floor_spawned":[13,14,16,27,29,29,31,33,39,44,45,46],"killed_by":"Shield and Spear","ascension_level":18}