{"gold_per_floor":[116,136,136,98,118,118,133,133,133,133,29,29,44,22,22,125,125,135,154,11,11,27,56,75,86,86,52,151,151,171,191,191,292,292,311,271,289,289,304,304],"floor_reached":40,"playtime":1632,"items_purged":[],"score":445,"play_id":"e3961651-da58-457b-9882-c1c2fe5dd39d","local_time":"20190224055506","is_ascension_mode":true,"campfire_choices":[{"data":"Zap","floor":6,"key":"SMITH"},{"data":"Dualcast","floor":10,"key":"SMITH"},{"data":"Scrape","floor":12,"key":"SMITH"},{"data":"Redo","floor":15,"key":"SMITH"},{"floor":29,"key":"REST"},{"floor":32,"key":"REST"}],"neow_cost":"NONE","seed_source_timestamp":308576501577517,"circlet_count":0,"master_deck":["Strike_B","Strike_B","Strike_B","Defend_B","Defend_B","Defend_B","Defend_B","Zap+1","Dualcast+1","Deep Breath","Sweeping Beam","Compile Driver","Loop","All For One","Doom and Gloom","Scrape+1","Redo+1","Steam","Electrodynamics","Gash","Gash","Turbo","Steam","Auto Shields","Gash","All For One","Turbo","Go for the Eyes+1","Defragment","Streamline+1","BootSequence","Self Repair+1","Go for the Eyes+1","Secret Weapon","Go for the Eyes+1"],"relics":["Cracked Core","Vajra","Orrery","Bronze Scales","Dodecahedron","Lantern","White Beast Statue"],"potions_floor_usage":[2,16,19,23,30,31,31,31,31,33,33,37,37,40,40],"damage_taken":[{"damage":2,"enemies":"Small Slimes","floor":1,"turns":4},{"damage":6,"enemies":"Jaw Worm","floor":2,"turns":2},{"damage":4,"enemies":"Cultist","floor":5,"turns":4},{"damage":5,"enemies":"Looter","floor":7,"turns":3},{"damage":10,"enemies":"Lots of Slimes","floor":13,"turns":2},{"damage":27,"enemies":"Hexaghost","floor":16,"turns":7},{"damage":12,"enemies":"Spheric Guardian","floor":18,"turns":4},{"damage":0,"enemies":"2 Thieves","floor":19,"turns":2},{"damage":0,"enemies":"Cultist and Chosen","floor":22,"turns":4},{"damage":29,"enemies":"Book of Stabbing","floor":23,"turns":5},{"damage":20,"enemies":"Centurion and Healer","floor":24,"turns":4},{"damage":10,"enemies":"Snake Plant","floor":25,"turns":4},{"damage":18,"enemies":"Shelled Parasite and Fungi","floor":30,"turns":4},{"damage":0,"enemies":"Centurion and Healer","floor":31,"turns":3},{"damage":29,"enemies":"Automaton","floor":33,"turns":6},{"damage":7,"enemies":"Orb Walker","floor":35,"turns":3},{"damage":8,"enemies":"3 Darklings","floor":37,"turns":6},{"damage":42,"enemies":"Transient","floor":39,"turns":5},{"damage":55,"enemies":"Giant Head","floor":40,"turns":7}],"seed_played":"-8753806584286627375","potions_obtained":[{"floor":1,"key":"AttackPotion"},{"floor":5,"key":"Block Potion"},{"floor":7,"key":"EssenceOfSteel"},{"floor":13,"key":"SkillPotion"},{"floor":18,"key":"AttackPotion"},{"floor":24,"key":"EntropicBrew"},{"floor":25,"key":"Poison Potion"},{"floor":31,"key":"Energy Potion"},{"floor":35,"key":"SneckoOil"},{"floor":36,"key":"FairyPotion"},{"floor":36,"key":"Weak Potion"},{"floor":36,"key":"Block Potion"},{"floor":37,"key":"LiquidBronze"},{"floor":39,"key":"Poison Potion"}],"is_trial":false,"path_per_floor":["M","M","?","$","M","R","M","?","T","R","$","R","M","$","R","B",null,"M","M","$","?","M","E","M","M","T","$","?","R","M","M","R","B",null,"M","?","M","?","M","E"],"character_chosen":"DEFECT","items_purchased":["Loop","Scrape","Redo","Steam","Bronze Scales","Defragment"],"campfire_rested":2,"item_purchase_floors":[4,11,11,14,20,27],"current_hp_per_floor":[73,67,60,60,56,56,51,56,56,56,56,56,46,46,46,19,80,68,68,68,68,68,39,19,9,9,9,9,33,15,15,39,10,80,73,73,75,75,33,0],"gold":304,"neow_bonus":"RANDOM_COLORLESS","is_prod":false,"is_daily":false,"chose_seed":false,"campfire_upgraded":4,"win_rate":0,"timestamp":1551016506,"path_taken":["M","M","?","$","M","R","M","?","T","R","?","R","?","$","R","BOSS","M","M","$","?","M","E","M","?","T","$","?","R","M","M","R","BOSS","M","?","?","?","M","E"],"build_version":"2019-01-23","purchased_purges":0,"victory":false,"max_hp_per_floor":[75,75,75,75,75,75,75,80,80,80,80,80,80,80,80,80,80,80,80,80,80,80,80,80,80,80,80,80,80,80,80,80,80,80,80,80,80,80,80,80],"card_choices":[{"not_picked":["Conserve Battery","Stack"],"picked":"Sweeping Beam","floor":1},{"not_picked":["Capacitor","Leap"],"picked":"Compile Driver","floor":2},{"not_picked":["Hologram","Barrage"],"picked":"All For One","floor":5},{"not_picked":["Leap","Ball Lightning"],"picked":"Doom and Gloom","floor":7},{"not_picked":["Glacier","Sweeping Beam","Steam Power"],"picked":"SKIP","floor":13},{"not_picked":["Multi-Cast","Meteor Strike"],"picked":"Electrodynamics","floor":16},{"not_picked":["Static Discharge","Sunder"],"picked":"Gash","floor":17},{"not_picked":["Go for the Eyes","Static Discharge"],"picked":"Gash","floor":17},{"not_picked":["Redo","Hologram"],"picked":"Turbo","floor":17},{"not_picked":["Reinforced Body","Leap"],"picked":"Steam","floor":17},{"not_picked":["Storm","Loop"],"picked":"Auto Shields","floor":17},{"not_picked":["Skim","Ball Lightning","Compile Driver"],"picked":"SKIP","floor":18},{"not_picked":["Conserve Battery","Double Energy"],"picked":"Gash","floor":19},{"not_picked":["Streamline","Rip and Tear","Glacier"],"picked":"SKIP","floor":22},{"not_picked":["Streamline","Darkness"],"picked":"Turbo","floor":23},{"not_picked":["Self Repair","Darkness+1"],"picked":"Go for the Eyes+1","floor":24},{"not_picked":["Reinforced Body","Heatsinks","Cold Snap+1"],"picked":"SKIP","floor":25},{"not_picked":["Consume","Coolheaded+1"],"picked":"Streamline+1","floor":30},{"not_picked":["Rip and Tear","Tempest"],"picked":"BootSequence","floor":31},{"not_picked":["Hologram","Doom and Gloom"],"picked":"Self Repair+1","floor":35},{"not_picked":["Ball Lightning+1","Undo+1"],"picked":"Go for the Eyes+1","floor":37},{"not_picked":["Swift Strike","Jack Of All Trades"],"picked":"Secret Weapon","floor":38},{"not_picked":["Capacitor","Reinforced Body"],"picked":"Go for the Eyes+1","floor":39}],"player_experience":272978,"relics_obtained":[{"floor":9,"key":"Vajra"},{"floor":23,"key":"Dodecahedron"},{"floor":26,"key":"Lantern"}],"event_choices":[{"cards_removed":["Strike_B"],"damage_healed":0,"gold_gain":0,"player_choice":"Card Removal","damage_taken":7,"max_hp_gain":0,"max_hp_loss":0,"event_name":"Golden Wing","floor":3,"gold_loss":0},{"damage_healed":0,"gold_gain":0,"player_choice":"Donut","damage_taken":0,"max_hp_gain":5,"max_hp_loss":0,"event_name":"Big Fish","floor":8,"gold_loss":0},{"damage_healed":0,"gold_gain":0,"player_choice":"Copied","damage_taken":0,"max_hp_gain":0,"max_hp_loss":0,"event_name":"Duplicator","floor":21,"gold_loss":0,"cards_obtained":["All For One"]},{"damage_healed":0,"gold_gain":99,"player_choice":"Stole From Cult","damage_taken":0,"max_hp_gain":0,"max_hp_loss":0,"event_name":"Nest","floor":28,"gold_loss":0},{"damage_healed":0,"gold_gain":0,"player_choice":"Bought 3 Potions","damage_taken":0,"max_hp_gain":0,"max_hp_loss":0,"event_name":"The Woman in Blue","floor":36,"gold_loss":0},{"damage_healed":0,"gold_gain":0,"player_choice":"Memory 1","damage_taken":0,"max_hp_gain":0,"max_hp_loss":0,"event_name":"SensoryStone","floor":38,"gold_loss":0}],"is_beta":false,"boss_relics":[{"not_picked":["Fusion Hammer","Sozu"],"picked":"Orrery"},{"not_picked":["Philosopher\u0027s Stone","FrozenCore"],"picked":"White Beast Statue"}],"items_purged_floors":[],"is_endless":false,"potions_floor_spawned":[1,5,7,13,18,24,25,31,35,37,39],"killed_by":"Giant Head","ascension_level":1}