{"gold_per_floor":[13,13,31,102,119,151,166,177,177,208,18,30,30,130,130,226,226,243,342,18,18,18,18,28,28,76,95,20,20,20,31,31,31],"floor_reached":33,"playtime":1423,"items_purged":["Writhe"],"score":383,"play_id":"967cbcb2-3086-429c-a1e0-c34ca91d46e4","local_time":"20190131211655","is_ascension_mode":true,"campfire_choices":[{"floor":13,"key":"REST"},{"data":"Bash","floor":15,"key":"SMITH"},{"data":"Magnetism","floor":23,"key":"SMITH"},{"data":"Feel No Pain","floor":25,"key":"SMITH"},{"data":"Metallicize","floor":29,"key":"SMITH"},{"data":"Disarm","floor":32,"key":"SMITH"}],"neow_cost":"NO_GOLD","seed_source_timestamp":11816247412043,"circlet_count":0,"master_deck":["AscendersBane","Strike_R+1","Strike_R+1","Strike_R+1","Strike_R+1","Defend_R+1","Defend_R+1","Defend_R+1","Bash+1","Pommel Strike","Whirlwind","Burning Pact","Headbutt","Disarm+1","Rupture","Fiend Fire","Dropkick","Feel No Pain+1","Magnetism+1","Shrug It Off","Metallicize+1","Inflame+1"],"relics":["Burning Blood","Darkstone Periapt","Red Skull","Anchor","Bronze Scales","OrangePellets","Cursed Key","Bag of Marbles"],"potions_floor_usage":[6,7,7,7,10,16,31,33],"damage_taken":[{"damage":13,"enemies":"Small Slimes","floor":1,"turns":5},{"damage":1,"enemies":"Cultist","floor":3,"turns":3},{"damage":8,"enemies":"2 Louse","floor":5,"turns":2},{"damage":30,"enemies":"3 Sentries","floor":6,"turns":7},{"damage":30,"enemies":"Exordium Thugs","floor":7,"turns":5},{"damage":9,"enemies":"Blue Slaver","floor":8,"turns":4},{"damage":25,"enemies":"Lagavulin","floor":10,"turns":5},{"damage":0,"enemies":"Large Slime","floor":12,"turns":3},{"damage":34,"enemies":"Hexaghost","floor":16,"turns":9},{"damage":18,"enemies":"2 Thieves","floor":18,"turns":4},{"damage":2,"enemies":"Chosen","floor":24,"turns":4},{"damage":14,"enemies":"Snake Plant","floor":27,"turns":4},{"damage":6,"enemies":"Centurion and Healer","floor":31,"turns":8},{"damage":62,"enemies":"Collector","floor":33,"turns":6}],"seed_played":"-2233548131526394396","potions_obtained":[{"floor":2,"key":"LiquidBronze"},{"floor":2,"key":"SpeedPotion"},{"floor":2,"key":"Block Potion"},{"floor":5,"key":"PowerPotion"},{"floor":6,"key":"Regen Potion"},{"floor":7,"key":"Explosive Potion"},{"floor":10,"key":"Explosive Potion"},{"floor":16,"key":"Ancient Potion"},{"floor":27,"key":"Ancient Potion"}],"is_trial":false,"path_per_floor":["M","?","M","T","M","E","M","M","T","E","$","M","R","?","R","B",null,"M","?","$","?","?","R","M","R","T","M","$","R","?","M","R","B"],"character_chosen":"IRONCLAD","items_purchased":["OrangePellets","Dropkick","Feel No Pain","Magnetism"],"campfire_rested":1,"item_purchase_floors":[11,20,20,20],"current_hp_per_floor":[65,65,70,70,68,44,35,32,32,13,13,19,43,43,43,15,64,52,52,52,52,52,52,56,56,62,54,54,54,54,54,54,0],"gold":31,"neow_bonus":"REMOVE_TWO","is_prod":false,"is_daily":false,"chose_seed":false,"campfire_upgraded":5,"win_rate":0,"timestamp":1548987415,"path_taken":["M","?","?","?","M","E","M","M","T","E","$","M","R","?","R","BOSS","M","?","$","?","?","R","M","R","T","M","$","R","?","M","R","BOSS"],"build_version":"2019-01-23","purchased_purges":1,"victory":false,"max_hp_per_floor":[80,80,80,80,80,80,80,80,80,80,80,80,80,80,80,80,80,80,80,80,80,80,80,80,80,86,86,86,86,86,86,86,86],"card_choices":[{"not_picked":["Headbutt","Twin Strike"],"picked":"Pommel Strike","floor":1},{"not_picked":["Rage","Warcry"],"picked":"Whirlwind","floor":3},{"not_picked":["Anger","Body Slam","Wild Strike"],"picked":"SKIP","floor":5},{"not_picked":["Anger","Warcry"],"picked":"Burning Pact","floor":6},{"not_picked":["Sword Boomerang","Searing Blow","Havoc"],"picked":"SKIP","floor":7},{"not_picked":["Rampage","Heavy Blade"],"picked":"Headbutt","floor":8},{"not_picked":["Offering","Corruption"],"picked":"Disarm","floor":10},{"not_picked":["True Grit","Dual Wield"],"picked":"Rupture","floor":12},{"not_picked":["Immolate","Offering"],"picked":"Fiend Fire","floor":16},{"not_picked":["Seeing Red","Heavy Blade","Cleave"],"picked":"SKIP","floor":18},{"not_picked":["Battle Trance","Cleave"],"picked":"Shrug It Off","floor":24},{"not_picked":["Headbutt","Perfected Strike"],"picked":"Metallicize","floor":27},{"not_picked":["Sword Boomerang","Flex"],"picked":"Inflame+1","floor":31}],"player_experience":311828,"relics_obtained":[{"floor":4,"key":"Darkstone Periapt"},{"floor":6,"key":"Red Skull"},{"floor":9,"key":"Anchor"},{"floor":10,"key":"Bronze Scales"},{"floor":26,"key":"Bag of Marbles"}],"event_choices":[{"damage_healed":0,"gold_gain":0,"player_choice":"Got Potions","damage_taken":0,"max_hp_gain":0,"max_hp_loss":0,"event_name":"Lab","floor":2,"gold_loss":0},{"damage_healed":0,"gold_gain":100,"player_choice":"Pray","damage_taken":0,"max_hp_gain":0,"max_hp_loss":0,"event_name":"Golden Shrine","floor":14,"gold_loss":0},{"damage_healed":0,"gold_gain":99,"player_choice":"Stole From Cult","damage_taken":0,"max_hp_gain":0,"max_hp_loss":0,"event_name":"Nest","floor":19,"gold_loss":0},{"damage_healed":0,"gold_gain":0,"player_choice":"Simplicity","damage_taken":0,"max_hp_gain":0,"max_hp_loss":0,"event_name":"Back to Basics","floor":21,"gold_loss":0,"cards_upgraded":["Strike_R","Strike_R","Strike_R","Strike_R","Defend_R","Defend_R","Defend_R"]},{"damage_healed":0,"gold_gain":0,"player_choice":"Ignored","damage_taken":0,"max_hp_gain":0,"max_hp_loss":0,"event_name":"Beggar","floor":22,"gold_loss":0},{"damage_healed":0,"gold_gain":0,"player_choice":"0 cards matched","damage_taken":0,"max_hp_gain":0,"max_hp_loss":0,"event_name":"Match and Keep!","floor":30,"gold_loss":0,"cards_obtained":[]}],"is_beta":true,"boss_relics":[{"not_picked":["Busted Crown","Philosopher\u0027s Stone"],"picked":"Cursed Key"}],"items_purged_floors":[28],"is_endless":false,"potions_floor_spawned":[5,6,7,10,16,27],"killed_by":"Collector","ascension_level":10}