{"gold_per_floor":[119,119,119,136,136,169,169,189,213,227,237,237,270,288,288,362,362,374,374,32,108,88,116,116,131,131,131],"floor_reached":27,"playtime":1552,"items_purged":[],"score":536,"play_id":"a8dc059c-7b15-471d-9996-d034caf91f49","local_time":"20190323235403","is_ascension_mode":true,"campfire_choices":[{"data":"Noxious Fumes","floor":7.0,"key":"SMITH"},{"data":"Catalyst","floor":12.0,"key":"SMITH"},{"data":"Neutralize","floor":15.0,"key":"SMITH"},{"floor":24,"key":"REST"}],"neow_cost":"NONE","seed_source_timestamp":933106979931585,"circlet_count":0,"master_deck":["AscendersBane","Defend_G","Defend_G","Defend_G","Defend_G","Defend_G","Strike_G","Strike_G","Strike_G","Survivor","Neutralize+1","Noxious Fumes+1","Catalyst+1","Infinite Blades","Deflect","Backflip","PiercingWail","Blur","Adrenaline","Caltrops+1","Footwork","Poisoned Stab+1"],"special_seed":0,"relics":["Ring of the Snake","NeowsBlessing","Oddly Smooth Stone","Orichalcum","Pear","Black Star","Mummified Hand","Molten Egg 2","Singing Bowl","Sundial","Paper Crane"],"potions_floor_usage":[23,23],"damage_taken":[{"damage":0.0,"enemies":"Small Slimes","floor":1.0,"turns":1.0},{"damage":0.0,"enemies":"Cultist","floor":4.0,"turns":1.0},{"damage":0.0,"enemies":"Lagavulin","floor":6.0,"turns":1.0},{"damage":0.0,"enemies":"2 Louse","floor":8.0,"turns":4.0},{"damage":16.0,"enemies":"Exordium Thugs","floor":10.0,"turns":4.0},{"damage":11.0,"enemies":"Gremlin Gang","floor":11.0,"turns":4.0},{"damage":1.0,"enemies":"3 Sentries","floor":13.0,"turns":7.0},{"damage":3.0,"enemies":"3 Louse","floor":14.0,"turns":4.0},{"damage":40.0,"enemies":"Slime Boss","floor":16.0,"turns":15.0},{"damage":1.0,"enemies":"Shell Parasite","floor":18.0,"turns":7.0},{"damage":0.0,"enemies":"2 Thieves","floor":22.0,"turns":5.0},{"damage":46,"enemies":"Slavers","floor":23,"turns":7},{"damage":5,"enemies":"Centurion and Healer","floor":25,"turns":8},{"damage":11,"enemies":"Cultist and Chosen","floor":27,"turns":4}],"seed_played":"732558598735759007","potions_obtained":[{"floor":1.0,"key":"FearPotion"},{"floor":4.0,"key":"FearPotion"},{"floor":8.0,"key":"Poison Potion"},{"floor":11.0,"key":"Regen Potion"},{"floor":18.0,"key":"Block Potion"},{"floor":22.0,"key":"SkillPotion"}],"is_trial":false,"path_per_floor":["M","?","?","M","$","E","R","M","T","M","M","R","E","M","R","B",null,"M","?","$","T","M","E","R","M","T","M"],"character_chosen":"THE_SILENT","items_purchased":["Mummified Hand","Footwork"],"campfire_rested":1,"item_purchase_floors":[20,20],"current_hp_per_floor":[59,52,52,52,52,52,52,52,52,36,25,25,49,46,46,6,59,58,58,58,58,58,14,37,34,34,23],"gold":131,"neow_bonus":"THREE_ENEMY_KILL","is_prod":false,"is_daily":false,"chose_seed":false,"campfire_upgraded":3,"win_rate":0,"timestamp":1553399643,"path_taken":["M","?","?","?","?","E","R","M","T","?","M","R","E","M","R","BOSS","M","?","$","?","M","E","R","M","T","?"],"build_version":"2019-03-15","purchased_purges":0,"victory":false,"max_hp_per_floor":[66,66,66,66,66,66,66,66,66,66,66,66,76,76,76,76,76,76,76,76,76,76,78,78,80,80,80],"card_choices":[{"not_picked":["Footwork","Dagger Spray"],"picked":"Noxious Fumes","floor":1.0},{"not_picked":["Flying Knee","Dodge and Roll"],"picked":"Infinite Blades","floor":4.0},{"not_picked":["Skewer","Distraction"],"picked":"Deflect","floor":6.0},{"not_picked":["Poisoned Stab","Finisher"],"picked":"Backflip","floor":8.0},{"not_picked":["Prepared","Cloak And Dagger"],"picked":"PiercingWail","floor":10.0},{"not_picked":["Slice","Heel Hook","Terror"],"picked":"SKIP","floor":11.0},{"not_picked":["Acrobatics","Riddle With Holes"],"picked":"Blur","floor":13.0},{"not_picked":["Underhanded Strike","Blade Dance","Choke"],"picked":"SKIP","floor":14.0},{"not_picked":["Burst","Tools of the Trade"],"picked":"Adrenaline","floor":16.0},{"not_picked":["Eviscerate","Outmaneuver"],"picked":"Caltrops","floor":18.0},{"not_picked":["Choke+1","Outmaneuver"],"picked":"Poisoned Stab+1","floor":22.0},{"not_picked":["All Out Attack+1","Quick Slash+1","Flying Knee+1"],"picked":"Singing Bowl","floor":23},{"not_picked":["Dagger Spray+1","Bane+1","Cloak And Dagger"],"picked":"Singing Bowl","floor":25}],"player_experience":1206296,"relics_obtained":[{"floor":6.0,"key":"Oddly Smooth Stone"},{"floor":9.0,"key":"Orichalcum"},{"floor":13.0,"key":"Pear"},{"floor":21.0,"key":"Molten Egg 2"},{"floor":23,"key":"Singing Bowl"},{"floor":23,"key":"Sundial"},{"floor":26,"key":"Paper Crane"}],"event_choices":[{"cards_removed":["Strike_G"],"damage_healed":0.0,"max_hp_gain":0.0,"max_hp_loss":0.0,"gold_gain":0.0,"event_name":"Golden Wing","player_choice":"Card Removal","floor":2.0,"gold_loss":0.0,"damage_taken":7.0},{"damage_healed":0.0,"max_hp_gain":0.0,"max_hp_loss":0.0,"gold_gain":0.0,"cards_transformed":["Strike_G"],"event_name":"Transmorgrifier","player_choice":"Transformed","floor":3.0,"gold_loss":0.0,"damage_taken":0.0,"cards_obtained":["Catalyst"]},{"damage_healed":0.0,"max_hp_gain":0.0,"max_hp_loss":0.0,"gold_gain":0.0,"event_name":"Upgrade Shrine","player_choice":"Upgraded","floor":19.0,"gold_loss":0.0,"damage_taken":0.0,"cards_upgraded":["Caltrops"]}],"is_beta":true,"boss_relics":[{"not_picked":["Tiny House","Orrery"],"picked":"Black Star"}],"items_purged_floors":[],"is_endless":false,"potions_floor_spawned":[1,4,8,11,18,22],"killed_by":"Cultist and Chosen","ascension_level":20}