{"path_per_floor":["M","?","$","T","?","E","R","M","T","M","R","M","M","M","R","B",null,"M","?","M","M","M"],"character_chosen":"IRONCLAD","items_purchased":["Metallicize"],"gold_per_floor":[110,110,29,52,52,85,85,97,97,111,111,127,142,158,158,257,257,273,273,290,304,322,322],"floor_reached":23,"campfire_rested":2,"playtime":1658,"current_hp_per_floor":[80,80,80,80,80,40,64,63,63,63,63,46,50,47,71,18,80,73,58,24,30,14,0],"items_purged":[],"gold":322,"score":195,"play_id":"bc299ea5-6dc3-4735-981a-81cc090530ca","local_time":"20180329054949","is_prod":false,"is_daily":false,"is_ascension_mode":false,"campfire_upgraded":1,"timestamp":1522327789,"path_taken":["M","?","$","?","?","E","R","M","T","M","R","M","?","M","R","BOSS","M","?","M","M","M","E"],"build_version":"2018-03-22v2","purchased_purges":0,"victory":false,"master_deck":["Strike_R","Strike_R","Strike_R","Strike_R","Strike_R","Defend_R","Defend_R","Defend_R","Defend_R","Bash","Barricade+1","Perfected Strike","Iron Wave+1","Iron Wave","Perfected Strike","Pummel","Headbutt","Limit Break","Flame Barrier","Pommel Strike+1","Headbutt","Pummel"],"max_hp_per_floor":[80,80,80,80,80,80,80,80,80,80,80,80,80,80,80,80,80,80,85,85,85,85,85],"relics":["Burning Blood","Bag of Marbles","Bottled Flame","Bag of Preparation","Black Star"],"card_choices":[{"not_picked":["Uppercut","Metallicize"],"picked":"Barricade","floor":1},{"not_picked":["Fiend Fire","Spot Weakness"],"picked":"Perfected Strike","floor":6},{"not_picked":["Armaments","True Grit"],"picked":"Iron Wave","floor":8},{"not_picked":["Burning Pact","Body Slam"],"picked":"Iron Wave","floor":10},{"not_picked":["Shrug It Off","Body Slam"],"picked":"Perfected Strike","floor":12},{"not_picked":["Sword Boomerang","Disarm"],"picked":"Pummel","floor":13},{"not_picked":["Sword Boomerang","Bloodletting"],"picked":"Headbutt","floor":14},{"not_picked":["Offering","Dark Embrace"],"picked":"Limit Break","floor":16},{"not_picked":["Pummel","Intimidate"],"picked":"Flame Barrier","floor":18},{"not_picked":["Body Slam","Clash"],"picked":"Pommel Strike","floor":20},{"not_picked":["Thunderclap","Twin Strike"],"picked":"Headbutt","floor":21},{"not_picked":["Flame Barrier","Entrench"],"picked":"Pummel","floor":22}],"player_experience":15354,"potions_floor_usage":[6,16,16,16,21,22],"damage_taken":[{"damage":5,"enemies":"Cultist","floor":1,"turns":4},{"damage":46,"enemies":"3 Sentries","floor":6,"turns":13},{"damage":7,"enemies":"2 Louse","floor":8,"turns":2},{"damage":6,"enemies":"Jaw Worm","floor":10,"turns":3},{"damage":23,"enemies":"Exordium Thugs","floor":12,"turns":5},{"damage":2,"enemies":"2 Fungi Beasts","floor":13,"turns":2},{"damage":9,"enemies":"Gremlin Gang","floor":14,"turns":4},{"damage":59,"enemies":"Hexaghost","floor":16,"turns":14},{"damage":13,"enemies":"Chosen","floor":18,"turns":6},{"damage":40,"enemies":"Shell Parasite","floor":20,"turns":9},{"damage":0,"enemies":"Snecko","floor":21,"turns":5},{"damage":22,"enemies":"Centurion and Healer","floor":22,"turns":8},{"damage":20,"enemies":"Slavers","floor":23,"turns":1}],"event_choices":[{"event_name":"Living Wall","player_choice":"Grow","floor":2,"damage_taken":0},{"event_name":"Bonfire Elementals","player_choice":"UNCOMMON","floor":5,"damage_taken":0},{"event_name":"Forgotten Altar","player_choice":"Shed Blood","floor":19,"damage_taken":0}],"boss_relics":[{"not_picked":["Runic Dome","Orrery"],"picked":"Black Star"}],"potions_floor_spawned":[1,12,13,14,18,21,22],"seed_played":"-6851988976214786094","killed_by":"Slavers","ascension_level":0,"is_trial":false}