{"gold_per_floor":[115,128,128,68,81,109,109,34,89,89,106,136,136,146,146,220,270,286,304,37,67,86,86,43,71,143,143,162,162,179,190,190,269,269,286,121,136,152,152,152,152],"floor_reached":41,"playtime":1515,"items_purged":["Strike_R","Strike_R"],"score":921,"play_id":"5117bd8e-2c73-4f08-9c86-25bb847d40de","local_time":"20190308035730","is_ascension_mode":true,"campfire_choices":[{"data":"Searing Blow+1","floor":7,"key":"SMITH"},{"data":"Searing Blow+2","floor":10,"key":"SMITH"},{"data":"Searing Blow+3","floor":13,"key":"SMITH"},{"data":"Searing Blow+4","floor":15,"key":"SMITH"},{"data":"Searing Blow+5","floor":23,"key":"SMITH"},{"data":"Searing Blow+6","floor":27,"key":"SMITH"},{"data":"Searing Blow+7","floor":29,"key":"SMITH"},{"data":"Searing Blow+8","floor":32,"key":"SMITH"},{"data":"Searing Blow+9","floor":40,"key":"SMITH"}],"neow_cost":"NONE","seed_source_timestamp":183099757082480,"circlet_count":0,"master_deck":["AscendersBane","Strike_R","Strike_R","Strike_R","Defend_R","Defend_R+1","Defend_R","Defend_R","Bash+1","Metallicize","Searing Blow+10","Headbutt","Shrug It Off","Battle Trance+1","Headbutt","Offering","Shrug It Off+1","Havoc","Power Through","Headbutt","Demon Form","Headbutt","Shrug It Off"],"relics":["Burning Blood","Orichalcum","Vajra","Omamori","Tiny House","War Paint","Red Mask","Calipers","Pantograph","Sozu","Anchor"],"potions_floor_usage":[6,33,33],"damage_taken":[{"damage":3,"enemies":"Jaw Worm","floor":1,"turns":4},{"damage":6,"enemies":"2 Louse","floor":2,"turns":3},{"damage":5,"enemies":"Small Slimes","floor":5,"turns":3},{"damage":41,"enemies":"Lagavulin","floor":6,"turns":8},{"damage":7,"enemies":"Looter","floor":11,"turns":4},{"damage":7,"enemies":"Gremlin Nob","floor":12,"turns":3},{"damage":7,"enemies":"3 Louse","floor":14,"turns":3},{"damage":0,"enemies":"Slime Boss","floor":16,"turns":6},{"damage":5,"enemies":"2 Thieves","floor":18,"turns":2},{"damage":6,"enemies":"Shell Parasite","floor":19,"turns":1},{"damage":10,"enemies":"Masked Bandits","floor":21,"turns":3},{"damage":32,"enemies":"Sentry and Sphere","floor":22,"turns":6},{"damage":1,"enemies":"Slavers","floor":25,"turns":6},{"damage":0,"enemies":"Chosen and Byrds","floor":28,"turns":4},{"damage":0,"enemies":"Cultist and Chosen","floor":30,"turns":4},{"damage":0,"enemies":"3 Cultists","floor":31,"turns":4},{"damage":39,"enemies":"Collector","floor":33,"turns":4},{"damage":0,"enemies":"Orb Walker","floor":35,"turns":1},{"damage":6,"enemies":"3 Darklings","floor":37,"turns":2},{"damage":41,"enemies":"Spire Growth","floor":38,"turns":5},{"damage":43,"enemies":"Giant Head","floor":41,"turns":5}],"seed_played":"-9029232442680641124","potions_obtained":[{"floor":5,"key":"Regen Potion"},{"floor":11,"key":"LiquidBronze"},{"floor":14,"key":"FairyPotion"},{"floor":17,"key":"PowerPotion"},{"floor":21,"key":"Energy Potion"}],"is_trial":false,"path_per_floor":["M","M","?","?","M","E","R","$","T","R","M","E","R","M","R","B",null,"M","M","$","?","M","R","$","E","T","R","M","R","M","M","R","B",null,"M","$","M","M","?","R","E"],"character_chosen":"IRONCLAD","items_purchased":["War Paint","Power Through","Anchor"],"campfire_rested":0,"item_purchase_floors":[20,24,36],"current_hp_per_floor":[71,71,71,71,72,49,49,49,49,49,48,47,47,46,46,52,74,75,75,75,71,45,45,45,50,50,50,56,56,62,68,68,47,72,78,78,78,43,43,43,0],"gold":152,"neow_bonus":"UPGRADE_CARD","is_prod":false,"is_daily":false,"chose_seed":false,"campfire_upgraded":9,"win_rate":0,"timestamp":1552035450,"path_taken":["M","M","?","?","M","E","R","$","T","R","M","E","R","M","R","BOSS","M","M","$","?","M","R","$","E","T","R","M","R","M","M","R","BOSS","M","$","M","M","?","R","E"],"build_version":"2019-02-06","purchased_purges":2,"victory":false,"max_hp_per_floor":[75,75,75,75,75,75,75,75,75,75,75,75,75,75,75,75,80,80,80,80,80,80,80,80,80,80,80,80,80,80,80,80,80,80,80,80,80,80,80,80,80],"card_choices":[{"not_picked":["Warcry","Armaments"],"picked":"Metallicize","floor":1},{"not_picked":["Twin Strike","Armaments"],"picked":"Searing Blow","floor":2},{"not_picked":["Cleave","Sword Boomerang"],"picked":"Headbutt","floor":5},{"not_picked":["True Grit","Sword Boomerang"],"picked":"Shrug It Off","floor":6},{"not_picked":["Pummel","Iron Wave"],"picked":"Battle Trance","floor":11},{"not_picked":["Blood for Blood","Heavy Blade","Cleave"],"picked":"SKIP","floor":12},{"not_picked":["Rampage","Dual Wield"],"picked":"Headbutt","floor":14},{"not_picked":["Demon Form","Reaper"],"picked":"Offering","floor":16},{"not_picked":["Anger","Sword Boomerang"],"picked":"Shrug It Off","floor":17},{"not_picked":["Anger","Inflame"],"picked":"Havoc","floor":18},{"not_picked":["Clash+1","Searing Blow","Sword Boomerang"],"picked":"SKIP","floor":19},{"not_picked":["Carnage","Pommel Strike","Clothesline"],"picked":"SKIP","floor":22},{"not_picked":["Sword Boomerang","Entrench"],"picked":"Headbutt","floor":25},{"not_picked":["Brutality","Anger","Wild Strike"],"picked":"SKIP","floor":28},{"not_picked":["Rage","Warcry","Headbutt"],"picked":"SKIP","floor":30},{"not_picked":["Heavy Blade","Reckless Charge","Blood for Blood"],"picked":"SKIP","floor":31},{"not_picked":["Berserk","Fiend Fire"],"picked":"Demon Form","floor":33},{"not_picked":["Searing Blow","Perfected Strike","Power Through"],"picked":"SKIP","floor":35},{"not_picked":["Clothesline+1","Blood for Blood"],"picked":"Headbutt","floor":37},{"not_picked":["Corruption","Berserk"],"picked":"Shrug It Off","floor":38}],"player_experience":449206,"relics_obtained":[{"floor":6,"key":"Orichalcum"},{"floor":9,"key":"Vajra"},{"floor":12,"key":"Omamori"},{"floor":21,"key":"Red Mask"},{"floor":25,"key":"Calipers"},{"floor":26,"key":"Pantograph"}],"event_choices":[{"damage_healed":0,"gold_gain":0,"player_choice":"Grow","damage_taken":0,"max_hp_gain":0,"max_hp_loss":0,"event_name":"Living Wall","floor":3,"gold_loss":0,"cards_upgraded":["Searing Blow"]},{"damage_healed":0,"gold_gain":0,"player_choice":"Left Gold","damage_taken":0,"max_hp_gain":0,"max_hp_loss":0,"event_name":"World of Goop","floor":4,"gold_loss":60},{"damage_healed":0,"gold_gain":0,"player_choice":"Fought Bandits","damage_taken":0,"max_hp_gain":0,"max_hp_loss":0,"event_name":"Masked Bandits","floor":21,"gold_loss":0},{"damage_healed":0,"gold_gain":0,"player_choice":"Memory 1","damage_taken":0,"max_hp_gain":0,"max_hp_loss":0,"event_name":"SensoryStone","floor":39,"gold_loss":0}],"is_beta":true,"boss_relics":[{"not_picked":["Mark of Pain","Orrery"],"picked":"Tiny House"},{"not_picked":["Black Blood","Astrolabe"],"picked":"Sozu"}],"items_purged_floors":[8,20],"is_endless":false,"potions_floor_spawned":[5,11,14,21,22,25,31,37],"killed_by":"Giant Head","ascension_level":16}