{"gold_per_floor":[112,124,124,143,161,161,236,275,275,299,299,317,317],"floor_reached":13,"playtime":345,"items_purged":[],"score":87,"play_id":"8cc6a314-a474-42e7-9bf0-f23702c75956","local_time":"20190128083741","is_ascension_mode":false,"campfire_choices":[{"data":"Zap","floor":6,"key":"SMITH"}],"neow_cost":"NONE","seed_source_timestamp":92586964162541,"circlet_count":0,"master_deck":["Strike_B","Strike_B","Strike_B","Strike_B","Defend_B","Defend_B","Defend_B","Defend_B","Zap+1","Dualcast","Gash","Ball Lightning","Redo","Ball Lightning"],"relics":["Cracked Core","NeowsBlessing","Golden Idol","Singing Bowl","Frozen Egg 2"],"potions_floor_usage":[5,10],"damage_taken":[{"damage":0,"enemies":"Jaw Worm","floor":1,"turns":1},{"damage":0,"enemies":"Small Slimes","floor":2,"turns":1},{"damage":0,"enemies":"Cultist","floor":4,"turns":1},{"damage":21,"enemies":"Lots of Slimes","floor":5,"turns":4},{"damage":25,"enemies":"3 Sentries","floor":8,"turns":7},{"damage":0,"enemies":"2 Fungi Beasts","floor":10,"turns":2},{"damage":0,"enemies":"Large Slime","floor":12,"turns":3},{"damage":26,"enemies":"Lagavulin","floor":13,"turns":3}],"seed_played":"7819580974394779419","potions_obtained":[{"floor":1,"key":"AttackPotion"},{"floor":8,"key":"SkillPotion"},{"floor":12,"key":"Dexterity Potion"}],"is_trial":false,"path_per_floor":["M","M","?","M","M","R","?","E","T","M","?","M","E"],"character_chosen":"DEFECT","items_purchased":[],"campfire_rested":0,"item_purchase_floors":[],"current_hp_per_floor":[75,75,75,75,54,54,43,20,20,20,20,20,0],"gold":317,"neow_bonus":"THREE_ENEMY_KILL","is_prod":false,"is_daily":false,"chose_seed":false,"campfire_upgraded":1,"win_rate":0.0,"timestamp":1548693461,"path_taken":["M","M","?","M","M","R","?","E","T","M","?","M","E"],"build_version":"2019-01-23","purchased_purges":0,"victory":false,"max_hp_per_floor":[75,75,75,75,75,75,75,77,77,77,77,77,77],"card_choices":[{"not_picked":["Scrape","Go for the Eyes"],"picked":"Gash","floor":1},{"not_picked":["Steam","Tempest"],"picked":"Ball Lightning","floor":2},{"not_picked":["Blizzard","Fusion","Leap"],"picked":"SKIP","floor":4},{"not_picked":["Rebound","Skim","Cold Snap"],"picked":"SKIP","floor":5},{"not_picked":["Recycle","Scrape","Turbo"],"picked":"Singing Bowl","floor":8},{"not_picked":["Leap","Coolheaded"],"picked":"Redo","floor":10},{"not_picked":["Steam","Coolheaded"],"picked":"Ball Lightning","floor":12}],"player_experience":207245,"relics_obtained":[{"floor":8,"key":"Singing Bowl"},{"floor":9,"key":"Frozen Egg 2"}],"event_choices":[{"damage_healed":0,"gold_gain":0,"player_choice":"Take Wound","damage_taken":0,"relics_obtained":["Golden Idol"],"max_hp_gain":0,"max_hp_loss":0,"event_name":"Golden Idol","floor":3,"gold_loss":0,"cards_obtained":["Injury"]},{"damage_healed":0,"gold_gain":75,"player_choice":"Gather Gold","damage_taken":11,"max_hp_gain":0,"max_hp_loss":0,"event_name":"World of Goop","floor":7,"gold_loss":0},{"cards_removed":["Injury"],"damage_healed":0,"gold_gain":0,"player_choice":"Removed Curses","damage_taken":0,"max_hp_gain":0,"max_hp_loss":0,"event_name":"Fountain of Cleansing","floor":11,"gold_loss":0}],"is_beta":false,"boss_relics":[],"items_purged_floors":[],"is_endless":false,"potions_floor_spawned":[1,8,12],"killed_by":"Lagavulin","ascension_level":0}