{"gold_per_floor":[122,154,166,192,204,216,262,274,311,357,387,425,447,491,503,593,605,629,658,684,706,718,757,783,795,807,819,860,872,918,941,953,1042,1054,1084,1109,1136,1168,1180,1251,1363,1375,1387,1399,608,624,624,656,656,656,656,656,36,62,62],"floor_reached":56,"playtime":3645,"items_purged":["Decay"],"score":2489,"play_id":"999e94fe-c6b3-4686-89af-79aaac894e7e","local_time":"20181103001036","is_ascension_mode":true,"campfire_choices":[{"data":"Sunder","floor":6.0,"key":"SMITH"},{"floor":8.0,"key":"REST"},{"floor":15.0,"key":"REST"},{"floor":25.0,"key":"REST"},{"floor":29.0,"key":"REST"},{"data":"Defragment","floor":32.0,"key":"SMITH"},{"data":"Hologram","floor":42.0,"key":"SMITH"},{"data":"Panacea","floor":44.0,"key":"SMITH"},{"floor":49.0,"key":"RECALL"},{"data":"Echo Form","floor":52.0,"key":"SMITH"}],"neow_cost":"NONE","seed_source_timestamp":309887901007479,"circlet_count":0,"master_deck":["AscendersBane","Strike_B","Strike_B","Strike_B","Strike_B","Defend_B","Defend_B","Defend_B","Defend_B","Zap","Dualcast","Sunder+1","Steam","Electrodynamics","Hologram+1","All For One","Cold Snap","Conserve Battery+1","Chill","Core Surge","Glacier+1","Go for the Eyes","BootSequence","Defragment+1","Reboot","Go for the Eyes+1","Coolheaded","Echo Form+1","Steam+1","Barrage+1","Lockon+1","Blizzard+1","Secret Technique","Panacea+1","Coolheaded+1","Go for the Eyes+1","Master of Strategy","Loop+1","Conserve Battery","Conserve Battery"],"special_seed":0,"relics":["Cracked Core","MawBank","PreservedInsect","DataDisk","Nunchaku","Bird Faced Urn","Nuclear Battery","Thread and Needle","Sundial","CultistMask","Gremlin Horn","War Paint","Inserter","Tiny Chest","Prayer Wheel","Kunai","TheAbacus","StoneCalendar","Pear","Shuriken","Pantograph","Peace Pipe"],"potions_floor_usage":[54,55],"damage_taken":[{"damage":6.0,"enemies":"2 Louse","floor":1.0,"turns":3.0},{"damage":0.0,"enemies":"Cultist","floor":2.0,"turns":3.0},{"damage":2.0,"enemies":"Small Slimes","floor":4.0,"turns":3.0},{"damage":14.0,"enemies":"3 Sentries","floor":7.0,"turns":5.0},{"damage":8.0,"enemies":"Gremlin Nob","floor":10.0,"turns":3.0},{"damage":15.0,"enemies":"Gremlin Gang","floor":11.0,"turns":4.0},{"damage":0.0,"enemies":"3 Sentries","floor":12.0,"turns":3.0},{"damage":11.0,"enemies":"Looter","floor":13.0,"turns":2.0},{"damage":3.0,"enemies":"Lagavulin","floor":14.0,"turns":4.0},{"damage":0.0,"enemies":"Slime Boss","floor":16.0,"turns":6.0},{"damage":13.0,"enemies":"3 Byrds","floor":18.0,"turns":4.0},{"damage":11.0,"enemies":"2 Thieves","floor":19.0,"turns":3.0},{"damage":0.0,"enemies":"Snecko","floor":20.0,"turns":5.0},{"damage":28.0,"enemies":"Shelled Parasite and Fungi","floor":21.0,"turns":4.0},{"damage":6.0,"enemies":"Book of Stabbing","floor":23.0,"turns":4.0},{"damage":0.0,"enemies":"Snake Plant","floor":24.0,"turns":5.0},{"damage":0.0,"enemies":"Slavers","floor":28.0,"turns":3.0},{"damage":0.0,"enemies":"Gremlin Leader","floor":30.0,"turns":6.0},{"damage":5.0,"enemies":"Cultist and Chosen","floor":31.0,"turns":9.0},{"damage":54.0,"enemies":"Collector","floor":33.0,"turns":12.0},{"damage":0.0,"enemies":"3 Shapes","floor":35.0,"turns":3.0},{"damage":0.0,"enemies":"Orb Walker","floor":36.0,"turns":4.0},{"damage":0.0,"enemies":"4 Shapes","floor":37.0,"turns":9.0},{"damage":9.0,"enemies":"3 Darklings","floor":38.0,"turns":7.0},{"damage":19.0,"enemies":"Giant Head","floor":40.0,"turns":10.0},{"damage":0.0,"enemies":"Mind Bloom Boss Battle","floor":41.0,"turns":5.0},{"damage":9.0,"enemies":"Spire Growth","floor":46.0,"turns":5.0},{"damage":0.0,"enemies":"Nemesis","floor":48.0,"turns":7.0},{"damage":6.0,"enemies":"Awakened One","floor":50.0,"turns":20.0},{"damage":12,"enemies":"Shield and Spear","floor":54,"turns":11},{"damage":42,"enemies":"The Heart","floor":55,"turns":12}],"seed_played":"-244293336529146110","potions_obtained":[{"floor":7.0,"key":"Weak Potion"},{"floor":13.0,"key":"LiquidBronze"},{"floor":14.0,"key":"AttackPotion"},{"floor":20.0,"key":"SteroidPotion"},{"floor":21.0,"key":"Strength Potion"},{"floor":24.0,"key":"Block Potion"},{"floor":33.0,"key":"SteroidPotion"},{"floor":36.0,"key":"Swift Potion"},{"floor":37.0,"key":"LiquidBronze"},{"floor":46.0,"key":"Strength Potion"}],"is_trial":false,"path_per_floor":["M","M","?","M","?","R","E","R","T","E","M","E","M","E","R","B",null,"M","M","M","M","?","E","M","R","T","?","E","R","E","M","R","B",null,"M","M","M","M","?","E","?","R","T","R","$","M","?","E","R","B",null,"R","$","E","B",null],"character_chosen":"DEFECT","items_purchased":["TheAbacus","StoneCalendar","Master of Strategy","Shuriken","Pantograph","SpeedPotion"],"campfire_rested":4,"item_purchase_floors":[45,45,45,53,53,53],"current_hp_per_floor":[58,58,48,46,46,46,32,53,53,45,30,30,19,16,37,39,63,52,43,43,17,17,11,13,34,34,34,38,59,63,62,62,12,56,60,64,71,68,58,47,51,51,51,51,51,48,48,70,70,74,79,79,79,73,47],"gold":62,"neow_bonus":"RANDOM_COMMON_RELIC","is_prod":false,"is_daily":false,"chose_seed":false,"campfire_upgraded":5,"win_rate":0,"timestamp":1541218236,"path_taken":["M","M","?","?","?","R","E","R","T","E","M","E","M","E","R","BOSS","M","M","?","?","?","E","M","R","T","?","E","R","E","?","R","BOSS","M","?","?","M","?","E","?","R","T","R","?","M","?","E","R","BOSS","R","$","E","BOSS"],"build_version":"2018-11-01v2","purchased_purges":1,"victory":true,"max_hp_per_floor":[71,71,71,71,71,71,71,71,71,71,71,71,71,71,71,71,71,71,71,71,71,71,71,71,71,71,71,71,71,71,71,71,71,71,71,71,71,71,71,71,71,71,71,71,71,71,71,81,81,81,81,81,81,81,81],"card_choices":[{"not_picked":["Sweeping Beam","Barrage"],"picked":"Sunder","floor":1.0},{"not_picked":["Compile Driver","Rebound"],"picked":"FTL","floor":2.0},{"not_picked":["Double Energy","Skim"],"picked":"Steam","floor":4.0},{"not_picked":["Sweeping Beam","Turbo"],"picked":"Hologram","floor":7.0},{"not_picked":["Turbo","Go for the Eyes"],"picked":"All For One","floor":10.0},{"not_picked":["Skim","Darkness"],"picked":"Cold Snap","floor":11.0},{"not_picked":["Chaos","Redo"],"picked":"Conserve Battery","floor":12.0},{"not_picked":["Stack","Barrage"],"picked":"Chill","floor":13.0},{"not_picked":["Creative AI","Storm","Streamline"],"picked":"SKIP","floor":14.0},{"not_picked":["Hyperbeam","Creative AI"],"picked":"Core Surge","floor":16.0},{"not_picked":["Beam Cell","Melter"],"picked":"Glacier","floor":18.0},{"not_picked":["Sweeping Beam","Gash"],"picked":"Go for the Eyes","floor":19.0},{"not_picked":["Sweeping Beam","Compile Driver"],"picked":"BootSequence","floor":20.0},{"not_picked":["Streamline","Compile Driver","Reprogram"],"picked":"SKIP","floor":21.0},{"not_picked":["White Noise","Hologram"],"picked":"Defragment","floor":23.0},{"not_picked":["Fusion","Sweeping Beam"],"picked":"Reboot","floor":24.0},{"not_picked":["Lockon","Beam Cell"],"picked":"Go for the Eyes+1","floor":28.0},{"not_picked":["Steam","Turbo+1"],"picked":"Coolheaded","floor":30.0},{"not_picked":["Gash","Ball Lightning","Fusion"],"picked":"SKIP","floor":31.0},{"not_picked":["Gash","Ball Lightning","Fusion"],"picked":"SKIP","floor":31.0},{"not_picked":["Reboot","Electrodynamics"],"picked":"Echo Form","floor":33.0},{"not_picked":["Sweeping Beam","Beam Cell"],"picked":"Steam+1","floor":35.0},{"not_picked":["Steam Power","Go for the Eyes"],"picked":"Barrage+1","floor":36.0},{"not_picked":["Cold Snap","White Noise+1"],"picked":"Lockon+1","floor":37.0},{"not_picked":["Sweeping Beam","Loop"],"picked":"Blizzard+1","floor":38.0},{"not_picked":["Bandage Up","Panache"],"picked":"Secret Technique","floor":39.0},{"not_picked":["The Bomb","Purity"],"picked":"Panacea","floor":39.0},{"not_picked":["Go for the Eyes","Cold Snap+1"],"picked":"Coolheaded+1","floor":40.0},{"not_picked":["Beam Cell","Storm+1"],"picked":"Go for the Eyes+1","floor":41.0},{"not_picked":["Coolheaded","Steam"],"picked":"Loop+1","floor":46.0},{"not_picked":["Darkness","Turbo"],"picked":"Conserve Battery","floor":46.0},{"not_picked":["Beam Cell+1","Consume"],"picked":"Conserve Battery","floor":48.0},{"not_picked":["Storm","Streamline","Gash+1"],"picked":"SKIP","floor":54}],"player_experience":809524,"relics_obtained":[{"floor":7.0,"key":"PreservedInsect"},{"floor":10.0,"key":"DataDisk"},{"floor":12.0,"key":"Nunchaku"},{"floor":14.0,"key":"Bird Faced Urn"},{"floor":23.0,"key":"Thread and Needle"},{"floor":26.0,"key":"Sundial"},{"floor":28.0,"key":"Gremlin Horn"},{"floor":30.0,"key":"War Paint"},{"floor":40.0,"key":"Tiny Chest"},{"floor":41.0,"key":"Prayer Wheel"},{"floor":43.0,"key":"Kunai"},{"floor":48.0,"key":"Pear"},{"floor":54,"key":"Peace Pipe"}],"event_choices":[{"damage_healed":0.0,"max_hp_gain":0.0,"max_hp_loss":0.0,"gold_gain":0.0,"event_name":"Wheel of Change","player_choice":"Damaged","floor":3.0,"gold_loss":0.0,"damage_taken":10.0},{"damage_healed":0.0,"max_hp_gain":0.0,"max_hp_loss":0.0,"gold_gain":0.0,"event_name":"Match and Keep!","player_choice":"1 cards matched","floor":5.0,"gold_loss":0.0,"damage_taken":0.0,"cards_obtained":["Electrodynamics"]},{"damage_healed":0.0,"max_hp_gain":0.0,"max_hp_loss":0.0,"gold_gain":0.0,"event_name":"Forgotten Altar","player_choice":"Smashed Altar","floor":22.0,"gold_loss":0.0,"damage_taken":0.0,"cards_obtained":["Decay"]},{"damage_healed":0.0,"max_hp_gain":0.0,"max_hp_loss":0.0,"gold_gain":0.0,"event_name":"FaceTrader","player_choice":"Trade","floor":27.0,"gold_loss":0.0,"damage_taken":0.0,"relics_obtained":["CultistMask"]},{"damage_healed":0.0,"max_hp_gain":0.0,"max_hp_loss":0.0,"gold_gain":0.0,"event_name":"SensoryStone","player_choice":"Memory 3","floor":39.0,"gold_loss":0.0,"damage_taken":10.0},{"damage_healed":0.0,"max_hp_gain":0.0,"max_hp_loss":0.0,"gold_gain":0.0,"event_name":"MindBloom","player_choice":"Fight","floor":41.0,"gold_loss":0.0,"damage_taken":0.0},{"cards_removed":["FTL"],"damage_healed":0.0,"max_hp_gain":0.0,"max_hp_loss":0.0,"gold_gain":0.0,"event_name":"Falling","player_choice":"Removed Attack","floor":47.0,"gold_loss":0.0,"damage_taken":0.0}],"is_beta":true,"boss_relics":[{"not_picked":["Astrolabe","Coffee Dripper"],"picked":"Nuclear Battery"},{"not_picked":["Fusion Hammer","Philosopher\u0027s Stone"],"picked":"Inserter"}],"items_purged_floors":[45],"is_endless":false,"potions_floor_spawned":[7,13,14,20,21,24,33,36,37,46,48],"ascension_level":18}