{"gold_per_floor":[110,35,53,53,71,71,101,113,162,87,87,107,107,139,139,237,237,257,272,292,47,66,66,66],"floor_reached":24,"playtime":1272,"items_purged":["Strike_B"],"score":270,"play_id":"c8e96d47-cf51-4cfd-bb3a-1e708cf19a44","local_time":"20190129013321","is_ascension_mode":true,"campfire_choices":[{"data":"Double Energy","floor":6,"key":"SMITH"},{"data":"Zap","floor":13,"key":"SMITH"},{"data":"Echo Form","floor":15,"key":"SMITH"},{"data":"Thinking Ahead","floor":23,"key":"SMITH"}],"neow_cost":"NONE","seed_source_timestamp":1387930412181,"circlet_count":0,"master_deck":["Strike_B","Defend_B","Defend_B","Defend_B","Defend_B","Zap+1","Dualcast","Conserve Battery","Sweeping Beam","Defragment","Streamline","All For One","Double Energy+1","Gash","Hologram","Cold Snap","Echo Form+1","All For One","Hologram","Chill","FTL","Thinking Ahead+1","FTL"],"relics":["Cracked Core","Cables","Blood Vial","Omamori","Cursed Key"],"potions_floor_usage":[19,20,24,24],"damage_taken":[{"damage":3,"enemies":"Small Slimes","floor":1,"turns":4},{"damage":1,"enemies":"Cultist","floor":3,"turns":4},{"damage":0,"enemies":"2 Louse","floor":5,"turns":2},{"damage":23,"enemies":"3 Sentries","floor":7,"turns":6},{"damage":1,"enemies":"Blue Slaver","floor":8,"turns":2},{"damage":0,"enemies":"Exordium Wildlife","floor":12,"turns":2},{"damage":7,"enemies":"Lagavulin","floor":14,"turns":5},{"damage":17,"enemies":"Hexaghost","floor":16,"turns":9},{"damage":7,"enemies":"3 Byrds","floor":18,"turns":3},{"damage":17,"enemies":"2 Thieves","floor":19,"turns":4},{"damage":22,"enemies":"Cultist and Chosen","floor":20,"turns":5},{"damage":0,"enemies":"3 Cultists","floor":22,"turns":5},{"damage":26,"enemies":"Gremlin Leader","floor":24,"turns":2}],"seed_played":"-8181137802429404553","potions_obtained":[{"floor":12,"key":"SneckoOil"},{"floor":14,"key":"EssenceOfSteel"},{"floor":19,"key":"AttackPotion"},{"floor":20,"key":"SneckoOil"}],"is_trial":false,"path_per_floor":["M","$","M","?","M","R","E","M","T","$","?","M","R","E","R","B",null,"M","M","M","$","M","R","E"],"character_chosen":"DEFECT","items_purchased":["Defragment","FTL","Thinking Ahead"],"campfire_rested":0,"item_purchase_floors":[2,21,21],"current_hp_per_floor":[65,65,64,64,64,64,41,40,40,40,40,42,42,37,37,22,62,57,42,22,22,24,24,0],"gold":66,"neow_bonus":"THREE_CARDS","is_prod":false,"is_daily":false,"chose_seed":false,"campfire_upgraded":4,"win_rate":0,"timestamp":1548743601,"path_taken":["M","$","M","?","M","R","E","?","T","$","?","M","R","E","R","BOSS","M","?","M","$","M","R","E"],"build_version":"2019-01-23","purchased_purges":1,"victory":false,"max_hp_per_floor":[75,75,75,75,75,75,75,75,75,75,75,75,75,75,75,75,75,75,75,75,75,75,75,75],"card_choices":[{"not_picked":["Compile Driver","Steam"],"picked":"Conserve Battery","floor":0},{"not_picked":["Steam","Compile Driver"],"picked":"Sweeping Beam","floor":1},{"not_picked":["Steam Power","Turbo"],"picked":"Streamline","floor":3},{"not_picked":["Cold Snap","Stack"],"picked":"Double Energy","floor":5},{"not_picked":["Coolheaded","Turbo"],"picked":"Gash","floor":7},{"not_picked":["Hello World","Stack"],"picked":"Hologram","floor":8},{"not_picked":["Recycle","Turbo"],"picked":"Cold Snap","floor":12},{"not_picked":["Rip and Tear","Sweeping Beam"],"picked":"Echo Form","floor":14},{"not_picked":["Hyperbeam","Buffer"],"picked":"All For One","floor":16},{"not_picked":["Compile Driver+1","Barrage+1"],"picked":"Hologram","floor":18},{"not_picked":["Turbo+1","Cold Snap"],"picked":"Chill","floor":19},{"not_picked":["Conserve Battery","Darkness","Compile Driver+1"],"picked":"SKIP","floor":20},{"not_picked":["Turbo","Stack"],"picked":"FTL","floor":22}],"player_experience":284586,"relics_obtained":[{"floor":7,"key":"Cables"},{"floor":9,"key":"Blood Vial"},{"floor":14,"key":"Omamori"}],"event_choices":[{"damage_healed":0,"gold_gain":0,"cards_transformed":["Strike_B"],"player_choice":"Transformed","damage_taken":0,"max_hp_gain":0,"max_hp_loss":0,"event_name":"Transmorgrifier","floor":4,"gold_loss":0,"cards_obtained":["All For One"]},{"cards_removed":["Strike_B"],"damage_healed":0,"gold_gain":0,"player_choice":"Purged","damage_taken":0,"max_hp_gain":0,"max_hp_loss":0,"event_name":"Purifier","floor":11,"gold_loss":0}],"is_beta":true,"boss_relics":[{"not_picked":["Black Star","Coffee Dripper"],"picked":"Cursed Key"}],"items_purged_floors":[10],"is_endless":false,"potions_floor_spawned":[12,14,19,20],"killed_by":"Gremlin Leader","ascension_level":6}