{"gold_per_floor":[110,110,120,136,155,155,168,199,269,335,335,368,368,385,385,457,457,469,469,569,355,355,389,400,325,325,369,381,393],"floor_reached":29,"playtime":1112,"items_purged":["Strike_B"],"score":642,"play_id":"1a99e386-dc8b-4256-95db-ac1f960369a9","local_time":"20190223234622","is_ascension_mode":true,"campfire_choices":[{"data":"Sunder","floor":6.0,"key":"SMITH"},{"data":"Buffer","floor":11.0,"key":"SMITH"},{"data":"Fission","floor":13.0,"key":"SMITH"},{"data":"Loop","floor":15.0,"key":"SMITH"}],"neow_cost":"NONE","seed_source_timestamp":95527864090283,"circlet_count":0,"master_deck":["AscendersBane","Defend_B","Defend_B","Defend_B","Defend_B","Zap+1","Dualcast","Sweeping Beam","Leap","Cold Snap","Buffer+1","Sunder+1","Loop+1","Cold Snap","Fission+1","Skim","Biased Cognition","Ball Lightning","Hologram","Self Repair","Core Surge","Loop+1","Heatsinks+1","Cold Snap","BootSequence"],"special_seed":0,"relics":["Cracked Core","Matryoshka","Dream Catcher","Kunai","Ancient Tea Set","Fusion Hammer","Bird Faced Urn","Frozen Egg 2","Singing Bowl","MawBank","Juzu Bracelet","Emotion Chip","Nilry\u0027s Codex"],"potions_floor_usage":[29],"damage_taken":[{"damage":2.0,"enemies":"2 Louse","floor":1.0,"turns":2.0},{"damage":0.0,"enemies":"Small Slimes","floor":3.0,"turns":2.0},{"damage":0.0,"enemies":"Jaw Worm","floor":4.0,"turns":3.0},{"damage":3.0,"enemies":"Looter","floor":5.0,"turns":3.0},{"damage":2.0,"enemies":"2 Fungi Beasts","floor":7.0,"turns":2.0},{"damage":8.0,"enemies":"Lagavulin","floor":8.0,"turns":6.0},{"damage":23.0,"enemies":"Gremlin Nob","floor":12.0,"turns":4.0},{"damage":0.0,"enemies":"Exordium Wildlife","floor":14.0,"turns":2.0},{"damage":0.0,"enemies":"Slime Boss","floor":16.0,"turns":6.0},{"damage":0.0,"enemies":"Chosen","floor":18.0,"turns":3.0},{"damage":0.0,"enemies":"Colosseum Slavers","floor":20.0,"turns":5.0},{"damage":2.0,"enemies":"Colosseum Nobs","floor":20.0,"turns":6.0},{"damage":20.0,"enemies":"Book of Stabbing","floor":23.0,"turns":5.0},{"damage":12.0,"enemies":"3 Byrds","floor":24.0,"turns":3.0},{"damage":52,"enemies":"Gremlin Leader","floor":27,"turns":6},{"damage":30,"enemies":"Slavers","floor":29,"turns":2}],"seed_played":"6728697281417655821","potions_obtained":[{"floor":1.0,"key":"EssenceOfSteel"},{"floor":7.0,"key":"Strength Potion"},{"floor":8.0,"key":"AttackPotion"},{"floor":12.0,"key":"EntropicBrew"},{"floor":18.0,"key":"Block Potion"},{"floor":27,"key":"Regen Potion"}],"is_trial":false,"path_per_floor":["M","?","M","M","M","R","M","E","T","?","R","E","R","M","R","B",null,"M","?","?","$","?","E","M","?","T","E","?","E"],"character_chosen":"DEFECT","items_purchased":["SkillPotion","Loop+1"],"campfire_rested":0,"item_purchase_floors":[21,21],"current_hp_per_floor":[62,62,62,62,59,59,57,49,49,49,49,26,26,26,26,26,60,60,60,71,71,71,64,69,69,69,36,15,0],"gold":393,"neow_bonus":"THREE_CARDS","is_prod":false,"is_daily":false,"chose_seed":false,"campfire_upgraded":4,"win_rate":0,"timestamp":1550983582,"path_taken":["M","?","M","M","M","R","M","E","T","?","R","E","R","M","R","BOSS","M","?","?","$","?","E","M","?","T","E","?","E"],"build_version":"2019-02-06","purchased_purges":1,"victory":false,"max_hp_per_floor":[71,71,71,71,71,71,71,71,71,71,71,71,71,71,71,71,71,71,71,71,71,71,71,71,71,71,71,71,71],"card_choices":[{"not_picked":["Leap","Hologram"],"picked":"Sweeping Beam","floor":0.0},{"not_picked":["Redo","Streamline"],"picked":"Leap","floor":1.0},{"not_picked":["Beam Cell","Coolheaded"],"picked":"Cold Snap","floor":3.0},{"not_picked":["Beam Cell","Self Repair"],"picked":"Buffer","floor":4.0},{"not_picked":["Turbo","Chaos"],"picked":"Sunder","floor":5.0},{"not_picked":["Sweeping Beam","Capacitor"],"picked":"Loop","floor":7.0},{"not_picked":["FTL","Self Repair"],"picked":"Cold Snap","floor":8.0},{"not_picked":["Steam","Redo"],"picked":"Fission","floor":12.0},{"not_picked":["Stack","Gash"],"picked":"Skim","floor":14.0},{"not_picked":["Thunder Strike","Rainbow"],"picked":"Biased Cognition","floor":16.0},{"not_picked":["Coolheaded","Leap"],"picked":"Ball Lightning","floor":18.0},{"not_picked":["Cold Snap","Sweeping Beam"],"picked":"Core Surge","floor":20.0},{"not_picked":["Barrage","Redo"],"picked":"Heatsinks+1","floor":23.0},{"not_picked":["Hello World+1","Leap"],"picked":"Cold Snap","floor":24.0},{"not_picked":["Rebound","Doom and Gloom"],"picked":"BootSequence","floor":27}],"player_experience":989683,"relics_obtained":[{"floor":8.0,"key":"Matryoshka"},{"floor":9.0,"key":"Dream Catcher"},{"floor":9.0,"key":"Kunai"},{"floor":12.0,"key":"Ancient Tea Set"},{"floor":20.0,"key":"Bird Faced Urn"},{"floor":20.0,"key":"Frozen Egg 2"},{"floor":23.0,"key":"Singing Bowl"},{"floor":26.0,"key":"MawBank"},{"floor":26.0,"key":"Juzu Bracelet"},{"floor":27,"key":"Emotion Chip"},{"floor":28,"key":"Nilry\u0027s Codex"}],"event_choices":[{"damage_healed":0.0,"max_hp_gain":0.0,"max_hp_loss":0.0,"gold_gain":0.0,"event_name":"Living Wall","player_choice":"Grow","floor":2.0,"gold_loss":0.0,"damage_taken":0.0,"cards_upgraded":["Zap"]},{"damage_healed":0.0,"max_hp_gain":0.0,"max_hp_loss":0.0,"gold_gain":66.0,"event_name":"Golden Wing","player_choice":"Gained Gold","floor":10.0,"gold_loss":0.0,"damage_taken":0.0},{"damage_healed":0.0,"max_hp_gain":0.0,"max_hp_loss":0.0,"gold_gain":0.0,"cards_transformed":["Strike_B","Strike_B"],"event_name":"Drug Dealer","player_choice":"Became Test Subject","floor":19.0,"gold_loss":0.0,"damage_taken":0.0,"cards_obtained":["Hologram","Self Repair"]},{"damage_healed":0.0,"max_hp_gain":0.0,"max_hp_loss":0.0,"gold_gain":0.0,"event_name":"Colosseum","player_choice":"Fight","floor":20.0,"gold_loss":0.0,"damage_taken":0.0},{"damage_healed":0.0,"max_hp_gain":0.0,"max_hp_loss":0.0,"gold_gain":0.0,"event_name":"Colosseum","player_choice":"Fought Nobs","floor":20.0,"gold_loss":0.0,"damage_taken":0.0},{"damage_healed":0.0,"max_hp_gain":0.0,"max_hp_loss":0.0,"gold_gain":0.0,"event_name":"Ghosts","player_choice":"Ignored","floor":22.0,"gold_loss":0.0,"damage_taken":0.0},{"cards_removed":["Strike_B"],"damage_healed":0.0,"max_hp_gain":0.0,"max_hp_loss":0.0,"gold_gain":0.0,"event_name":"Beggar","player_choice":"Gave Gold","floor":25.0,"gold_loss":75.0,"damage_taken":0.0},{"damage_healed":0,"gold_gain":0,"player_choice":"Obtained Book","damage_taken":21,"max_hp_gain":0,"max_hp_loss":0,"event_name":"Cursed Tome","floor":28,"gold_loss":0}],"is_beta":true,"boss_relics":[{"not_picked":["Ectoplasm","White Beast Statue"],"picked":"Fusion Hammer"}],"items_purged_floors":[21],"is_endless":false,"potions_floor_spawned":[1,7,8,12,18,27],"killed_by":"Slavers","ascension_level":20}