{"gold_per_floor":[110,110,110,110,21,52,52,87,87,119,175,185,204,204,204,294,294,318,318,338,310,310,344,362,395,445,488,504,504,524,555,555,653,653,669,689,689,1022,1037,1062,1074,511,511,379,379,404,423,437,437,437,437,437,437,13,343,343],"floor_reached":57,"playtime":3981,"items_purged":["Bite+1"],"score":3047,"play_id":"00a92c85-2c13-4eb7-b9ab-c2dd2f045cc6","local_time":"20181118204516","is_ascension_mode":true,"campfire_choices":[{"data":"Bash","floor":7.0,"key":"SMITH"},{"data":"Flame Barrier","floor":15.0,"key":"SMITH"},{"data":"Inflame","floor":29.0,"key":"SMITH"},{"data":"Disarm","floor":32.0,"key":"SMITH"},{"data":"Limit Break","floor":41.0,"key":"SMITH"},{"floor":45.0,"key":"RECALL"},{"data":"Flame Barrier","floor":49.0,"key":"SMITH"},{"floor":53,"key":"REST"}],"neow_cost":"NONE","seed_source_timestamp":344170581037326,"circlet_count":0,"master_deck":["AscendersBane","Defend_R","Defend_R","Defend_R","Defend_R","Bash+1","Perfected Strike+1","Disarm+1","Inflame+1","Flame Barrier+1","Wild Strike+1","Twin Strike+1","Warcry","Evolve+1","Feed+1","Pommel Strike+1","Bite+1","Bite+1","Bite+1","Bite+1","Feel No Pain+1","Shrug It Off","Flame Barrier+1","True Grit+1","Fiend Fire+1","Shrug It Off","Bludgeon+1","Limit Break+1","Clothesline+1","Burning Pact","Impervious","Entrench","Pommel Strike+1","Shrug It Off","Pommel Strike+1","Parasite","Demon Form+1"],"special_seed":0,"relics":["Burning Blood","NeowsBlessing","Ancient Tea Set","Molten Egg 2","Shuriken","Frozen Egg 2","Potion Belt","Snecko Eye","Smiling Mask","Pocketwatch","Dodecahedron","Sundial","Mark of Pain","MawBank","OrangePellets","Self Forming Clay","Torii","Juzu Bracelet","Thread and Needle","Old Coin"],"potions_floor_usage":[50,51,55,56,56],"damage_taken":[{"damage":0.0,"enemies":"Jaw Worm","floor":1.0,"turns":1.0},{"damage":0.0,"enemies":"3 Sentries","floor":6.0,"turns":1.0},{"damage":0.0,"enemies":"Lagavulin","floor":8.0,"turns":1.0},{"damage":20.0,"enemies":"3 Sentries","floor":10.0,"turns":7.0},{"damage":8.0,"enemies":"Gremlin Nob","floor":11.0,"turns":3.0},{"damage":12.0,"enemies":"Small Slimes","floor":12.0,"turns":2.0},{"damage":0.0,"enemies":"2 Louse","floor":13.0,"turns":3.0},{"damage":17.0,"enemies":"The Guardian","floor":16.0,"turns":13.0},{"damage":6.0,"enemies":"Spheric Guardian","floor":18.0,"turns":3.0},{"damage":16.0,"enemies":"Chosen","floor":20.0,"turns":6.0},{"damage":38.0,"enemies":"Gremlin Leader","floor":23.0,"turns":7.0},{"damage":8.0,"enemies":"Snake Plant","floor":24.0,"turns":4.0},{"damage":28.0,"enemies":"Book of Stabbing","floor":25.0,"turns":3.0},{"damage":17.0,"enemies":"Gremlin Leader","floor":27.0,"turns":7.0},{"damage":6.0,"enemies":"Sentry and Sphere","floor":28.0,"turns":5.0},{"damage":0.0,"enemies":"Centurion and Healer","floor":30.0,"turns":4.0},{"damage":39.0,"enemies":"Book of Stabbing","floor":31.0,"turns":5.0},{"damage":52.0,"enemies":"Collector","floor":33.0,"turns":8.0},{"damage":16.0,"enemies":"3 Darklings","floor":35.0,"turns":8.0},{"damage":19.0,"enemies":"3 Shapes","floor":36.0,"turns":5.0},{"damage":4.0,"enemies":"3 Darklings","floor":39.0,"turns":6.0},{"damage":23.0,"enemies":"Giant Head","floor":40.0,"turns":6.0},{"damage":51.0,"enemies":"Reptomancer","floor":46.0,"turns":10.0},{"damage":24.0,"enemies":"Writhing Mass","floor":47.0,"turns":9.0},{"damage":12.0,"enemies":"4 Shapes","floor":48.0,"turns":9.0},{"damage":56,"enemies":"Donu and Deca","floor":50,"turns":8},{"damage":52,"enemies":"Time Eater","floor":51,"turns":10},{"damage":110,"enemies":"Shield and Spear","floor":55,"turns":11},{"damage":33,"enemies":"The Heart","floor":56,"turns":8}],"seed_played":"3771317372605601743","potions_obtained":[{"floor":8.0,"key":"PowerPotion"},{"floor":10.0,"key":"GamblersBrew"},{"floor":11.0,"key":"EssenceOfSteel"},{"floor":12.0,"key":"Weak Potion"},{"floor":18.0,"key":"Fruit Juice"},{"floor":24.0,"key":"FearPotion"},{"floor":25.0,"key":"SpeedPotion"},{"floor":27.0,"key":"Ancient Potion"},{"floor":31.0,"key":"EssenceOfSteel"},{"floor":35.0,"key":"SteroidPotion"},{"floor":40.0,"key":"Strength Potion"},{"floor":46.0,"key":"Block Potion"},{"floor":55,"key":"LiquidBronze"}],"is_trial":false,"path_per_floor":["M","?","?","?","$","E","R","E","T","E","?","M","M","?","R","B",null,"M","?","M","$","?","E","M","E","T","E","M","R","M","E","R","B",null,"M","M","?","?","M","E","R","$","T","$","R","E","M","M","R","B","B",null,"R","$","E","B",null],"character_chosen":"IRONCLAD","items_purchased":["Disarm","Shrug It Off","OrangePellets","Entrench","Pommel Strike+1","Self Forming Clay","SteroidPotion","Shrug It Off","Demon Form+1","Thread and Needle"],"campfire_rested":1,"item_purchase_floors":[5,21,42,42,42,42,44,44,54,54],"current_hp_per_floor":[74,74,67,67,67,73,73,75,75,61,61,57,65,39,39,30,64,70,70,73,73,73,66,77,67,67,74,87,87,99,87,87,65,97,112,109,109,109,114,100,100,100,100,100,100,82,88,107,107,73,42,102,122,122,33,30],"gold":343,"neow_bonus":"THREE_ENEMY_KILL","is_prod":false,"is_daily":false,"chose_seed":false,"campfire_upgraded":6,"win_rate":0,"timestamp":1542591916,"path_taken":["M","?","?","?","$","E","R","E","T","E","?","M","?","?","R","BOSS","M","?","M","$","?","E","M","E","T","E","M","R","M","E","R","BOSS","M","M","?","?","M","E","R","$","T","$","R","E","M","M","R","BOSS","BOSS","R","$","E","BOSS"],"build_version":"2018-11-15","purchased_purges":1,"victory":true,"max_hp_per_floor":[75,75,75,75,75,75,75,75,75,75,75,75,75,75,75,75,75,79,79,83,83,83,87,91,91,91,91,95,95,99,108,108,108,108,112,116,110,110,114,114,114,114,114,114,114,114,114,118,118,122,122,122,122,122,122,122],"card_choices":[{"not_picked":["Havoc","Body Slam"],"picked":"Perfected Strike","floor":1.0},{"not_picked":["Clash","Wild Strike"],"picked":"Inflame","floor":6.0},{"not_picked":["Searing Blow","Cleave"],"picked":"Flame Barrier","floor":8.0},{"not_picked":["Seeing Red","Flex"],"picked":"Wild Strike+1","floor":10.0},{"not_picked":["Clash+1","Double Tap"],"picked":"Twin Strike+1","floor":11.0},{"not_picked":["Fire Breathing+1","Sentinel"],"picked":"Warcry","floor":12.0},{"not_picked":["Searing Blow+1","Flex"],"picked":"Evolve+1","floor":13.0},{"not_picked":["Offering","Barricade+1"],"picked":"Feed+1","floor":16.0},{"not_picked":["True Grit","Dropkick+1"],"picked":"Pommel Strike+1","floor":18.0},{"not_picked":["Flame Barrier","Clash+1"],"picked":"Feel No Pain+1","floor":20.0},{"not_picked":["Burning Pact","Dropkick+1"],"picked":"Flame Barrier","floor":23.0},{"not_picked":["Havoc","Body Slam+1"],"picked":"True Grit+1","floor":24.0},{"not_picked":["Pommel Strike+1","Armaments"],"picked":"Fiend Fire+1","floor":25.0},{"not_picked":["Dropkick+1","Burning Pact","Feel No Pain+1"],"picked":"SKIP","floor":27.0},{"not_picked":["Thunderclap+1","Body Slam+1","Heavy Blade+1"],"picked":"SKIP","floor":28.0},{"not_picked":["Infernal Blade","Combust+1"],"picked":"Shrug It Off","floor":30.0},{"not_picked":["Anger+1","Double Tap"],"picked":"Bludgeon+1","floor":31.0},{"not_picked":["Berserk+1","Dark Embrace+1"],"picked":"Limit Break","floor":33.0},{"not_picked":["Rampage+1","Second Wind"],"picked":"Clothesline+1","floor":35.0},{"not_picked":["Cleave+1","Thunderclap+1","Wild Strike+1"],"picked":"SKIP","floor":36.0},{"not_picked":["Fire Breathing+1","Brutality+1"],"picked":"Burning Pact","floor":39.0},{"not_picked":["Anger+1","Ghostly Armor"],"picked":"Impervious","floor":40.0},{"not_picked":["Headbutt+1","Entrench"],"picked":"Pommel Strike+1","floor":46.0},{"not_picked":["Body Slam+1","Perfected Strike+1","Thunderclap+1"],"picked":"SKIP","floor":47.0},{"not_picked":["Infernal Blade+1","Heavy Blade+1","Iron Wave+1"],"picked":"SKIP","floor":48.0},{"not_picked":["Brutality+1","Thunderclap+1","Clothesline+1"],"picked":"SKIP","floor":55}],"player_experience":888352,"relics_obtained":[{"floor":6.0,"key":"Blood Vial"},{"floor":8.0,"key":"Molten Egg 2"},{"floor":9.0,"key":"Shuriken"},{"floor":10.0,"key":"Frozen Egg 2"},{"floor":11.0,"key":"Potion Belt"},{"floor":23.0,"key":"Smiling Mask"},{"floor":25.0,"key":"Pocketwatch"},{"floor":27.0,"key":"Dodecahedron"},{"floor":31.0,"key":"Sundial"},{"floor":40.0,"key":"MawBank"},{"floor":43.0,"key":"Torii"},{"floor":46.0,"key":"Juzu Bracelet"},{"floor":55,"key":"Old Coin"}],"event_choices":[{"damage_healed":0.0,"max_hp_gain":0.0,"max_hp_loss":0.0,"gold_gain":0.0,"event_name":"Big Fish","player_choice":"Box","floor":2.0,"gold_loss":0.0,"damage_taken":0.0,"relics_obtained":["Ancient Tea Set"],"cards_obtained":["Regret"]},{"cards_removed":["Regret"],"damage_healed":0.0,"max_hp_gain":0.0,"max_hp_loss":0.0,"gold_gain":0.0,"event_name":"Golden Wing","player_choice":"Card Removal","floor":3.0,"gold_loss":0.0,"damage_taken":7.0},{"damage_healed":0.0,"max_hp_gain":0.0,"max_hp_loss":0.0,"gold_gain":0.0,"event_name":"Living Wall","player_choice":"Grow","floor":4.0,"gold_loss":0.0,"damage_taken":0.0,"cards_upgraded":["Perfected Strike"]},{"damage_healed":0.0,"max_hp_gain":0.0,"max_hp_loss":0.0,"gold_gain":0.0,"event_name":"Dead Adventurer","player_choice":"Searched \u00271\u0027 times","floor":11.0,"gold_loss":0.0,"damage_taken":0.0},{"damage_healed":0.0,"max_hp_gain":0.0,"max_hp_loss":0.0,"gold_gain":0.0,"event_name":"Golden Idol","player_choice":"Take Damage","floor":14.0,"gold_loss":0.0,"damage_taken":26.0,"relics_obtained":["Golden Idol"]},{"damage_healed":0.0,"max_hp_gain":0.0,"max_hp_loss":0.0,"gold_gain":0.0,"event_name":"Vampires","player_choice":"Became a vampire (Vial)","floor":19.0,"relics_lost":["Blood Vial"],"gold_loss":0.0,"damage_taken":0.0,"cards_obtained":["Bite","Bite","Bite","Bite","Bite"]},{"damage_healed":0.0,"max_hp_gain":0.0,"max_hp_loss":0.0,"gold_gain":0.0,"event_name":"Beggar","player_choice":"Ignored","floor":22.0,"gold_loss":0.0,"damage_taken":0.0},{"damage_healed":0.0,"max_hp_gain":0.0,"max_hp_loss":6.0,"gold_gain":0.0,"event_name":"Winding Halls","player_choice":"Max HP","floor":37.0,"gold_loss":0.0,"damage_taken":0.0},{"damage_healed":0.0,"max_hp_gain":0.0,"max_hp_loss":0.0,"gold_gain":333.0,"event_name":"The Moai Head","player_choice":"Gave Idol","floor":38.0,"relics_lost":["Golden Idol"],"gold_loss":0.0,"damage_taken":0.0}],"is_beta":true,"boss_relics":[{"not_picked":["Empty Cage","White Beast Statue"],"picked":"Snecko Eye"},{"not_picked":["Pandora\u0027s Box","Black Star"],"picked":"Mark of Pain"}],"items_purged_floors":[44],"is_endless":false,"potions_floor_spawned":[8,10,11,12,18,24,25,27,31,35,40,46,55],"ascension_level":20}