{"gold_per_floor":[118,118,118,138,161,161,177,8,32,55,73,109,109,128,128,128],"floor_reached":16,"playtime":551,"items_purged":["Strike_B"],"score":104,"play_id":"d89aa480-2cac-4c03-8e77-938202b62506","local_time":"20181031232234","is_ascension_mode":false,"campfire_choices":[{"data":"Zap","floor":6,"key":"SMITH"},{"floor":15,"key":"REST"}],"neow_cost":"NONE","seed_source_timestamp":710943612677332,"circlet_count":0,"master_deck":["Strike_B","Strike_B","Defend_B","Defend_B","Defend_B","Defend_B","Zap+1","Dualcast","Rip and Tear","Redo","Ball Lightning","Dramatic Entrance","Beam Cell","Melter","Melter","Redo","Core Surge"],"relics":["Cracked Core","NeowsBlessing","Golden Idol","Lantern","Dream Catcher"],"potions_floor_usage":[7,11],"damage_taken":[{"damage":0,"enemies":"2 Louse","floor":1,"turns":1},{"damage":0,"enemies":"Jaw Worm","floor":4,"turns":1},{"damage":0,"enemies":"Small Slimes","floor":5,"turns":1},{"damage":3,"enemies":"Exordium Thugs","floor":7,"turns":4},{"damage":8,"enemies":"Red Slaver","floor":10,"turns":2},{"damage":0,"enemies":"Large Slime","floor":11,"turns":3},{"damage":31,"enemies":"Lagavulin","floor":12,"turns":5},{"damage":9,"enemies":"2 Fungi Beasts","floor":14,"turns":2},{"damage":31,"enemies":"The Guardian","floor":16,"turns":5}],"seed_played":"-8967987663409148335","potions_obtained":[{"floor":1,"key":"SkillPotion"},{"floor":5,"key":"Strength Potion"},{"floor":14,"key":"Ancient Potion"}],"is_trial":false,"path_per_floor":["M","?","?","M","M","R","M","$","T","M","M","E","?","M","R"],"character_chosen":"DEFECT","items_purchased":["Dramatic Entrance"],"campfire_rested":1,"item_purchase_floors":[8],"current_hp_per_floor":[75,75,57,57,57,57,54,54,54,46,46,15,15,6,28,0],"gold":128,"neow_bonus":"THREE_ENEMY_KILL","is_prod":false,"is_daily":false,"chose_seed":false,"campfire_upgraded":1,"win_rate":0.0,"timestamp":1541053354,"path_taken":["M","?","?","M","M","R","?","?","T","M","M","E","?","?","R","BOSS"],"build_version":"2018-10-25v2","purchased_purges":1,"victory":false,"max_hp_per_floor":[75,75,75,75,75,75,75,75,75,75,75,75,75,75,75,75],"card_choices":[{"not_picked":["Double Energy","Streamline"],"picked":"Rip and Tear","floor":1},{"not_picked":["Glacier","Cold Snap","Barrage"],"picked":"SKIP","floor":4},{"not_picked":["White Noise","Leap"],"picked":"Redo","floor":5},{"not_picked":["Rebound","Steam"],"picked":"Ball Lightning","floor":7},{"not_picked":["Gash","Steam"],"picked":"Beam Cell","floor":10},{"not_picked":["Leap","Chaos"],"picked":"Melter","floor":11},{"not_picked":["Ball Lightning","Fission"],"picked":"Melter","floor":12},{"not_picked":["Steam","Leap"],"picked":"Redo","floor":14},{"not_picked":["Hologram","Leap"],"picked":"Core Surge","floor":15}],"player_experience":183849,"relics_obtained":[{"floor":9,"key":"Lantern"},{"floor":12,"key":"Dream Catcher"}],"event_choices":[{"cards_removed":["Strike_B"],"damage_healed":0,"gold_gain":0,"player_choice":"Forget","damage_taken":0,"max_hp_gain":0,"max_hp_loss":0,"event_name":"Living Wall","floor":2,"gold_loss":0},{"damage_healed":0,"gold_gain":0,"player_choice":"Take Damage","damage_taken":18,"relics_obtained":["Golden Idol"],"max_hp_gain":0,"max_hp_loss":0,"event_name":"Golden Idol","floor":3,"gold_loss":0},{"damage_healed":0,"gold_gain":0,"player_choice":"Ignored","damage_taken":0,"max_hp_gain":0,"max_hp_loss":0,"event_name":"Liars Game","floor":13,"gold_loss":0}],"is_beta":false,"boss_relics":[],"items_purged_floors":[8],"is_endless":false,"potions_floor_spawned":[1,5,14],"killed_by":"The Guardian","ascension_level":0}