{"gold_per_floor":[112,112,128,148,32,57,57,87,87,87,87,112,131,41,41,118,118,96,96,96,107,307,307,337,337],"floor_reached":25,"playtime":1056,"items_purged":[],"score":499,"play_id":"d0de6c4a-6cc2-4556-9a27-ee3b906fd23c","local_time":"20190315010559","is_ascension_mode":true,"campfire_choices":[{"floor":7.0,"key":"REST"},{"data":"Leg Sweep","floor":11.0,"key":"SMITH"},{"data":"Noxious Fumes","floor":15.0,"key":"SMITH"},{"data":"Night Terror","floor":23,"key":"SMITH"}],"neow_cost":"NONE","seed_source_timestamp":160348365630935,"circlet_count":0,"master_deck":["AscendersBane","Defend_G","Defend_G","Defend_G","Defend_G","Defend_G","Survivor","Neutralize","Dash","Poisoned Stab","Poisoned Stab","Blur","Leg Sweep+1","Poisoned Stab","Adrenaline","Dodge and Roll","Noxious Fumes+1","Night Terror+1","PiercingWail","Dash","Leg Sweep","Blur","Deflect+1","Writhe","Bite","Bite","Bite","Bite","Bite","Catalyst"],"special_seed":0,"relics":["Ring of the Snake","NeowsBlessing","Letter Opener","Darkstone Periapt","Pear","FossilizedHelix","Orrery","Paper Crane","Snake Skull"],"potions_floor_usage":[24],"damage_taken":[{"damage":0.0,"enemies":"Jaw Worm","floor":1.0,"turns":1.0},{"damage":0.0,"enemies":"Cultist","floor":3.0,"turns":1.0},{"damage":0.0,"enemies":"Small Slimes","floor":4.0,"turns":1.0},{"damage":28.0,"enemies":"3 Sentries","floor":6.0,"turns":13.0},{"damage":22.0,"enemies":"Gremlin Nob","floor":8.0,"turns":4.0},{"damage":20.0,"enemies":"3 Sentries","floor":12.0,"turns":9.0},{"damage":0.0,"enemies":"Looter","floor":13.0,"turns":3.0},{"damage":1.0,"enemies":"Hexaghost","floor":16.0,"turns":11.0},{"damage":0.0,"enemies":"2 Thieves","floor":18.0,"turns":4.0},{"damage":0.0,"enemies":"Chosen","floor":21.0,"turns":6.0},{"damage":54,"enemies":"Gremlin Leader","floor":24,"turns":8},{"damage":24,"enemies":"Centurion and Healer","floor":25,"turns":9}],"seed_played":"4371943280311212040","potions_obtained":[{"floor":3.0,"key":"Energy Potion"},{"floor":8.0,"key":"SkillPotion"},{"floor":10.0,"key":"SteroidPotion"},{"floor":12.0,"key":"GhostInAJar"},{"floor":16.0,"key":"LiquidBronze"},{"floor":21.0,"key":"GhostInAJar"}],"is_trial":false,"path_per_floor":["M","?","M","M","$","E","R","E","T","?","R","E","M","$","R","B",null,"M","?","?","M","?","R","E","M"],"character_chosen":"THE_SILENT","items_purchased":["Blur","Leg Sweep","Noxious Fumes"],"campfire_rested":1,"item_purchase_floors":[5,5,14],"current_hp_per_floor":[59,50,50,50,50,22,41,19,29,29,29,9,9,9,9,8,59,59,65,57,57,57,57,9,0],"gold":337,"neow_bonus":"THREE_ENEMY_KILL","is_prod":false,"is_daily":false,"chose_seed":false,"campfire_upgraded":3,"win_rate":0,"timestamp":1552626359,"path_taken":["M","?","?","M","?","E","R","E","T","?","R","E","M","$","R","BOSS","M","?","?","M","?","R","E","?"],"build_version":"2019-02-06","purchased_purges":0,"victory":false,"max_hp_per_floor":[66,66,66,66,66,66,66,66,76,76,76,76,76,76,76,76,76,76,82,57,57,57,57,57,57],"card_choices":[{"not_picked":["Deflect","Distraction"],"picked":"Dash","floor":1.0},{"not_picked":["Bane","Dagger Throw"],"picked":"Poisoned Stab","floor":3.0},{"not_picked":["Concentrate","Eviscerate"],"picked":"Poisoned Stab","floor":4.0},{"not_picked":["Tactician","Calculated Gamble"],"picked":"Poisoned Stab","floor":6.0},{"not_picked":["Backflip","Deflect"],"picked":"Adrenaline","floor":8.0},{"not_picked":["Choke","Blade Dance"],"picked":"Dodge and Roll","floor":12.0},{"not_picked":["Bane","Sucker Punch","Flechettes"],"picked":"SKIP","floor":13.0},{"not_picked":["Tools of the Trade","Storm of Steel"],"picked":"Night Terror","floor":16.0},{"not_picked":["Crippling Poison","Distraction"],"picked":"PiercingWail","floor":17.0},{"not_picked":["Bane","Acrobatics"],"picked":"Dash","floor":17.0},{"not_picked":["Dodge and Roll","Concentrate"],"picked":"Leg Sweep","floor":17.0},{"not_picked":["Dagger Spray","Noxious Fumes"],"picked":"Blur","floor":17.0},{"not_picked":["Backflip","Sucker Punch"],"picked":"Deflect+1","floor":18.0},{"not_picked":["Bane","Expertise+1","Deadly Poison"],"picked":"SKIP","floor":21.0},{"not_picked":["Poisoned Stab","Quick Slash"],"picked":"Catalyst","floor":24}],"player_experience":1092599,"relics_obtained":[{"floor":6.0,"key":"Letter Opener"},{"floor":8.0,"key":"Darkstone Periapt"},{"floor":9.0,"key":"Pear"},{"floor":12.0,"key":"FossilizedHelix"},{"floor":24,"key":"Snake Skull"}],"event_choices":[{"damage_healed":0.0,"max_hp_gain":0.0,"max_hp_loss":0.0,"gold_gain":0.0,"event_name":"Wheel of Change","player_choice":"Damaged","floor":2.0,"gold_loss":0.0,"damage_taken":9.0},{"damage_healed":0.0,"max_hp_gain":0.0,"max_hp_loss":0.0,"gold_gain":0.0,"event_name":"Lab","player_choice":"Got Potions","floor":10.0,"gold_loss":0.0,"damage_taken":0.0},{"damage_healed":0.0,"max_hp_gain":0.0,"max_hp_loss":0.0,"gold_gain":0.0,"event_name":"The Mausoleum","player_choice":"Opened","floor":19.0,"gold_loss":0.0,"damage_taken":0.0,"relics_obtained":["Paper Crane"],"cards_obtained":["Writhe"]},{"damage_healed":0.0,"max_hp_gain":0.0,"max_hp_loss":25.0,"gold_gain":0.0,"event_name":"Vampires","player_choice":"Became a vampire","floor":20.0,"gold_loss":0.0,"damage_taken":0.0,"cards_obtained":["Bite","Bite","Bite","Bite","Bite"]},{"damage_healed":0,"gold_gain":250,"player_choice":"Bet on Owner","damage_taken":0,"max_hp_gain":0,"max_hp_loss":0,"event_name":"The Joust","floor":22,"gold_loss":50}],"is_beta":true,"boss_relics":[{"not_picked":["Calling Bell","Black Star"],"picked":"Orrery"}],"items_purged_floors":[],"is_endless":false,"potions_floor_spawned":[3,8,12,16,21],"killed_by":"Centurion and Healer","ascension_level":20}