{"gold_per_floor":[219,219,219,230,246,246,281,281,354,354,59,90,106,156,156,230,230,248,248,267,467,314,342,342,377,377,396,412,75,75,95,95,95],"floor_reached":33,"playtime":1378,"items_purged":["Strike_B","Zap","Bite"],"score":611,"play_id":"debbc97e-dd66-4f6b-a943-04666215468f","local_time":"20181025000723","is_ascension_mode":true,"campfire_choices":[{"data":"Streamline","floor":6.0,"key":"SMITH"},{"data":"Loop","floor":8.0,"key":"SMITH"},{"data":"Defragment","floor":10.0,"key":"SMITH"},{"floor":15,"key":"REST"},{"data":"Coolheaded","floor":24,"key":"SMITH"},{"data":"Amplify","floor":30,"key":"SMITH"},{"floor":32,"key":"REST"}],"neow_cost":"NONE","seed_source_timestamp":1141889553355883,"circlet_count":0,"master_deck":["Defend_B","Defend_B","Defend_B","Defend_B","Dualcast","AscendersBane","Defragment+1","Streamline+1","Loop+1","Conserve Battery","Cold Snap","Amplify+1","Coolheaded+1","Bite","Bite","Bite","Bite","Sweeping Beam+1","Barrage","Leap"],"special_seed":0,"relics":["Cracked Core","Orichalcum","Potion Belt","Letter Opener","Oddly Smooth Stone","Girya","Inserter","Ancient Tea Set","PreservedInsect","Mercury Hourglass","OrangePellets"],"potions_floor_usage":[16,20,23,25,27,33],"damage_taken":[{"damage":15.0,"enemies":"Small Slimes","floor":1.0,"turns":4.0},{"damage":0.0,"enemies":"Cultist","floor":4.0,"turns":3.0},{"damage":2.0,"enemies":"Jaw Worm","floor":5.0,"turns":3.0},{"damage":12.0,"enemies":"Lagavulin","floor":7.0,"turns":5.0},{"damage":22.0,"enemies":"3 Sentries","floor":12.0,"turns":5.0},{"damage":2.0,"enemies":"Exordium Wildlife","floor":13.0,"turns":4.0},{"damage":8,"enemies":"The Guardian","floor":16,"turns":8},{"damage":19,"enemies":"Chosen","floor":18,"turns":5},{"damage":3,"enemies":"3 Byrds","floor":20,"turns":3},{"damage":40,"enemies":"Slavers","floor":23,"turns":9},{"damage":35,"enemies":"Gremlin Leader","floor":25,"turns":9},{"damage":27,"enemies":"Cultist and Chosen","floor":27,"turns":6},{"damage":20,"enemies":"Snake Plant","floor":28,"turns":4},{"damage":14,"enemies":"3 Cultists","floor":31,"turns":7},{"damage":39,"enemies":"Collector","floor":33,"turns":3}],"seed_played":"-6088957823042198435","potions_obtained":[{"floor":4.0,"key":"EssenceOfSteel"},{"floor":5.0,"key":"SkillPotion"},{"floor":13.0,"key":"SkillPotion"},{"floor":16,"key":"PowerPotion"},{"floor":18,"key":"GamblersBrew"},{"floor":25,"key":"Ancient Potion"}],"is_trial":false,"path_per_floor":["M","?","?","M","M","R","E","R","T","R","$","E","M","?","R","B",null,"M","?","M","?","$","E","R","E","T","M","M","$","R","M","R"],"character_chosen":"DEFECT","items_purchased":["Oddly Smooth Stone","PowerPotion","SkillPotion","OrangePellets"],"campfire_rested":2,"item_purchase_floors":[11,11,22,29],"current_hp_per_floor":[49,49,49,49,47,47,35,35,35,35,35,13,11,4,25,17,58,39,39,46,46,46,34,34,43,43,32,16,16,16,18,32,0],"gold":95,"neow_bonus":"HUNDRED_GOLD","is_prod":false,"is_daily":false,"chose_seed":false,"campfire_upgraded":5,"win_rate":0,"timestamp":1540440443,"path_taken":["M","?","?","M","M","R","E","R","T","R","?","E","M","?","R","BOSS","M","?","M","?","$","E","R","E","T","M","M","$","R","?","R","BOSS"],"build_version":"2018-10-18","purchased_purges":3,"victory":false,"max_hp_per_floor":[71,71,71,71,71,71,71,71,71,71,71,71,71,71,71,71,71,71,49,49,49,49,49,49,49,49,49,49,49,49,49,49,49],"card_choices":[{"not_picked":["Gash","Barrage"],"picked":"Coolheaded","floor":1.0},{"not_picked":["Rebound","Hologram"],"picked":"Defragment","floor":4.0},{"not_picked":["Beam Cell","Reprogram"],"picked":"Streamline","floor":5.0},{"not_picked":["Rebound","Undo"],"picked":"Loop","floor":7.0},{"not_picked":["Beam Cell","Steam"],"picked":"Conserve Battery","floor":12.0},{"not_picked":["Compile Driver","Streamline"],"picked":"Cold Snap","floor":13.0},{"not_picked":["Buffer","Hyperbeam"],"picked":"Amplify","floor":16},{"not_picked":["Leap","Capacitor"],"picked":"Coolheaded","floor":18},{"not_picked":["Cold Snap","Ball Lightning","Scrape"],"picked":"SKIP","floor":20},{"not_picked":["Beam Cell","Aggregate","Gash"],"picked":"SKIP","floor":23},{"not_picked":["Machine Learning","Ball Lightning+1"],"picked":"Sweeping Beam+1","floor":25},{"not_picked":["Barrage","Compile Driver","BootSequence"],"picked":"SKIP","floor":27},{"not_picked":["Compile Driver","BootSequence"],"picked":"Barrage","floor":27},{"not_picked":["Skim","Static Discharge"],"picked":"Leap","floor":28},{"not_picked":["Conserve Battery","Gash+1","Turbo"],"picked":"SKIP","floor":31}],"player_experience":1018417,"relics_obtained":[{"floor":7.0,"key":"Potion Belt"},{"floor":9.0,"key":"Letter Opener"},{"floor":12.0,"key":"Girya"},{"floor":23,"key":"Ancient Tea Set"},{"floor":25,"key":"PreservedInsect"},{"floor":26,"key":"Mercury Hourglass"}],"event_choices":[{"cards_removed":["Coolheaded"],"damage_healed":0.0,"max_hp_gain":0.0,"max_hp_loss":0.0,"gold_gain":0.0,"event_name":"WeMeetAgain","player_choice":"Gave Card","floor":2.0,"gold_loss":0.0,"damage_taken":0.0,"relics_obtained":["Orichalcum"]},{"damage_healed":0.0,"max_hp_gain":0.0,"max_hp_loss":0.0,"gold_gain":0.0,"event_name":"Liars Game","player_choice":"Ignored","floor":3.0,"gold_loss":0.0,"damage_taken":0.0},{"damage_healed":0,"gold_gain":50,"player_choice":"Touch","damage_taken":7,"max_hp_gain":0,"max_hp_loss":0,"event_name":"FaceTrader","floor":14,"gold_loss":0},{"damage_healed":0,"gold_gain":0,"player_choice":"Became a vampire","damage_taken":0,"max_hp_gain":0,"max_hp_loss":22,"event_name":"Vampires","floor":19,"gold_loss":0,"cards_obtained":["Bite","Bite","Bite","Bite","Bite"]},{"damage_healed":0,"gold_gain":200,"player_choice":"Gold","damage_taken":0,"max_hp_gain":0,"max_hp_loss":0,"event_name":"Wheel of Change","floor":21,"gold_loss":0}],"is_beta":false,"boss_relics":[{"not_picked":["Velvet Choker","FrozenCore"],"picked":"Inserter"}],"items_purged_floors":[11,22,29],"is_endless":false,"potions_floor_spawned":[4,5,13,16,18,25],"killed_by":"Collector","ascension_level":20}