{"gold_per_floor":[118,39,39,39,39,39,64,64,64,82,107,125,198,14,14,143,143,157,82,82,7,30,73,89,130,130,173,173],"floor_reached":28,"playtime":1475,"items_purged":["Strike_G"],"score":346,"play_id":"69a16783-eff8-4b44-b60b-beae8747d3b9","local_time":"20190120224329","is_ascension_mode":true,"campfire_choices":[{"data":"Escape Plan","floor":6,"key":"SMITH"},{"data":"Infinite Blades","floor":8,"key":"SMITH"},{"floor":15,"key":"REST"}],"neow_cost":"TEN_PERCENT_HP_LOSS","seed_source_timestamp":21987890604995,"circlet_count":0,"master_deck":["Defend_G","Defend_G+1","Defend_G","Strike_G+1","Strike_G+1","Strike_G+1","Survivor","Neutralize+1","PiercingWail","Escape Plan+1","Infinite Blades+1","Blade Dance+1","Dodge and Roll+1","Leg Sweep+1","Heel Hook+1","Predator+1","A Thousand Cuts","Flying Knee+1","RitualDagger+1","Footwork","Night Terror+1","Sucker Punch+1","Prepared+1"],"relics":["Ring of the Snake","Golden Idol","Toxic Egg 2","Molten Egg 2","Pen Nib","Fusion Hammer","Blue Candle","Whetstone","Bottled Flame","Matryoshka"],"potions_floor_usage":[12,13,16,27,27,27],"damage_taken":[{"damage":0,"enemies":"2 Louse","floor":1,"turns":4},{"damage":1,"enemies":"Small Slimes","floor":7,"turns":3},{"damage":0,"enemies":"Cultist","floor":10,"turns":4},{"damage":8,"enemies":"Gremlin Gang","floor":11,"turns":5},{"damage":1,"enemies":"2 Fungi Beasts","floor":12,"turns":2},{"damage":21,"enemies":"Lagavulin Event","floor":13,"turns":6},{"damage":13,"enemies":"Slime Boss","floor":16,"turns":9},{"damage":0,"enemies":"Shell Parasite","floor":18,"turns":5},{"damage":0,"enemies":"2 Thieves","floor":22,"turns":4},{"damage":5,"enemies":"Gremlin Leader","floor":23,"turns":5},{"damage":3,"enemies":"Snecko","floor":24,"turns":5},{"damage":15,"enemies":"Book of Stabbing","floor":25,"turns":5},{"damage":19,"enemies":"Slavers","floor":27,"turns":6},{"damage":4,"enemies":"Snake Plant","floor":28,"turns":1}],"seed_played":"3971997737884154395","potions_obtained":[{"floor":10,"key":"SteroidPotion"},{"floor":11,"key":"Dexterity Potion"},{"floor":12,"key":"SteroidPotion"},{"floor":13,"key":"AttackPotion"},{"floor":23,"key":"GamblersBrew"},{"floor":24,"key":"SpeedPotion"},{"floor":27,"key":"FearPotion"}],"is_trial":false,"path_per_floor":["M","$","?","?","?","R","M","R","T","M","M","M","?","$","R","B",null,"M","?","?","$","M","E","M","E","T","E","M"],"character_chosen":"THE_SILENT","items_purchased":["Escape Plan","Pen Nib","Predator+1"],"campfire_rested":1,"item_purchase_floors":[2,14,14],"current_hp_per_floor":[63,63,50,50,50,50,49,49,49,49,41,40,19,19,36,23,49,49,49,43,43,43,38,35,20,20,1,0],"gold":173,"neow_bonus":"REMOVE_TWO","is_prod":false,"is_daily":false,"chose_seed":false,"campfire_upgraded":2,"win_rate":0,"timestamp":1548042209,"path_taken":["M","$","?","?","?","R","M","R","T","M","?","?","?","?","R","BOSS","M","?","?","?","M","E","M","E","T","E","M"],"build_version":"2019-01-19","purchased_purges":1,"victory":false,"max_hp_per_floor":[63,63,63,58,58,58,58,58,58,58,58,58,58,58,58,58,58,58,58,58,58,58,58,58,58,58,58,58],"card_choices":[{"not_picked":["Bane","Riddle With Holes"],"picked":"PiercingWail","floor":1},{"not_picked":["Poisoned Stab","Tactician"],"picked":"Infinite Blades","floor":7},{"not_picked":["Deadly Poison+1","Flying Knee"],"picked":"Blade Dance+1","floor":10},{"not_picked":["Concentrate+1","Well Laid Plans"],"picked":"Dodge and Roll+1","floor":11},{"not_picked":["Noxious Fumes","Dagger Throw"],"picked":"Leg Sweep+1","floor":12},{"not_picked":["Backflip+1","Predator"],"picked":"Heel Hook","floor":13},{"not_picked":["Bullet Time+1","Tools of the Trade"],"picked":"A Thousand Cuts","floor":16},{"not_picked":["Prepared+1","Outmaneuver+1"],"picked":"Flying Knee+1","floor":18},{"not_picked":["Dagger Spray+1","Slice+1"],"picked":"Footwork","floor":22},{"not_picked":["Wraith Form v2","Cloak And Dagger+1"],"picked":"Night Terror+1","floor":23},{"not_picked":["Quick Slash+1","Concentrate+1"],"picked":"Sucker Punch+1","floor":24},{"not_picked":["Riddle With Holes+1","Distraction+1","Catalyst+1"],"picked":"SKIP","floor":25},{"not_picked":["Flying Knee+1","Grand Finale+1"],"picked":"Prepared+1","floor":27}],"player_experience":239452,"relics_obtained":[{"floor":9,"key":"Toxic Egg 2"},{"floor":13,"key":"Molten Egg 2"},{"floor":23,"key":"Blue Candle"},{"floor":25,"key":"Whetstone"},{"floor":26,"key":"Bottled Flame"},{"floor":27,"key":"Matryoshka"}],"event_choices":[{"damage_healed":0,"gold_gain":0,"player_choice":"Entered Light","damage_taken":13,"max_hp_gain":0,"max_hp_loss":0,"event_name":"Shining Light","floor":3,"gold_loss":0,"cards_upgraded":["Defend_G","Strike_G"]},{"damage_healed":0,"gold_gain":0,"player_choice":"Lose Max HP","damage_taken":0,"relics_obtained":["Golden Idol"],"max_hp_gain":0,"max_hp_loss":5,"event_name":"Golden Idol","floor":4,"gold_loss":0},{"damage_healed":0,"gold_gain":0,"player_choice":"Upgraded","damage_taken":0,"max_hp_gain":0,"max_hp_loss":0,"event_name":"Upgrade Shrine","floor":5,"gold_loss":0,"cards_upgraded":["Neutralize"]},{"damage_healed":0,"gold_gain":30,"player_choice":"Searched \u00273\u0027 times","damage_taken":0,"max_hp_gain":0,"max_hp_loss":0,"event_name":"Dead Adventurer","floor":13,"gold_loss":0},{"cards_removed":["Strike_G"],"damage_healed":0,"gold_gain":0,"player_choice":"Gave Gold","damage_taken":0,"max_hp_gain":0,"max_hp_loss":0,"event_name":"Beggar","floor":19,"gold_loss":75},{"damage_healed":0,"gold_gain":0,"player_choice":"Joined the Cult","damage_taken":6,"max_hp_gain":0,"max_hp_loss":0,"event_name":"Nest","floor":20,"gold_loss":0,"cards_obtained":["RitualDagger"]}],"is_beta":true,"boss_relics":[{"not_picked":["Philosopher\u0027s Stone","Empty Cage"],"picked":"Fusion Hammer"}],"items_purged_floors":[21],"is_endless":false,"potions_floor_spawned":[10,11,12,13,23,24,27],"killed_by":"Snake Plant","ascension_level":6}