{"gold_per_floor":[366,383,402,68,85,85,102,102,102,116,127,127,145,145,145,219,219,231,251,36,36,50,50,76,76,76,88,32,64,64,96,96,175,175,189,189,202,212,224,252,30,45,70,70,170,184,184,194,194,194],"floor_reached":51,"playtime":3518,"items_purged":["Strike_B"],"score":1599,"play_id":"6155abca-7eec-4666-a147-be37a341ac4b","local_time":"20190312055303","is_ascension_mode":true,"campfire_choices":[{"data":"Loop","floor":6,"key":"SMITH"},{"floor":8,"key":"REST"},{"floor":12,"key":"REST"},{"data":"Go for the Eyes","floor":15,"key":"SMITH"},{"data":"Biased Cognition","floor":23,"key":"SMITH"},{"data":"Seek","floor":25,"key":"SMITH"},{"data":"White Noise","floor":32,"key":"SMITH"},{"data":"Darkness","floor":44,"key":"SMITH"},{"data":"Fusion","floor":47,"key":"SMITH"},{"data":"Coolheaded","floor":49,"key":"SMITH"}],"neow_cost":"PERCENT_DAMAGE","seed_source_timestamp":251569535909034,"circlet_count":0,"master_deck":["AscendersBane","Defend_B","Defend_B","Defend_B","Defend_B","Zap","Dualcast","Go for the Eyes+1","Leap","Scrape","Loop+1","Steam","Sunder","Cold Snap","Biased Cognition+1","Compile Driver","Electrodynamics","Gash+1","Gash","Gash","Cold Snap","Seek+1","Coolheaded+1","Cold Snap","BootSequence","Bite","Bite","Bite","Bite","Bite","White Noise+1","Seek+1","Darkness+1","Recycle+1","Fusion+1","Conserve Battery","Turbo","Compile Driver+1","Gash"],"relics":["Cracked Core","OrangePellets","Mummified Hand","Runic Pyramid","Oddly Smooth Stone","StoneCalendar","Mercury Hourglass","Lantern","Ornamental Fan","Sundial","Inserter","War Paint","Toolbox","Juzu Bracelet","Ice Cream"],"potions_floor_usage":[7,16,18,19,22,27,35,39,45],"damage_taken":[{"damage":1,"enemies":"Cultist","floor":1,"turns":3},{"damage":11,"enemies":"Small Slimes","floor":2,"turns":4},{"damage":0,"enemies":"Jaw Worm","floor":3,"turns":3},{"damage":4,"enemies":"Red Slaver","floor":5,"turns":4},{"damage":3,"enemies":"Large Slime","floor":7,"turns":5},{"damage":0,"enemies":"2 Fungi Beasts","floor":10,"turns":3},{"damage":8,"enemies":"Looter","floor":11,"turns":3},{"damage":15,"enemies":"3 Louse","floor":13,"turns":3},{"damage":0,"enemies":"The Guardian","floor":16,"turns":7},{"damage":5,"enemies":"2 Thieves","floor":18,"turns":3},{"damage":0,"enemies":"3 Byrds","floor":19,"turns":2},{"damage":0,"enemies":"3 Cultists","floor":22,"turns":3},{"damage":0,"enemies":"Gremlin Leader","floor":24,"turns":7},{"damage":7,"enemies":"Centurion and Healer","floor":27,"turns":4},{"damage":24,"enemies":"Slavers","floor":29,"turns":4},{"damage":5,"enemies":"Gremlin Leader","floor":31,"turns":6},{"damage":0,"enemies":"Collector","floor":33,"turns":8},{"damage":1,"enemies":"3 Shapes","floor":35,"turns":2},{"damage":0,"enemies":"Orb Walker","floor":37,"turns":3},{"damage":0,"enemies":"Writhing Mass","floor":38,"turns":7},{"damage":1,"enemies":"Transient","floor":39,"turns":5},{"damage":29,"enemies":"Nemesis","floor":40,"turns":7},{"damage":0,"enemies":"Maw","floor":42,"turns":9},{"damage":0,"enemies":"Mind Bloom Boss Battle","floor":45,"turns":6},{"damage":0,"enemies":"4 Shapes","floor":46,"turns":4},{"damage":5,"enemies":"Jaw Worm Horde","floor":48,"turns":3},{"damage":31,"enemies":"Time Eater","floor":50,"turns":11}],"seed_played":"4299103572014137859","potions_obtained":[{"floor":3,"key":"AttackPotion"},{"floor":5,"key":"PowerPotion"},{"floor":7,"key":"FearPotion"},{"floor":13,"key":"Block Potion"},{"floor":16,"key":"AttackPotion"},{"floor":18,"key":"Block Potion"},{"floor":19,"key":"Poison Potion"},{"floor":24,"key":"Block Potion"},{"floor":31,"key":"Swift Potion"},{"floor":35,"key":"Fire Potion"},{"floor":39,"key":"SteroidPotion"},{"floor":42,"key":"SpeedPotion"}],"is_trial":false,"path_per_floor":["M","M","M","$","M","R","M","R","T","M","M","R","M","?","R","B",null,"M","M","$","?","M","R","E","R","T","M","$","E","?","E","R","B",null,"M","?","M","M","M","E","$","M","T","R","?","M","R","M","R","B",null],"character_chosen":"DEFECT","items_purchased":["OrangePellets","Loop","Oddly Smooth Stone","Gash","Cold Snap","Toolbox"],"campfire_rested":2,"item_purchase_floors":[4,4,20,20,28,41],"current_hp_per_floor":[45,34,34,34,30,30,27,48,48,48,40,61,46,46,46,46,65,60,60,60,60,60,60,60,60,60,53,53,29,29,34,34,49,49,48,48,49,49,49,26,26,36,36,36,40,46,46,41,41,28],"gold":194,"neow_bonus":"TWO_FIFTY_GOLD","is_prod":false,"is_daily":false,"chose_seed":false,"campfire_upgraded":8,"win_rate":0,"timestamp":1552384383,"path_taken":["M","M","M","$","M","R","M","R","T","M","M","R","?","?","R","BOSS","M","M","$","?","?","R","E","R","T","M","$","E","?","E","R","BOSS","M","?","M","M","M","E","$","M","T","R","?","M","R","M","R","BOSS"],"build_version":"2019-02-06","purchased_purges":1,"victory":true,"max_hp_per_floor":[71,71,71,71,71,71,71,71,71,71,71,71,71,71,71,71,71,71,71,71,71,71,71,71,71,71,71,71,71,49,49,49,49,49,49,49,49,49,49,49,49,49,49,49,49,49,49,49,49,49],"card_choices":[{"not_picked":["Leap","Turbo"],"picked":"Go for the Eyes","floor":1},{"not_picked":["Force Field","Coolheaded"],"picked":"Leap","floor":2},{"not_picked":["Hello World","Lockon"],"picked":"Scrape","floor":3},{"not_picked":["Sweeping Beam","Doom and Gloom"],"picked":"Steam","floor":5},{"not_picked":["Self Repair","Coolheaded"],"picked":"Sunder","floor":7},{"not_picked":["Coolheaded","Sweeping Beam"],"picked":"Cold Snap","floor":10},{"not_picked":["Hologram","Redo"],"picked":"Biased Cognition","floor":11},{"not_picked":["Force Field","Redo","Turbo"],"picked":"SKIP","floor":13},{"not_picked":["Multi-Cast","Rainbow"],"picked":"Electrodynamics","floor":16},{"not_picked":["Conserve Battery","Go for the Eyes"],"picked":"Gash+1","floor":18},{"not_picked":["Chill","Steam Power+1"],"picked":"Gash","floor":19},{"not_picked":["Redo","Streamline"],"picked":"Cold Snap","floor":22},{"not_picked":["Steam Power","Streamline"],"picked":"Seek","floor":24},{"not_picked":["Compile Driver","Leap"],"picked":"Coolheaded","floor":27},{"not_picked":["Compile Driver","Go for the Eyes"],"picked":"BootSequence","floor":29},{"not_picked":["Fusion+1","Hyperbeam"],"picked":"White Noise","floor":31},{"not_picked":["Core Surge","Rainbow"],"picked":"Seek","floor":33},{"not_picked":["Cold Snap+1","Ball Lightning+1"],"picked":"Darkness","floor":35},{"not_picked":["Barrage+1","Storm"],"picked":"Recycle","floor":37},{"not_picked":["Coolheaded","Rebound","Leap"],"picked":"SKIP","floor":38},{"not_picked":["Static Discharge","Rebound+1"],"picked":"Fusion","floor":39},{"not_picked":["Leap","Storm+1","Hello World"],"picked":"SKIP","floor":40},{"not_picked":["Sunder","Hello World"],"picked":"Conserve Battery","floor":42},{"not_picked":["Scrape","Barrage"],"picked":"Turbo","floor":45},{"not_picked":["Auto Shields+1","Heatsinks"],"picked":"Compile Driver+1","floor":46},{"not_picked":["Leap","Double Energy"],"picked":"Gash","floor":48}],"player_experience":482136,"relics_obtained":[{"floor":9,"key":"Mummified Hand"},{"floor":24,"key":"Mercury Hourglass"},{"floor":26,"key":"Lantern"},{"floor":29,"key":"Ornamental Fan"},{"floor":31,"key":"Sundial"},{"floor":40,"key":"War Paint"},{"floor":43,"key":"Juzu Bracelet"},{"floor":45,"key":"Ice Cream"}],"event_choices":[{"damage_healed":0,"gold_gain":0,"cards_transformed":["Strike_B"],"player_choice":"Change","damage_taken":0,"max_hp_gain":0,"max_hp_loss":0,"event_name":"Living Wall","floor":14,"gold_loss":0,"cards_obtained":["Compile Driver"]},{"damage_healed":0,"gold_gain":0,"player_choice":"Gave Potion","damage_taken":0,"relics_obtained":["StoneCalendar"],"max_hp_gain":0,"max_hp_loss":0,"event_name":"WeMeetAgain","floor":21,"gold_loss":0},{"damage_healed":0,"gold_gain":0,"player_choice":"Became a vampire","damage_taken":0,"max_hp_gain":0,"max_hp_loss":22,"event_name":"Vampires","floor":30,"gold_loss":0,"cards_obtained":["Bite","Bite","Bite","Bite","Bite"]},{"damage_healed":0,"gold_gain":0,"player_choice":"Ignored","damage_taken":0,"max_hp_gain":0,"max_hp_loss":0,"event_name":"Tomb of Lord Red Mask","floor":36,"gold_loss":0},{"damage_healed":0,"gold_gain":0,"player_choice":"Fight","damage_taken":0,"max_hp_gain":0,"max_hp_loss":0,"event_name":"MindBloom","floor":45,"gold_loss":0}],"is_beta":true,"boss_relics":[{"not_picked":["Snecko Eye","Coffee Dripper"],"picked":"Runic Pyramid"},{"not_picked":["Velvet Choker","Calling Bell"],"picked":"Inserter"}],"items_purged_floors":[4],"is_endless":false,"potions_floor_spawned":[3,5,7,13,16,18,19,24,31,35,39,42],"ascension_level":16}