{"gold_per_floor":[109,119,194,207,207,238,238,250,250,250,283,283,308,325,325,325],"floor_reached":16,"playtime":457,"items_purged":[],"score":240,"play_id":"47193ff4-0ddd-43a9-a4cd-b5b873b43f5c","local_time":"20181105220214","is_ascension_mode":true,"campfire_choices":[{"data":"Ball Lightning","floor":7,"key":"SMITH"},{"data":"Dualcast","floor":15,"key":"SMITH"}],"neow_cost":"NONE","seed_source_timestamp":220265546796869,"circlet_count":0,"master_deck":["AscendersBane","Strike_B","Strike_B","Strike_B","Defend_B","Defend_B","Defend_B","Defend_B","Zap","Dualcast+1","Steam","Chill+1","Cold Snap","Doom and Gloom+1","Ball Lightning+1","Recycle","Core Surge","Genetic Algorithm","Rebound"],"relics":["Cracked Core","Juzu Bracelet","Anchor","Dodecahedron","Matryoshka"],"potions_floor_usage":[6,13,16],"damage_taken":[{"damage":8,"enemies":"Jaw Worm","floor":1,"turns":4},{"damage":1,"enemies":"2 Louse","floor":2,"turns":3},{"damage":0,"enemies":"Cultist","floor":4,"turns":3},{"damage":4,"enemies":"Gremlin Nob","floor":6,"turns":3},{"damage":0,"enemies":"Lots of Slimes","floor":8,"turns":1},{"damage":20,"enemies":"Lagavulin","floor":11,"turns":5},{"damage":1,"enemies":"Gremlin Nob","floor":13,"turns":3},{"damage":1,"enemies":"Blue Slaver","floor":14,"turns":4},{"damage":18,"enemies":"Slime Boss","floor":16,"turns":3}],"seed_played":"-3337841700743117330","potions_obtained":[{"floor":2,"key":"AttackPotion"},{"floor":4,"key":"GamblersBrew"},{"floor":11,"key":"LiquidBronze"},{"floor":14,"key":"SpeedPotion"}],"is_trial":false,"path_per_floor":["M","M","?","M","?","E","R","M","T","?","E","?","E","M","R","B"],"character_chosen":"DEFECT","items_purchased":[],"campfire_rested":0,"item_purchase_floors":[],"current_hp_per_floor":[56,55,44,44,44,40,40,40,40,40,20,20,19,18,18,0],"gold":325,"neow_bonus":"THREE_CARDS","is_prod":false,"is_daily":false,"chose_seed":false,"campfire_upgraded":2,"win_rate":0,"timestamp":1541473334,"path_taken":["M","M","?","M","?","E","R","M","T","?","E","?","E","M","R","BOSS"],"build_version":"2018-11-02","purchased_purges":0,"victory":false,"max_hp_per_floor":[71,71,71,71,71,71,71,71,71,71,71,71,71,71,71,71],"card_choices":[{"not_picked":["Rip and Tear","Coolheaded"],"picked":"Steam","floor":0},{"not_picked":["Streamline","Compile Driver"],"picked":"Chill","floor":1},{"not_picked":["Coolheaded","Double Energy"],"picked":"Cold Snap","floor":2},{"not_picked":["Stack","Fusion"],"picked":"Doom and Gloom","floor":4},{"not_picked":["Scrape","Rebound"],"picked":"Ball Lightning","floor":6},{"not_picked":["Scrape","Gash","Rebound"],"picked":"SKIP","floor":8},{"not_picked":["Sweeping Beam","Rebound"],"picked":"Core Surge","floor":11},{"not_picked":["Aggregate","Double Energy"],"picked":"Genetic Algorithm","floor":13},{"not_picked":["Storm","Redo"],"picked":"Rebound","floor":14}],"player_experience":856301,"relics_obtained":[{"floor":6,"key":"Juzu Bracelet"},{"floor":9,"key":"Anchor"},{"floor":11,"key":"Dodecahedron"},{"floor":13,"key":"Matryoshka"}],"event_choices":[{"damage_healed":0,"gold_gain":75,"player_choice":"Gather Gold","damage_taken":11,"max_hp_gain":0,"max_hp_loss":0,"event_name":"World of Goop","floor":3,"gold_loss":0},{"damage_healed":0,"gold_gain":0,"player_choice":"Upgraded","damage_taken":0,"max_hp_gain":0,"max_hp_loss":0,"event_name":"Upgrade Shrine","floor":5,"gold_loss":0,"cards_upgraded":["Doom and Gloom"]},{"damage_healed":0,"gold_gain":0,"cards_transformed":["Strike_B"],"player_choice":"Transformed","damage_taken":0,"max_hp_gain":0,"max_hp_loss":0,"event_name":"Transmorgrifier","floor":10,"gold_loss":0,"cards_obtained":["Recycle"]},{"damage_healed":0,"gold_gain":0,"player_choice":"Grow","damage_taken":0,"max_hp_gain":0,"max_hp_loss":0,"event_name":"Living Wall","floor":12,"gold_loss":0,"cards_upgraded":["Chill"]}],"is_beta":true,"boss_relics":[],"items_purged_floors":[],"is_endless":false,"potions_floor_spawned":[2,4,11,14],"killed_by":"Slime Boss","ascension_level":20}