{"gold_per_floor":[113,113,130,130,130,130,165,165,192,206,221,221,246,246,246,246],"floor_reached":16,"playtime":376,"items_purged":[],"score":266,"play_id":"d48d7436-9876-4561-b02f-963f479320ad","local_time":"20190315014135","is_ascension_mode":true,"campfire_choices":[{"data":"Zap","floor":6.0,"key":"SMITH"},{"floor":12,"key":"REST"},{"data":"Defragment","floor":15,"key":"SMITH"}],"neow_cost":"NONE","seed_source_timestamp":163124211438069,"circlet_count":0,"master_deck":["AscendersBane","Strike_B+1","Strike_B+1","Strike_B","Strike_B","Defend_B","Defend_B","Defend_B","Defend_B","Zap+1","Dualcast","Defragment+1","Steam","Ball Lightning","Capacitor","Core Surge"],"special_seed":0,"relics":["Cracked Core","PreservedInsect","Letter Opener","Whetstone","CultistMask","Happy Flower","Kunai"],"potions_floor_usage":[16],"damage_taken":[{"damage":1.0,"enemies":"Cultist","floor":1.0,"turns":4.0},{"damage":15.0,"enemies":"Small Slimes","floor":3.0,"turns":4.0},{"damage":10.0,"enemies":"3 Sentries","floor":7.0,"turns":4.0},{"damage":2,"enemies":"2 Louse","floor":10,"turns":2},{"damage":7,"enemies":"Red Slaver","floor":11,"turns":3},{"damage":0,"enemies":"Lagavulin","floor":13,"turns":5},{"damage":43,"enemies":"Slime Boss","floor":16,"turns":6}],"seed_played":"7909317214884652046","potions_obtained":[{"floor":10,"key":"LiquidBronze"},{"floor":13,"key":"AttackPotion"}],"is_trial":false,"path_per_floor":["M","$","M","?","?","R","E","?","T","M","M","R","E","?","R","B"],"character_chosen":"DEFECT","items_purchased":[],"campfire_rested":1,"item_purchase_floors":[],"current_hp_per_floor":[63,63,48,37,37,37,27,27,27,25,18,39,39,39,39,0],"gold":246,"neow_bonus":"RANDOM_COMMON_RELIC","is_prod":false,"is_daily":false,"chose_seed":false,"campfire_upgraded":2,"win_rate":0,"timestamp":1552628495,"path_taken":["M","?","M","?","?","R","E","?","T","M","?","R","E","?","R","BOSS"],"build_version":"2019-02-06","purchased_purges":0,"victory":false,"max_hp_per_floor":[71,71,71,71,71,71,71,71,71,71,71,71,71,71,71,71],"card_choices":[{"not_picked":["Go for the Eyes","Aggregate"],"picked":"Defragment","floor":1.0},{"not_picked":["Recycle","Leap"],"picked":"Steam","floor":3.0},{"not_picked":["Redo","Coolheaded"],"picked":"Ball Lightning","floor":7},{"not_picked":["Go for the Eyes","Turbo"],"picked":"Capacitor","floor":10},{"not_picked":["Rebound","Capacitor","Barrage"],"picked":"SKIP","floor":11},{"not_picked":["Blizzard","Leap"],"picked":"Core Surge","floor":13}],"player_experience":1094227,"relics_obtained":[{"floor":7,"key":"Whetstone"},{"floor":9,"key":"Happy Flower"},{"floor":13,"key":"Kunai"}],"event_choices":[{"damage_healed":0.0,"max_hp_gain":0.0,"max_hp_loss":0.0,"gold_gain":0.0,"event_name":"Scrap Ooze","player_choice":"Success","floor":4.0,"gold_loss":0.0,"damage_taken":11.0,"relics_obtained":["Letter Opener"]},{"damage_healed":0.0,"max_hp_gain":0.0,"max_hp_loss":0.0,"gold_gain":0.0,"event_name":"Golden Wing","player_choice":"Ignored","floor":5.0,"gold_loss":0.0,"damage_taken":0.0},{"damage_healed":0,"gold_gain":0,"player_choice":"Trade","damage_taken":0,"relics_obtained":["CultistMask"],"max_hp_gain":0,"max_hp_loss":0,"event_name":"FaceTrader","floor":8,"gold_loss":0},{"damage_healed":0,"gold_gain":0,"player_choice":"Leave","damage_taken":0,"max_hp_gain":0,"max_hp_loss":0,"event_name":"The Cleric","floor":14,"gold_loss":0}],"is_beta":true,"boss_relics":[],"items_purged_floors":[],"is_endless":false,"potions_floor_spawned":[10,13],"killed_by":"Slime Boss","ascension_level":20}