{"gold_per_floor":[114,114,60,60,135,164,164,21,68,94,94,114,134,160,160,262,262,278,278,20,20,39,39,70,70,119,153,171,171,206,221,221,321,321,333,333,333,333,353,387,400,416,416,416,416,516,516,548,548,548,548,548,16,44,44],"floor_reached":55,"playtime":3649,"items_purged":[],"score":917,"play_id":"52a46de6-fecf-464a-93a8-05dfbe38fba2","local_time":"20190325022553","is_ascension_mode":true,"campfire_choices":[{"floor":7.0,"key":"REST"},{"floor":11.0,"key":"REST"},{"floor":15.0,"key":"REST"},{"floor":23.0,"key":"REST"},{"data":"Uppercut","floor":25.0,"key":"SMITH"},{"floor":32.0,"key":"REST"},{"data":"Clothesline","floor":45.0,"key":"SMITH"},{"data":"True Grit","floor":47.0,"key":"SMITH"},{"floor":49.0,"key":"RECALL"},{"data":"Shrug It Off","floor":52.0,"key":"SMITH"}],"neow_cost":"NONE","seed_source_timestamp":48611649537300,"circlet_count":0,"master_deck":["Strike_R","Defend_R","Defend_R","Defend_R","Defend_R","True Grit+1","Clothesline+1","Inflame","Spot Weakness+1","Shrug It Off+1","Uppercut+1","Reaper","Pummel","Headbutt+1","Pommel Strike+1","Havoc+1","Heavy Blade+1","Offering","Heavy Blade+1","Sever Soul+1","Perfected Strike+1","Infernal Blade+1","Master of Strategy","Trip","Sword Boomerang+1","Evolve+1","Apotheosis","Iron Wave"],"special_seed":0,"relics":["Empty Cage","Juzu Bracelet","Red Skull","Nunchaku","Lantern","Oddly Smooth Stone","Vajra","Philosopher\u0027s Stone","Pantograph","Art of War","PreservedInsect","Centennial Puzzle","Astrolabe","Singing Bowl","Thread and Needle","Ginger","Orichalcum","Paper Frog","Bottled Flame"],"potions_floor_usage":[55,55,55],"damage_taken":[{"damage":11.0,"enemies":"2 Louse","floor":1.0,"turns":4.0},{"damage":51.0,"enemies":"Lagavulin","floor":6.0,"turns":8.0},{"damage":16.0,"enemies":"Gremlin Nob","floor":10.0,"turns":3.0},{"damage":0.0,"enemies":"Cultist","floor":12.0,"turns":3.0},{"damage":0.0,"enemies":"Small Slimes","floor":13.0,"turns":2.0},{"damage":13.0,"enemies":"3 Sentries","floor":14.0,"turns":6.0},{"damage":34.0,"enemies":"The Guardian","floor":16.0,"turns":10.0},{"damage":70.0,"enemies":"3 Byrds","floor":18.0,"turns":7.0},{"damage":11.0,"enemies":"Shell Parasite","floor":22.0,"turns":4.0},{"damage":24.0,"enemies":"Gremlin Leader","floor":24.0,"turns":5.0},{"damage":40.0,"enemies":"Book of Stabbing","floor":27.0,"turns":5.0},{"damage":0.0,"enemies":"Snake Plant","floor":28.0,"turns":2.0},{"damage":14.0,"enemies":"Slavers","floor":30.0,"turns":3.0},{"damage":8.0,"enemies":"Centurion and Healer","floor":31.0,"turns":3.0},{"damage":94.0,"enemies":"Automaton","floor":33.0,"turns":7.0},{"damage":0.0,"enemies":"3 Shapes","floor":35.0,"turns":3.0},{"damage":11.0,"enemies":"Orb Walker","floor":39.0,"turns":2.0},{"damage":6.0,"enemies":"Reptomancer","floor":40.0,"turns":1.0},{"damage":30.0,"enemies":"Writhing Mass","floor":41.0,"turns":4.0},{"damage":34.0,"enemies":"Sphere and 2 Shapes","floor":42.0,"turns":4.0},{"damage":30.0,"enemies":"Mind Bloom Boss Battle","floor":46.0,"turns":5.0},{"damage":8.0,"enemies":"Nemesis","floor":48.0,"turns":3.0},{"damage":79.0,"enemies":"Time Eater","floor":50.0,"turns":6.0},{"damage":60.0,"enemies":"Shield and Spear","floor":54.0,"turns":4.0},{"damage":92,"enemies":"The Heart","floor":55,"turns":6}],"seed_played":"377021722394440807","potions_obtained":[{"floor":10.0,"key":"SpeedPotion"},{"floor":16.0,"key":"Dexterity Potion"},{"floor":18.0,"key":"Strength Potion"},{"floor":24.0,"key":"SteroidPotion"},{"floor":27.0,"key":"Ancient Potion"},{"floor":40.0,"key":"SteroidPotion"},{"floor":54.0,"key":"Dexterity Potion"}],"is_trial":false,"path_per_floor":["M","?","$","T","?","E","R","$","T","E","R","M","M","E","R","B",null,"M","$","$","?","M","R","E","R","T","E","M","?","E","M","R","B",null,"M","?","?","?","M","E","M","M","T","?","R","?","R","E","R","B",null,"R","$","E","B"],"character_chosen":"IRONCLAD","items_purchased":["True Grit","Inflame","Carnage","Pantograph","Paper Frog","Apotheosis","Weak Potion","Iron Wave"],"campfire_rested":5,"item_purchase_floors":[3,8,8,20,53,53,53,53],"current_hp_per_floor":[69,69,69,69,58,7,31,31,31,15,39,39,39,26,50,16,80,26,26,26,26,15,39,56,56,56,40,40,25,11,17,42,9,85,85,85,75,75,64,81,59,25,25,87,87,75,75,85,85,12,91,91,91,33,0],"gold":44,"neow_bonus":"BOSS_RELIC","is_prod":false,"is_daily":false,"chose_seed":false,"campfire_upgraded":4,"win_rate":0,"timestamp":1553460953,"path_taken":["M","?","$","?","?","E","R","?","T","E","R","M","M","E","R","BOSS","M","?","$","?","M","R","E","R","T","E","M","?","E","M","R","BOSS","M","?","?","?","M","E","M","M","T","?","R","?","R","E","R","BOSS","R","$","E","BOSS"],"build_version":"2019-01-23","purchased_purges":0,"victory":false,"max_hp_per_floor":[80,80,80,80,80,80,80,80,80,80,80,80,80,80,80,80,80,80,80,80,80,80,80,80,80,80,80,80,85,85,85,85,85,85,85,85,85,85,85,87,87,87,87,87,87,89,89,91,91,91,91,91,91,93,93],"card_choices":[{"not_picked":["True Grit","Flame Barrier"],"picked":"Clothesline","floor":1.0},{"not_picked":["Headbutt","Wild Strike"],"picked":"Clothesline","floor":6.0},{"not_picked":["Fire Breathing","Power Through","Rampage"],"picked":"SKIP","floor":10.0},{"not_picked":["Sword Boomerang","Shrug It Off"],"picked":"Spot Weakness","floor":12.0},{"not_picked":["Shrug It Off","Power Through","Body Slam"],"picked":"SKIP","floor":13.0},{"not_picked":["Power Through","Body Slam"],"picked":"Shrug It Off","floor":13.0},{"not_picked":["True Grit","Clothesline"],"picked":"Uppercut","floor":14.0},{"not_picked":["Brutality","Immolate"],"picked":"Reaper","floor":16.0},{"not_picked":["Searing Blow","Combust+1","Shrug It Off"],"picked":"SKIP","floor":18.0},{"not_picked":["Wild Strike","Warcry"],"picked":"Pummel","floor":22.0},{"not_picked":["Clothesline","Body Slam"],"picked":"Headbutt+1","floor":24.0},{"not_picked":["Sentinel","Seeing Red"],"picked":"Pommel Strike+1","floor":27.0},{"not_picked":["Cleave+1","Armaments"],"picked":"Havoc+1","floor":28.0},{"not_picked":["Flame Barrier+1","Havoc","Clash"],"picked":"SKIP","floor":30.0},{"not_picked":["Thunderclap","Shockwave"],"picked":"Heavy Blade+1","floor":31.0},{"not_picked":["Brutality","Impervious"],"picked":"Offering","floor":33.0},{"not_picked":["Headbutt+1","Perfected Strike"],"picked":"Infernal Blade+1","floor":35.0},{"not_picked":["Deep Breath","Dramatic Entrance"],"picked":"Master of Strategy","floor":37.0},{"not_picked":["Good Instincts","HandOfGreed"],"picked":"Master of Strategy","floor":37.0},{"not_picked":["Bandage Up","HandOfGreed"],"picked":"Trip","floor":37.0},{"not_picked":["Headbutt","Power Through","Cleave+1"],"picked":"SKIP","floor":39.0},{"not_picked":["Armaments+1","Rupture","Feel No Pain"],"picked":"Singing Bowl","floor":40.0},{"not_picked":["Flex","Spot Weakness"],"picked":"Sword Boomerang+1","floor":41.0},{"not_picked":["True Grit+1","Anger+1"],"picked":"Evolve+1","floor":42.0},{"not_picked":["Clothesline+1","Clash+1","Twin Strike"],"picked":"Singing Bowl","floor":46.0},{"not_picked":["Feed","Rampage+1","Seeing Red+1"],"picked":"Singing Bowl","floor":48.0},{"not_picked":["Wild Strike","Impervious","Immolate"],"picked":"Singing Bowl","floor":54.0}],"player_experience":118492,"relics_obtained":[{"floor":4.0,"key":"Red Skull"},{"floor":6.0,"key":"Nunchaku"},{"floor":9.0,"key":"Lantern"},{"floor":10.0,"key":"Oddly Smooth Stone"},{"floor":14.0,"key":"Vajra"},{"floor":24.0,"key":"Art of War"},{"floor":27.0,"key":"PreservedInsect"},{"floor":30.0,"key":"Centennial Puzzle"},{"floor":40.0,"key":"Singing Bowl"},{"floor":43.0,"key":"Thread and Needle"},{"floor":46.0,"key":"Ginger"},{"floor":48.0,"key":"Orichalcum"},{"floor":54.0,"key":"Bottled Flame"}],"event_choices":[{"cards_removed":["Clothesline"],"damage_healed":0.0,"max_hp_gain":0.0,"max_hp_loss":0.0,"gold_gain":0.0,"event_name":"WeMeetAgain","player_choice":"Gave Card","floor":2.0,"gold_loss":0.0,"damage_taken":0.0,"relics_obtained":["Juzu Bracelet"]},{"damage_healed":0.0,"max_hp_gain":0.0,"max_hp_loss":0.0,"gold_gain":75.0,"event_name":"World of Goop","player_choice":"Gather Gold","floor":5.0,"gold_loss":0.0,"damage_taken":11.0},{"damage_healed":0.0,"max_hp_gain":0.0,"max_hp_loss":0.0,"gold_gain":0.0,"event_name":"Accursed Blacksmith","player_choice":"Forge","floor":21.0,"gold_loss":0.0,"damage_taken":0.0,"cards_upgraded":["Spot Weakness"]},{"damage_healed":0.0,"max_hp_gain":5.0,"max_hp_loss":0.0,"gold_gain":0.0,"event_name":"Forgotten Altar","player_choice":"Shed Blood","floor":29.0,"gold_loss":0.0,"damage_taken":20.0},{"damage_healed":0.0,"max_hp_gain":0.0,"max_hp_loss":0.0,"gold_gain":0.0,"event_name":"Tomb of Lord Red Mask","player_choice":"Ignored","floor":36.0,"gold_loss":0.0,"damage_taken":0.0},{"damage_healed":0.0,"max_hp_gain":0.0,"max_hp_loss":0.0,"gold_gain":0.0,"event_name":"SensoryStone","player_choice":"Memory 3","floor":37.0,"gold_loss":0.0,"damage_taken":10.0},{"cards_removed":["Master of Strategy"],"damage_healed":0.0,"max_hp_gain":0.0,"max_hp_loss":0.0,"gold_gain":0.0,"event_name":"Falling","player_choice":"Removed Skill","floor":38.0,"gold_loss":0.0,"damage_taken":0.0},{"cards_removed":["Carnage"],"damage_healed":62.0,"max_hp_gain":0.0,"max_hp_loss":0.0,"gold_gain":0.0,"event_name":"Bonfire Elementals","player_choice":"Offered Uncommon","floor":44.0,"gold_loss":0.0,"damage_taken":0.0},{"damage_healed":0.0,"max_hp_gain":0.0,"max_hp_loss":0.0,"gold_gain":0.0,"event_name":"MindBloom","player_choice":"Fight","floor":46.0,"gold_loss":0.0,"damage_taken":0.0}],"is_beta":false,"boss_relics":[{"not_picked":["White Beast Statue","Runic Cube"],"picked":"Philosopher\u0027s Stone"},{"not_picked":["Tiny House","Cursed Key"],"picked":"Astrolabe"}],"items_purged_floors":[],"is_endless":false,"potions_floor_spawned":[10,16,18,24,27,30,33,39,40,48,54],"killed_by":"The Heart","ascension_level":3}