{"gold_per_floor":[110,56,70,345,192,218,229,260,260,282,294,330,382,409,421,529,541,577,605,667,594,630,642,694,46,73,73,114,152,152,195,195,284,284,304,304,318,339,339,339,358,358,358,381,381,424,207,228,228,228,228,228,228,128,159,159],"floor_reached":57,"playtime":2285,"items_purged":["Regret","Injury","Writhe"],"score":2920,"play_id":"058b40d4-f01e-4c7e-b1af-cd4b652e494f","local_time":"20190326023534","is_ascension_mode":true,"campfire_choices":[{"floor":15.0,"key":"REST"},{"floor":23.0,"key":"REST"},{"data":"Catalyst","floor":30.0,"key":"SMITH"},{"data":"Catalyst","floor":32.0,"key":"SMITH"},{"data":"Catalyst","floor":40.0,"key":"SMITH"},{"data":"Footwork","floor":42.0,"key":"SMITH"},{"data":"Neutralize","floor":45.0,"key":"SMITH"},{"floor":49.0,"key":"RECALL"},{"data":"Burst","floor":53.0,"key":"SMITH"}],"neow_cost":"NONE","seed_source_timestamp":1113742638371069,"circlet_count":0,"master_deck":["AscendersBane","Defend_G","Defend_G","Defend_G","Defend_G","Defend_G","Strike_G","Strike_G","Survivor","Neutralize+1","Dagger Spray","PiercingWail","Footwork+1","Corpse Explosion","Calculated Gamble","Catalyst+1","Catalyst+1","Catalyst+1","Burst+1","Night Terror+1","Slice+1","Doppelganger+1","Cloak And Dagger","Cloak And Dagger","PiercingWail+1","Deadly Poison","Bouncing Flask","Acrobatics","Adrenaline","Backflip+1","Backflip+1","PiercingWail+1"],"special_seed":0,"relics":["Ring of the Snake","NeowsBlessing","Happy Flower","Darkstone Periapt","MawBank","Golden Idol","Astrolabe","The Courier","Bronze Scales","Lee\u0027s Waffle","Paper Crane","Gambling Chip","Oddly Smooth Stone","Red Mask","Pen Nib","Ninja Scroll","Busted Crown","Bag of Preparation","Bag of Marbles","Unceasing Top"],"potions_floor_usage":[56],"damage_taken":[{"damage":0.0,"enemies":"Cultist","floor":1.0,"turns":1.0},{"damage":0.0,"enemies":"Jaw Worm","floor":3.0,"turns":1.0},{"damage":0.0,"enemies":"Lagavulin","floor":6.0,"turns":1.0},{"damage":0.0,"enemies":"Small Slimes","floor":7.0,"turns":5.0},{"damage":14.0,"enemies":"3 Sentries","floor":8.0,"turns":4.0},{"damage":1.0,"enemies":"Exordium Wildlife","floor":10.0,"turns":4.0},{"damage":6.0,"enemies":"Looter","floor":12.0,"turns":4.0},{"damage":32.0,"enemies":"Gremlin Nob","floor":13.0,"turns":4.0},{"damage":18.0,"enemies":"Large Slime","floor":14.0,"turns":7.0},{"damage":10.0,"enemies":"The Guardian","floor":16.0,"turns":7.0},{"damage":39.0,"enemies":"Spheric Guardian","floor":18.0,"turns":7.0},{"damage":0.0,"enemies":"Chosen","floor":19.0,"turns":3.0},{"damage":3.0,"enemies":"Snecko","floor":22.0,"turns":6.0},{"damage":16.0,"enemies":"Book of Stabbing","floor":24.0,"turns":4.0},{"damage":6.0,"enemies":"Masked Bandits","floor":28.0,"turns":2.0},{"damage":22.0,"enemies":"Slavers","floor":29.0,"turns":3.0},{"damage":3.0,"enemies":"Gremlin Leader","floor":31.0,"turns":2.0},{"damage":10.0,"enemies":"Automaton","floor":33.0,"turns":3.0},{"damage":9.0,"enemies":"3 Shapes","floor":35.0,"turns":5.0},{"damage":0.0,"enemies":"Orb Walker","floor":37.0,"turns":2.0},{"damage":0.0,"enemies":"3 Darklings","floor":38.0,"turns":1.0},{"damage":0.0,"enemies":"Spire Growth","floor":41.0,"turns":2.0},{"damage":3.0,"enemies":"Sphere and 2 Shapes","floor":44.0,"turns":3.0},{"damage":10.0,"enemies":"Reptomancer","floor":46.0,"turns":2.0},{"damage":0.0,"enemies":"3 Darklings","floor":48.0,"turns":3.0},{"damage":1.0,"enemies":"Time Eater","floor":50.0,"turns":3.0},{"damage":0.0,"enemies":"Donu and Deca","floor":51.0,"turns":3.0},{"damage":5.0,"enemies":"Shield and Spear","floor":55.0,"turns":3.0},{"damage":56,"enemies":"The Heart","floor":56,"turns":5}],"seed_played":"-8401395992641948701","potions_obtained":[{"floor":3.0,"key":"Regen Potion"},{"floor":8.0,"key":"AttackPotion"},{"floor":12.0,"key":"SteroidPotion"},{"floor":13.0,"key":"Strength Potion"},{"floor":14.0,"key":"SkillPotion"},{"floor":22.0,"key":"Regen Potion"},{"floor":24.0,"key":"PowerPotion"},{"floor":29.0,"key":"Swift Potion"},{"floor":46.0,"key":"Swift Potion"}],"is_trial":false,"path_per_floor":["M","$","M","?","$","E","M","E","T","M","?","M","E","M","R","B",null,"M","M","?","?","M","R","E","$","T","$","?","E","R","E","R","B",null,"M","?","M","M","?","R","M","R","T","M","R","E","$","M","R","B","B",null,"R","$","E","B",null],"character_chosen":"THE_SILENT","items_purchased":["Poison Potion","Footwork","Deadly Poison","Lee\u0027s Waffle","Paper Crane","Gambling Chip","Bag of Marbles"],"campfire_rested":2,"item_purchase_floors":[2,5,25,25,25,25,47],"current_hp_per_floor":[59,59,59,59,59,59,59,45,45,56,62,56,24,6,27,17,58,19,19,19,19,16,37,35,79,79,79,73,51,51,48,48,38,69,60,82,82,82,82,82,82,82,82,79,79,69,69,69,69,68,68,81,81,81,76,20],"gold":159,"neow_bonus":"THREE_ENEMY_KILL","is_prod":false,"is_daily":false,"chose_seed":false,"campfire_upgraded":6,"win_rate":0,"timestamp":1553582134,"path_taken":["M","$","?","?","?","E","?","E","T","M","?","M","E","M","R","BOSS","M","M","?","?","M","R","E","$","T","$","?","E","R","E","R","BOSS","M","?","M","M","?","R","M","R","T","M","R","E","$","?","R","BOSS","BOSS","R","$","E","BOSS"],"build_version":"2019-03-15","purchased_purges":3,"victory":true,"max_hp_per_floor":[66,66,66,66,66,66,66,66,66,66,72,72,72,72,72,72,72,72,72,72,72,72,72,72,79,79,79,79,79,79,79,79,79,79,79,85,85,85,85,85,85,85,85,85,85,85,85,85,85,85,85,85,85,85,85,85],"card_choices":[{"not_picked":["Bane","Underhanded Strike","Dagger Spray"],"picked":"SKIP","floor":1.0},{"not_picked":["Bane","Underhanded Strike"],"picked":"Dagger Spray","floor":1.0},{"not_picked":["Prepared","Dagger Throw"],"picked":"PiercingWail","floor":3.0},{"not_picked":["Deadly Poison","Bane"],"picked":"Corpse Explosion","floor":6.0},{"not_picked":["Acrobatics","Dagger Spray"],"picked":"Calculated Gamble","floor":7.0},{"not_picked":["Blade Dance","Venomology"],"picked":"Catalyst","floor":8.0},{"not_picked":["Infinite Blades","Blade Dance"],"picked":"Catalyst","floor":10.0},{"not_picked":["Well Laid Plans","Expertise"],"picked":"Catalyst","floor":12.0},{"not_picked":["Outmaneuver","Cloak And Dagger","All Out Attack"],"picked":"SKIP","floor":13.0},{"not_picked":["Caltrops","Prepared","Quick Slash"],"picked":"SKIP","floor":14.0},{"not_picked":["Tools of the Trade","Phantasmal Killer"],"picked":"Burst","floor":16.0},{"not_picked":["Predator","Poisoned Stab"],"picked":"Cloak And Dagger","floor":18.0},{"not_picked":["Caltrops","Flechettes"],"picked":"Cloak And Dagger","floor":19.0},{"not_picked":["All Out Attack","Prepared"],"picked":"PiercingWail+1","floor":22.0},{"not_picked":["Catalyst","Doppelganger","Sucker Punch"],"picked":"SKIP","floor":24.0},{"not_picked":["Deflect","Dagger Spray"],"picked":"Bouncing Flask","floor":28.0},{"not_picked":["Endless Agony","Night Terror","Deadly Poison"],"picked":"SKIP","floor":29.0},{"not_picked":["Bane","Blade Dance"],"picked":"Acrobatics","floor":31.0},{"not_picked":["Corpse Explosion","A Thousand Cuts"],"picked":"Adrenaline","floor":33.0},{"not_picked":[],"picked":"Backflip+1","floor":35.0},{"not_picked":["Bane"],"picked":"SKIP","floor":37.0},{"not_picked":["Deflect"],"picked":"SKIP","floor":38.0},{"not_picked":["Dagger Spray"],"picked":"SKIP","floor":41.0},{"not_picked":["Quick Slash"],"picked":"SKIP","floor":44.0},{"not_picked":[],"picked":"Backflip+1","floor":46.0},{"not_picked":["Riddle With Holes"],"picked":"SKIP","floor":48.0},{"not_picked":[],"picked":"PiercingWail+1","floor":55.0}],"player_experience":1285604,"relics_obtained":[{"floor":6.0,"key":"Happy Flower"},{"floor":8.0,"key":"Darkstone Periapt"},{"floor":9.0,"key":"MawBank"},{"floor":24.0,"key":"Bronze Scales"},{"floor":26.0,"key":"Oddly Smooth Stone"},{"floor":28.0,"key":"Red Mask"},{"floor":29.0,"key":"Pen Nib"},{"floor":31.0,"key":"Ninja Scroll"},{"floor":46.0,"key":"Bag of Preparation"},{"floor":55.0,"key":"Unceasing Top"}],"event_choices":[{"damage_healed":0.0,"max_hp_gain":0.0,"max_hp_loss":0.0,"gold_gain":275.0,"event_name":"Golden Shrine","player_choice":"Desecrate","floor":4.0,"gold_loss":0.0,"damage_taken":0.0,"cards_obtained":["Regret"]},{"damage_healed":0.0,"max_hp_gain":0.0,"max_hp_loss":0.0,"gold_gain":0.0,"event_name":"Golden Idol","player_choice":"Take Wound","floor":11.0,"gold_loss":0.0,"damage_taken":0.0,"relics_obtained":["Golden Idol"],"cards_obtained":["Injury"]},{"damage_healed":0.0,"max_hp_gain":0.0,"max_hp_loss":0.0,"gold_gain":50.0,"event_name":"Nest","player_choice":"Stole From Cult","floor":20.0,"gold_loss":0.0,"damage_taken":0.0},{"damage_healed":0.0,"max_hp_gain":0.0,"max_hp_loss":0.0,"gold_gain":0.0,"event_name":"Addict","player_choice":"Obtained Relic","floor":21.0,"gold_loss":85.0,"damage_taken":0.0,"relics_obtained":["The Courier"]},{"damage_healed":0.0,"max_hp_gain":0.0,"max_hp_loss":0.0,"gold_gain":0.0,"event_name":"Masked Bandits","player_choice":"Fought Bandits","floor":28.0,"gold_loss":0.0,"damage_taken":0.0},{"damage_healed":16.0,"max_hp_gain":0.0,"max_hp_loss":0.0,"gold_gain":0.0,"event_name":"Winding Halls","player_choice":"Writhe","floor":36.0,"gold_loss":0.0,"damage_taken":0.0,"cards_obtained":["Writhe"]},{"damage_healed":0.0,"max_hp_gain":0.0,"max_hp_loss":0.0,"gold_gain":0.0,"event_name":"SecretPortal","player_choice":"Ignored","floor":39.0,"gold_loss":0.0,"damage_taken":0.0}],"is_beta":true,"boss_relics":[{"not_picked":["Tiny House","Ectoplasm"],"picked":"Astrolabe"},{"not_picked":["White Beast Statue","Pandora\u0027s Box"],"picked":"Busted Crown"}],"items_purged_floors":[5,47,54],"is_endless":false,"potions_floor_spawned":[3,8,12,13,14,22,24,28,29,35,44,46],"ascension_level":20}