{"path_per_floor":["M","?","?","M","M","R","E","$","T","M","?","M","R","?","R","B",null,"M","?","?","M","M","R","M","R","T","R","M","R","E","M","R","B",null,"M","M","$","M","?","R","E","T","T","M","R","M","E","M","R"],"character_chosen":"THE_SILENT","items_purchased":["Mercury Hourglass","Poison Potion","Poison Potion","Tiny Chest","Regal Pillow","Regen Potion"],"gold_per_floor":[116,116,116,130,145,145,479,46,46,58,58,71,71,71,71,166,166,186,186,186,202,217,217,233,233,233,233,245,245,272,288,288,390,390,402,416,95,110,110,110,136,189,189,204,204,214,247,262,262,262],"floor_reached":50,"campfire_rested":8,"playtime":2615,"current_hp_per_floor":[70,70,45,45,45,45,19,19,19,11,4,2,23,23,44,34,70,52,39,39,25,37,59,47,47,47,47,38,60,13,4,26,4,75,33,28,28,37,37,74,40,40,54,18,63,29,31,33,79,0],"items_purged":["Defend_G"],"gold":262,"score":599,"play_id":"28104b8b-2c73-49a7-ba2c-1748c6a9f763","local_time":"20180402053036","is_prod":false,"is_daily":false,"is_ascension_mode":false,"campfire_upgraded":3,"timestamp":1522672236,"path_taken":["M","?","?","M","M","R","E","$","T","M","?","M","R","?","R","BOSS","M","?","?","M","M","R","M","R","T","R","?","R","E","M","R","BOSS","M","M","$","?","?","R","E","?","T","M","R","M","E","M","R","BOSS"],"build_version":"2018-03-29v2","purchased_purges":1,"victory":false,"master_deck":["Defend_G","Defend_G","Defend_G","Defend_G","Strike_G","Strike_G","Strike_G","Strike_G","Survivor","Neutralize+1","Catalyst+1","Envenom+1","Poisoned Stab+1","Unload","Backstab+1","Poisoned Stab+1","Bouncing Flask+1","Bouncing Flask","Deadly Poison+1","Purity","Bouncing Flask+1"],"max_hp_per_floor":[70,70,70,70,70,70,70,70,70,70,70,70,70,70,70,70,70,70,75,75,75,75,75,75,75,75,75,75,75,75,75,75,75,75,75,75,75,75,75,75,84,84,98,100,100,100,102,104,104,104],"relics":["Ring of the Snake","Orichalcum","Old Coin","Mercury Hourglass","Art of War","Sundial","Lizard Tail","Gambling Chip","Bag of Preparation","Black Star","Tiny Chest","Regal Pillow","Singing Bowl","Strawberry","Juzu Bracelet","Mango","Bag of Marbles","Happy Flower"],"card_choices":[{"not_picked":["Outmaneuver","Bane"],"picked":"Catalyst","floor":1},{"not_picked":["Setup","Deflect"],"picked":"Envenom","floor":4},{"not_picked":["Setup","Sucker Punch"],"picked":"Poisoned Stab","floor":7},{"not_picked":["Phantasmal Killer","Grand Finale"],"picked":"Unload","floor":16},{"not_picked":["Calculated Gamble","Outmaneuver"],"picked":"Backstab","floor":18},{"not_picked":["Bane","All Out Attack"],"picked":"Poisoned Stab","floor":21},{"not_picked":["Setup","Concentrate"],"picked":"Bouncing Flask","floor":24},{"not_picked":["Finisher","Deadly Poison"],"picked":"Bouncing Flask","floor":30},{"not_picked":["Malaise","Quick Slash"],"picked":"Deadly Poison","floor":36},{"not_picked":["Dark Shackles","Madness"],"picked":"Purity","floor":39},{"not_picked":["Riddle With Holes","Accuracy"],"picked":"Bouncing Flask","floor":46}],"player_experience":109161,"potions_floor_usage":[16,16,16,28,28,30,33,38,41,44,47,47,50],"damage_taken":[{"damage":0,"enemies":"2 Louse","floor":1,"turns":4},{"damage":0,"enemies":"Cultist","floor":4,"turns":4},{"damage":0,"enemies":"Small Slimes","floor":5,"turns":5},{"damage":26,"enemies":"Lagavulin","floor":7,"turns":10},{"damage":8,"enemies":"Exordium Wildlife","floor":10,"turns":4},{"damage":2,"enemies":"3 Louse","floor":12,"turns":2},{"damage":10,"enemies":"The Guardian","floor":16,"turns":6},{"damage":18,"enemies":"Spheric Guardian","floor":18,"turns":4},{"damage":14,"enemies":"Shell Parasite","floor":21,"turns":6},{"damage":30,"enemies":"Cultist and Chosen","floor":22,"turns":7},{"damage":12,"enemies":"Snecko","floor":24,"turns":5},{"damage":9,"enemies":"Centurion and Healer","floor":28,"turns":4},{"damage":47,"enemies":"Slavers","floor":30,"turns":6},{"damage":9,"enemies":"Snake Plant","floor":31,"turns":2},{"damage":37,"enemies":"Champ","floor":33,"turns":7},{"damage":42,"enemies":"3 Darklings","floor":35,"turns":7},{"damage":5,"enemies":"Orb Walker","floor":36,"turns":3},{"damage":6,"enemies":"4 Shapes","floor":38,"turns":5},{"damage":43,"enemies":"Giant Head","floor":41,"turns":7},{"damage":38,"enemies":"3 Darklings","floor":44,"turns":5},{"damage":34,"enemies":"Sphere and 2 Shapes","floor":46,"turns":7},{"damage":12,"enemies":"Nemesis","floor":47,"turns":5},{"damage":0,"enemies":"Maw","floor":48,"turns":4},{"damage":80,"enemies":"Donu and Deca","floor":50,"turns":5}],"event_choices":[{"event_name":"Liars Game","player_choice":"disagreed","floor":2,"damage_taken":0},{"event_name":"Scrap Ooze","player_choice":"success","floor":3,"damage_taken":25},{"event_name":"Golden Wing","player_choice":"Card Removal","floor":11,"damage_taken":0},{"event_name":"Dead Adventurer","player_choice":"Searched \u00272\u0027 times","floor":14,"damage_taken":0},{"event_name":"Forgotten Altar","player_choice":"Shed Blood","floor":19,"damage_taken":0},{"event_name":"Vampires","player_choice":"Ignored","floor":20,"damage_taken":0},{"event_name":"SensoryStone","player_choice":"Memory 1","floor":39,"damage_taken":0}],"boss_relics":[{"not_picked":["Tiny House","Orrery"],"picked":"Lizard Tail"},{"not_picked":["Runic Dome","Cursed Key"],"picked":"Black Star"}],"potions_floor_spawned":[1,10,12,22,24,28,31,36,38,44,46,48],"seed_played":"-2849863415510122022","killed_by":"Donu and Deca","ascension_level":0,"is_trial":false}