{"path_per_floor":["M","?","M","M","M","R","E","R","T","$","R","M","?","M","R","B",null,"M","M","M","$","M"],"character_chosen":"THE_SILENT","items_purchased":["Backflip","Quick Slash","Finisher","Orichalcum"],"gold_per_floor":[16,16,36,55,67,67,97,97,123,23,23,40,95,114,114,217,217,228,241,260,4,20],"floor_reached":23,"campfire_rested":2,"playtime":2321,"current_hp_per_floor":[70,70,70,70,52,52,34,70,70,70,70,58,52,34,70,46,70,46,29,19,19,12],"items_purged":["Injury"],"gold":20,"play_id":"a7fdfaa0-3833-4549-8e26-1f3bbed8974a","is_prod":false,"is_daily":false,"campfire_rituals":0,"campfire_upgraded":2,"is_hardmode":false,"path_taken":["M","?","?","M","M","R","E","R","T","$","R","M","?","M","R","BOSS","M","M","M","$","M","E"],"build_version":"2018-01-11-PROD2","purchased_purges":1,"victory":false,"master_deck":["Defend_G","Defend_G","Defend_G","Defend_G","Strike_G","Strike_G","Strike_G","Strike_G","Survivor","Neutralize","Infinite Blades","Acrobatics","Skewer","Dodge and Roll","Unload","Outmaneuver","Prepared","Backflip","Quick Slash","Quick Slash","Skewer","Quick Slash","Night Terror","Flying Knee","Slice","Footwork","Finisher","Finisher"],"max_hp_per_floor":[70,70,70,70,70,70,70,70,70,70,70,70,70,70,70,70,70,70,70,70,70,70],"relics":["Ring of the Snake","Regal Pillow","Bag of Preparation","Ninja Scroll","Black Star","Orichalcum"],"campfire_meditates":0,"card_choices":[{"not_picked":["Deflect","Prepared"],"picked":"Skewer"},{"not_picked":["Sucker Punch","Quick Slash"],"picked":"Dodge and Roll"},{"not_picked":["Dagger Throw","Sucker Punch"],"picked":"Unload"},{"not_picked":["Poisoned Stab","Prepared"],"picked":"Outmaneuver"},{"not_picked":["PiercingWail","Heel Hook"],"picked":"Prepared"},{"not_picked":["Acrobatics","Backflip"],"picked":"Quick Slash"},{"not_picked":["PiercingWail","Crippling Poison"],"picked":"Skewer"},{"not_picked":["Terror","Caltrops"],"picked":"Quick Slash"},{"not_picked":["Tools of the Trade","Bullet Time"],"picked":"Night Terror"},{"not_picked":["Slice","Prepared"],"picked":"Flying Knee"},{"not_picked":["Acrobatics","Deflect"],"picked":"Slice"},{"not_picked":["Noxious Fumes","Bouncing Flask"],"picked":"Footwork"},{"not_picked":["Blade Dance","Acrobatics"],"picked":"Finisher"}],"player_experience":12188,"potions_floor_usage":[13,13,16,20,20,22],"damage_taken":[{"damage":0,"enemies":"Small Slimes","floor":1,"turns":5},{"damage":0,"enemies":"Blue Slaver","floor":3,"turns":5},{"damage":0,"enemies":"Cultist","floor":4,"turns":4},{"damage":18,"enemies":"Red Slaver","floor":5,"turns":5},{"damage":18,"enemies":"Gremlin Nob","floor":7,"turns":5},{"damage":12,"enemies":"3 Louse","floor":12,"turns":3},{"damage":6,"enemies":"Gremlin Nob","floor":13,"turns":3},{"damage":18,"enemies":"Exordium Thugs","floor":14,"turns":2},{"damage":24,"enemies":"Hexaghost","floor":16,"turns":12},{"damage":24,"enemies":"Chosen","floor":18,"turns":5},{"damage":17,"enemies":"Spheric Guardian","floor":19,"turns":4},{"damage":22,"enemies":"Snecko","floor":20,"turns":5},{"damage":7,"enemies":"Slaver and Parasite","floor":22,"turns":4},{"damage":13,"enemies":"Book of Stabbing","floor":23,"turns":2}],"event_choices":[{"event_name":"Accursed Blacksmith","player_choice":"Forge","floor":2,"damage_taken":0},{"event_name":"Dead Adventurer","player_choice":"Searched \u00271\u0027 times","floor":13,"damage_taken":0}],"boss_relics":[{"not_picked":["The Specimen","Philosopher\u0027s Stone"],"picked":"Black Star"}],"potions_floor_spawned":[1,4,12,14,16,18,20],"seed_played":"-3674941272265467214","killed_by":"Book of Stabbing","is_trial":false}