{"gold_per_floor":[109,109,15,35,53,84,84,113,113,131,145,156,156,175,175,274,274,287,287,300,199,217,217,246,246,246,263,263,295,295,305,305,403,403,422,422,74,74,91,151,151,151,176,176,211,226,226],"floor_reached":47,"playtime":4097,"items_purged":[],"score":728,"play_id":"d9109802-2e8f-48b2-88a2-0a0679c5395a","local_time":"20190325202700","is_ascension_mode":true,"campfire_choices":[{"floor":13.0,"key":"REST"},{"data":"Cloak And Dagger","floor":15.0,"key":"SMITH"},{"floor":23.0,"key":"REST"},{"floor":25.0,"key":"REST"},{"data":"Neutralize","floor":28.0,"key":"SMITH"},{"floor":32.0,"key":"REST"},{"data":"Endless Agony","floor":42.0,"key":"SMITH"},{"data":"Dash","floor":44.0,"key":"SMITH"}],"neow_cost":"NONE","seed_source_timestamp":959091093700,"circlet_count":0,"master_deck":["Defend_G","Defend_G","Defend_G","Defend_G","Defend_G","Strike_G","Strike_G","Strike_G","Survivor","Neutralize+1","Dodge and Roll","Footwork","Poisoned Stab","Backstab","Dash+1","Endless Agony+1","Calculated Gamble","Noxious Fumes+1","Cloak And Dagger","Cloak And Dagger+1","Envenom+1","Noxious Fumes+1","Footwork+1","Masterful Stab","Flying Knee+1","Burst+1","Crippling Poison+1","Crippling Poison+1","Poisoned Stab+1","Dodge and Roll+1","Sucker Punch+1"],"special_seed":0,"relics":["Ring of the Serpent","Strawberry","Frozen Egg 2","Kunai","Pen Nib","Matryoshka","Art of War","Gremlin Horn","StoneCalendar","Sozu","PreservedInsect","TwistedFunnel","Tiny Chest","Centennial Puzzle","Bag of Marbles","Dodecahedron"],"potions_floor_usage":[47],"damage_taken":[{"damage":1.0,"enemies":"Jaw Worm","floor":1.0,"turns":7.0},{"damage":7.0,"enemies":"Small Slimes","floor":4.0,"turns":5.0},{"damage":0.0,"enemies":"Cultist","floor":5.0,"turns":4.0},{"damage":22.0,"enemies":"Gremlin Nob","floor":6.0,"turns":5.0},{"damage":13.0,"enemies":"3 Sentries","floor":8.0,"turns":12.0},{"damage":0.0,"enemies":"2 Fungi Beasts","floor":10.0,"turns":3.0},{"damage":0.0,"enemies":"Gremlin Gang","floor":11.0,"turns":4.0},{"damage":0.0,"enemies":"Exordium Thugs","floor":12.0,"turns":4.0},{"damage":3.0,"enemies":"Lots of Slimes","floor":14.0,"turns":3.0},{"damage":11.0,"enemies":"The Guardian","floor":16.0,"turns":13.0},{"damage":22.0,"enemies":"2 Thieves","floor":18.0,"turns":4.0},{"damage":14.0,"enemies":"3 Byrds","floor":20.0,"turns":6.0},{"damage":6.0,"enemies":"Centurion and Healer","floor":22.0,"turns":7.0},{"damage":36.0,"enemies":"Book of Stabbing","floor":24.0,"turns":7.0},{"damage":0.0,"enemies":"Sentry and Sphere","floor":27.0,"turns":6.0},{"damage":22.0,"enemies":"Slavers","floor":29.0,"turns":9.0},{"damage":0.0,"enemies":"Colosseum Slavers","floor":30.0,"turns":4.0},{"damage":7.0,"enemies":"Chosen and Byrds","floor":31.0,"turns":6.0},{"damage":29.0,"enemies":"Champ","floor":33.0,"turns":13.0},{"damage":13.0,"enemies":"3 Shapes","floor":35.0,"turns":4.0},{"damage":0.0,"enemies":"Orb Walker","floor":39.0,"turns":4.0},{"damage":0.0,"enemies":"Reptomancer","floor":40.0,"turns":7.0},{"damage":10.0,"enemies":"Nemesis","floor":45.0,"turns":7.0},{"damage":18.0,"enemies":"Transient","floor":46.0,"turns":5.0},{"damage":19,"enemies":"Jaw Worm Horde","floor":47,"turns":1}],"seed_played":"6847948335614938186","potions_obtained":[{"floor":5.0,"key":"FearPotion"},{"floor":6.0,"key":"Ancient Potion"},{"floor":8.0,"key":"Weak Potion"},{"floor":10.0,"key":"Poison Potion"},{"floor":16.0,"key":"Weak Potion"},{"floor":18.0,"key":"FairyPotion"},{"floor":24.0,"key":"EssenceOfSteel"},{"floor":29.0,"key":"GamblersBrew"},{"floor":31.0,"key":"SkillPotion"},{"floor":33.0,"key":"Dexterity Potion"}],"is_trial":false,"path_per_floor":["M","?","$","M","M","E","?","E","T","M","M","M","R","M","R","B",null,"M","?","M","?","M","R","E","R","T","M","R","E","?","M","R","B",null,"M","?","$","?","M","E","?","R","T","R","E","M","M"],"character_chosen":"THE_SILENT","items_purchased":["Dodge and Roll","Footwork","PreservedInsect","TwistedFunnel"],"campfire_rested":4,"item_purchase_floors":[3,3,37,37],"current_hp_per_floor":[69,62,62,55,55,33,33,20,20,20,20,20,43,40,40,29,65,43,36,22,22,16,39,3,26,26,26,26,4,4,7,30,1,58,45,45,45,45,45,45,45,45,45,45,35,17,0],"gold":226,"neow_bonus":"RANDOM_COMMON_RELIC","is_prod":false,"is_daily":false,"chose_seed":false,"campfire_upgraded":4,"win_rate":0,"timestamp":1553525820,"path_taken":["M","?","$","M","M","E","?","E","T","M","M","M","R","?","R","BOSS","M","?","?","?","?","R","E","R","T","M","R","E","?","M","R","BOSS","M","?","$","?","?","E","?","R","T","R","E","M","?"],"build_version":"2019-01-23","purchased_purges":0,"victory":false,"max_hp_per_floor":[77,77,77,77,77,77,77,77,77,77,77,77,77,77,77,77,77,77,77,77,77,77,77,77,77,77,77,77,77,77,77,77,77,77,77,77,77,77,77,77,77,77,77,77,77,77,77],"card_choices":[{"not_picked":["Deflect","Bane","Prepared"],"picked":"SKIP","floor":1.0},{"not_picked":["Cloak And Dagger","PiercingWail"],"picked":"Poisoned Stab","floor":4.0},{"not_picked":["Terror","Acrobatics"],"picked":"Backstab","floor":5.0},{"not_picked":["Dagger Spray","Cloak And Dagger"],"picked":"Dash","floor":6.0},{"not_picked":["Terror","Eviscerate"],"picked":"Endless Agony","floor":8.0},{"not_picked":["All Out Attack","Choke"],"picked":"Calculated Gamble","floor":10.0},{"not_picked":["Flechettes","Night Terror"],"picked":"Noxious Fumes+1","floor":11.0},{"not_picked":["Choke","PiercingWail"],"picked":"Cloak And Dagger","floor":12.0},{"not_picked":["Poisoned Stab","Quick Slash"],"picked":"Cloak And Dagger","floor":14.0},{"not_picked":["Adrenaline","Die Die Die"],"picked":"Envenom+1","floor":16.0},{"not_picked":["Escape Plan+1","Deflect+1"],"picked":"Noxious Fumes+1","floor":18.0},{"not_picked":["Distraction","Slice","Prepared"],"picked":"SKIP","floor":20.0},{"not_picked":["Caltrops+1","Slice+1"],"picked":"Footwork+1","floor":22.0},{"not_picked":["Prepared","Concentrate+1","Heel Hook"],"picked":"SKIP","floor":24.0},{"not_picked":["Corpse Explosion","Bane"],"picked":"Flying Knee+1","floor":27.0},{"not_picked":["Concentrate+1","Glass Knife"],"picked":"Masterful Stab","floor":29.0},{"not_picked":["Dagger Throw","Acrobatics+1"],"picked":"Flying Knee+1","floor":31.0},{"not_picked":["Bullet Time","Glass Knife"],"picked":"Burst","floor":33.0},{"not_picked":["Noxious Fumes+1","Slice"],"picked":"Crippling Poison+1","floor":35.0},{"not_picked":["Prepared","Dagger Spray"],"picked":"Crippling Poison+1","floor":39.0},{"not_picked":["Acrobatics","Reflex+1"],"picked":"Poisoned Stab+1","floor":40.0},{"not_picked":["All Out Attack+1","Acrobatics+1"],"picked":"Dodge and Roll+1","floor":45.0},{"not_picked":["Dagger Spray+1","Outmaneuver"],"picked":"Sucker Punch+1","floor":46.0}],"player_experience":123822,"relics_obtained":[{"floor":6.0,"key":"Frozen Egg 2"},{"floor":8.0,"key":"Kunai"},{"floor":24.0,"key":"Matryoshka"},{"floor":26.0,"key":"Art of War"},{"floor":26.0,"key":"Gremlin Horn"},{"floor":29.0,"key":"StoneCalendar"},{"floor":40.0,"key":"Tiny Chest"},{"floor":43.0,"key":"Centennial Puzzle"},{"floor":43.0,"key":"Bag of Marbles"},{"floor":45.0,"key":"Dodecahedron"}],"event_choices":[{"cards_removed":["Strike_G"],"damage_healed":0.0,"max_hp_gain":0.0,"max_hp_loss":0.0,"gold_gain":0.0,"event_name":"Golden Wing","player_choice":"Card Removal","floor":2.0,"gold_loss":0.0,"damage_taken":7.0},{"cards_removed":["Strike_G"],"damage_healed":0.0,"max_hp_gain":0.0,"max_hp_loss":0.0,"gold_gain":0.0,"event_name":"Bonfire Elementals","player_choice":"Offered Basic","floor":7.0,"gold_loss":0.0,"damage_taken":0.0},{"damage_healed":0.0,"max_hp_gain":0.0,"max_hp_loss":0.0,"gold_gain":0.0,"event_name":"Knowing Skull","player_choice":"","floor":19.0,"potions_obtained":[],"gold_loss":0.0,"damage_taken":7.0,"cards_obtained":[]},{"damage_healed":0.0,"max_hp_gain":0.0,"max_hp_loss":0.0,"gold_gain":0.0,"event_name":"WeMeetAgain","player_choice":"Paid Gold","floor":21.0,"gold_loss":101.0,"damage_taken":0.0,"relics_obtained":["Pen Nib"]},{"damage_healed":0.0,"max_hp_gain":0.0,"max_hp_loss":0.0,"gold_gain":0.0,"event_name":"Colosseum","player_choice":"Fight","floor":30.0,"gold_loss":0.0,"damage_taken":0.0},{"damage_healed":0.0,"max_hp_gain":0.0,"max_hp_loss":0.0,"gold_gain":0.0,"event_name":"Colosseum","player_choice":"Fled From Nobs","floor":30.0,"gold_loss":0.0,"damage_taken":0.0},{"damage_healed":0.0,"max_hp_gain":0.0,"max_hp_loss":0.0,"gold_gain":0.0,"event_name":"Tomb of Lord Red Mask","player_choice":"Ignored","floor":36.0,"gold_loss":0.0,"damage_taken":0.0},{"cards_removed":["Flying Knee"],"damage_healed":0.0,"max_hp_gain":0.0,"max_hp_loss":0.0,"gold_gain":0.0,"event_name":"Falling","player_choice":"Removed Attack","floor":38.0,"gold_loss":0.0,"damage_taken":0.0},{"damage_healed":0.0,"max_hp_gain":0.0,"max_hp_loss":0.0,"gold_gain":0.0,"event_name":"Accursed Blacksmith","player_choice":"Forge","floor":41.0,"gold_loss":0.0,"damage_taken":0.0,"cards_upgraded":["Burst"]}],"is_beta":false,"boss_relics":[{"not_picked":["Cursed Key","Runic Pyramid"],"picked":"Ring of the Serpent"},{"not_picked":["Pandora\u0027s Box","Astrolabe"],"picked":"Sozu"}],"items_purged_floors":[],"is_endless":false,"potions_floor_spawned":[5,6,8,10,16,18,24,29,30,31,33,35,39,45],"killed_by":"Jaw Worm Horde","ascension_level":6}