{"gold_per_floor":[211,222,222,141,151,151,151,195,248,248,286,286,302,302,302,392,392,416,206,206,230,230,230,250,250,250,250,285,285,321,339,339,435,435,450,463,484,392,392,432,432,432,432,765,765,765],"floor_reached":46,"playtime":1530,"items_purged":[],"score":1063,"play_id":"7cb5b5b0-2130-495c-8e84-88c9b0599ed9","local_time":"20181119095055","is_ascension_mode":true,"campfire_choices":[{"data":"Defragment","floor":6.0,"key":"SMITH"},{"data":"Zap","floor":10.0,"key":"SMITH"},{"data":"Sweeping Beam","floor":12.0,"key":"SMITH"},{"data":"Static Discharge","floor":15.0,"key":"SMITH"},{"data":"Hologram","floor":23.0,"key":"SMITH"},{"floor":25.0,"key":"REST"},{"floor":27.0,"key":"REST"},{"data":"Amplify","floor":29.0,"key":"SMITH"},{"floor":32.0,"key":"REST"},{"floor":42.0,"key":"REST"},{"floor":46,"key":"RECALL"}],"neow_cost":"NONE","seed_source_timestamp":394487631286477,"circlet_count":0,"master_deck":["AscendersBane","Strike_B","Strike_B+1","Strike_B","Defend_B","Defend_B","Defend_B","Defend_B","Zap+1","Dualcast","Sweeping Beam+1","Defragment+1","Biased Cognition","Ball Lightning","Coolheaded","Sweeping Beam+1","Static Discharge+1","Amplify+1","Hologram+1","Biased Cognition","Echo Form","Leap","Steam","Decay","Doom and Gloom","Electrodynamics","Auto Shields","Normality"],"special_seed":0,"relics":["Cracked Core","PreservedInsect","Whetstone","Unceasing Top","Cursed Key","OrangePellets","Pantograph","Mercury Hourglass","Snecko Eye","Smiling Mask","Happy Flower","Kunai"],"potions_floor_usage":[],"damage_taken":[{"damage":4.0,"enemies":"Small Slimes","floor":1.0,"turns":3.0},{"damage":0.0,"enemies":"2 Louse","floor":2.0,"turns":2.0},{"damage":0.0,"enemies":"Cultist","floor":5.0,"turns":3.0},{"damage":20.0,"enemies":"Lagavulin","floor":8.0,"turns":5.0},{"damage":11.0,"enemies":"3 Sentries","floor":11.0,"turns":5.0},{"damage":3.0,"enemies":"Blue Slaver","floor":13.0,"turns":3.0},{"damage":13.0,"enemies":"Hexaghost","floor":16.0,"turns":4.0},{"damage":11.0,"enemies":"Spheric Guardian","floor":18.0,"turns":3.0},{"damage":22.0,"enemies":"2 Thieves","floor":21.0,"turns":3.0},{"damage":14.0,"enemies":"Centurion and Healer","floor":24.0,"turns":5.0},{"damage":18.0,"enemies":"Book of Stabbing","floor":28.0,"turns":2.0},{"damage":18.0,"enemies":"Slavers","floor":30.0,"turns":3.0},{"damage":0.0,"enemies":"Cultist and Chosen","floor":31.0,"turns":3.0},{"damage":38.0,"enemies":"Collector","floor":33.0,"turns":6.0},{"damage":3.0,"enemies":"Orb Walker","floor":35.0,"turns":3.0},{"damage":22.0,"enemies":"3 Darklings","floor":36.0,"turns":3.0},{"damage":16.0,"enemies":"Jaw Worm Horde","floor":37.0,"turns":3.0},{"damage":0.0,"enemies":"Writhing Mass","floor":39.0,"turns":3.0},{"damage":0.0,"enemies":"Reptomancer","floor":40.0,"turns":3.0}],"seed_played":"6899787800404794160","potions_obtained":[{"floor":2.0,"key":"Ancient Potion"},{"floor":14.0,"key":"EntropicBrew"},{"floor":14.0,"key":"Weak Potion"},{"floor":30.0,"key":"Energy Potion"},{"floor":31.0,"key":"Dexterity Potion"},{"floor":33.0,"key":"Fire Potion"},{"floor":36.0,"key":"Fire Potion"},{"floor":37.0,"key":"SmokeBomb"}],"is_trial":false,"path_per_floor":["M","M","?","$","M","R","?","E","T","R","E","R","M","?","R","B",null,"M","$","?","M","?","R","M","R","T","R","E","R","E","M","R","B",null,"M","M","M","M","?","M","E","?","R","T","?","T","R"],"character_chosen":"DEFECT","items_purchased":["Biased Cognition","OrangePellets"],"campfire_rested":4,"item_purchase_floors":[4,19],"current_hp_per_floor":[60,60,53,53,53,53,53,33,33,33,22,22,19,19,19,6,50,39,39,39,17,17,17,3,22,22,41,23,23,5,5,24,11,51,48,26,10,10,10,10,10,28,28,28,28,28],"gold":765,"neow_bonus":"HUNDRED_GOLD","is_prod":false,"is_daily":false,"chose_seed":false,"campfire_upgraded":6,"win_rate":0,"timestamp":1542639055,"path_taken":["M","M","?","$","M","R","?","E","T","R","E","R","M","?","R","BOSS","M","?","?","?","?","R","M","R","T","R","E","R","E","M","R","BOSS","M","M","?","?","?","E","?","R","T","?","?","R"],"build_version":"2018-11-15","purchased_purges":0,"victory":false,"max_hp_per_floor":[71,71,71,71,71,71,64,64,64,64,64,64,64,64,64,64,64,64,64,64,64,64,64,64,64,64,64,64,64,64,64,64,64,64,64,64,64,64,64,64,61,61,61,61,61,61],"card_choices":[{"not_picked":["Leap","Gash"],"picked":"Sweeping Beam","floor":1.0},{"not_picked":["Compile Driver","Turbo"],"picked":"Defragment","floor":2.0},{"not_picked":["Compile Driver","Gash"],"picked":"Ball Lightning","floor":5.0},{"not_picked":["Hologram","Aggregate"],"picked":"Coolheaded","floor":8.0},{"not_picked":["Gash","Stack"],"picked":"Sweeping Beam","floor":11.0},{"not_picked":["Cold Snap","Coolheaded"],"picked":"Static Discharge","floor":13.0},{"not_picked":["Multi-Cast","Machine Learning"],"picked":"Amplify","floor":16.0},{"not_picked":["Conserve Battery","Barrage"],"picked":"Hologram","floor":18.0},{"not_picked":["Tempest","Scrape","Amplify"],"picked":"SKIP","floor":21.0},{"not_picked":["Go for the Eyes","Turbo"],"picked":"Steam","floor":24.0},{"not_picked":["Echo Form","Static Discharge"],"picked":"Doom and Gloom","floor":28.0},{"not_picked":["Creative AI","Consume"],"picked":"Electrodynamics","floor":30.0},{"not_picked":["Ball Lightning","Sweeping Beam"],"picked":"Auto Shields","floor":31.0},{"not_picked":["Chaos","Steam+1","Compile Driver"],"picked":"SKIP","floor":35.0},{"not_picked":["Turbo+1","Reprogram","Rebound"],"picked":"SKIP","floor":36.0},{"not_picked":["Turbo+1","Reprogram","Rebound"],"picked":"SKIP","floor":36.0},{"not_picked":["Streamline","Gash+1","Redo+1"],"picked":"SKIP","floor":37.0},{"not_picked":["Rebound","Turbo","Cold Snap+1"],"picked":"SKIP","floor":40.0}],"player_experience":892333,"relics_obtained":[{"floor":8.0,"key":"PreservedInsect"},{"floor":9.0,"key":"Whetstone"},{"floor":11.0,"key":"Unceasing Top"},{"floor":28.0,"key":"Pantograph"},{"floor":30.0,"key":"Mercury Hourglass"},{"floor":40.0,"key":"Happy Flower"},{"floor":43.0,"key":"Kunai"}],"event_choices":[{"cards_removed":["Strike_B"],"damage_healed":0.0,"max_hp_gain":0.0,"max_hp_loss":0.0,"gold_gain":0.0,"event_name":"Golden Wing","player_choice":"Card Removal","floor":3.0,"gold_loss":0.0,"damage_taken":7.0},{"damage_healed":0.0,"max_hp_gain":0.0,"max_hp_loss":7.0,"gold_gain":0.0,"event_name":"Golden Idol","player_choice":"Lose Max HP","floor":7.0,"gold_loss":0.0,"damage_taken":0.0,"relics_obtained":["Golden Idol"]},{"damage_healed":0.0,"max_hp_gain":0.0,"max_hp_loss":0.0,"gold_gain":0.0,"event_name":"Lab","player_choice":"Got Potions","floor":14.0,"gold_loss":0.0,"damage_taken":0.0},{"damage_healed":0.0,"max_hp_gain":0.0,"max_hp_loss":0.0,"gold_gain":0.0,"event_name":"Duplicator","player_choice":"Copied","floor":20.0,"gold_loss":0.0,"damage_taken":0.0,"cards_obtained":["Biased Cognition"]},{"damage_healed":0.0,"max_hp_gain":0.0,"max_hp_loss":0.0,"gold_gain":0.0,"event_name":"Match and Keep!","player_choice":"2 cards matched","floor":22.0,"gold_loss":0.0,"damage_taken":0.0,"cards_obtained":["Echo Form","Leap"]},{"damage_healed":0.0,"max_hp_gain":0.0,"max_hp_loss":0.0,"gold_gain":0.0,"event_name":"WeMeetAgain","player_choice":"Paid Gold","floor":38.0,"gold_loss":92.0,"damage_taken":0.0,"relics_obtained":["Smiling Mask"]},{"damage_healed":0.0,"max_hp_gain":0.0,"max_hp_loss":3.0,"gold_gain":0.0,"event_name":"Winding Halls","player_choice":"Max HP","floor":41.0,"gold_loss":0.0,"damage_taken":0.0},{"damage_healed":0.0,"max_hp_gain":0.0,"max_hp_loss":0.0,"gold_gain":333.0,"event_name":"The Moai Head","player_choice":"Gave Idol","floor":44.0,"relics_lost":["Golden Idol"],"gold_loss":0.0,"damage_taken":0.0}],"is_beta":true,"boss_relics":[{"not_picked":["FrozenCore","Fusion Hammer"],"picked":"Cursed Key"},{"not_picked":["Orrery","Busted Crown"],"picked":"Snecko Eye"}],"items_purged_floors":[],"is_endless":false,"potions_floor_spawned":[2,30,31,33,36,37],"ascension_level":20}