{"gold_per_floor":[214,228,403,328,338,338,238,238,238,238,248,248,264,277,277,372,372,389,250,261,291,301,301,314,333,333,213,241,255,255,255],"floor_reached":31,"playtime":849,"items_purged":["Doubt","Strike_R","Strike_R","Strike_R"],"score":249,"play_id":"29f63748-fe92-4e5d-ba28-cab9dc9b0035","local_time":"20190316113229","is_ascension_mode":false,"campfire_choices":[{"data":"Inflame","floor":6,"key":"SMITH"},{"data":"Bash","floor":10,"key":"SMITH"},{"data":"Headbutt","floor":12,"key":"SMITH"},{"data":"Whirlwind","floor":15,"key":"SMITH"},{"floor":23,"key":"RECALL"}],"neow_cost":"NONE","seed_source_timestamp":284553925467737,"circlet_count":0,"master_deck":["Strike_R","Defend_R","Defend_R","Defend_R","Defend_R","Bash+1","Thunderclap","Inflame+1","Headbutt+1","Whirlwind+1","Fiend Fire","Flame Barrier+1"],"relics":["Burning Blood","The Courier","Fusion Hammer","Red Mask","Dodecahedron","Bag of Preparation"],"potions_floor_usage":[16,16,28,29],"damage_taken":[{"damage":5,"enemies":"Cultist","floor":1,"turns":4},{"damage":6,"enemies":"2 Louse","floor":2,"turns":3},{"damage":8,"enemies":"Jaw Worm","floor":5,"turns":3},{"damage":14,"enemies":"Gremlin Gang","floor":11,"turns":4},{"damage":7,"enemies":"2 Fungi Beasts","floor":13,"turns":3},{"damage":7,"enemies":"3 Louse","floor":14,"turns":3},{"damage":27,"enemies":"Hexaghost","floor":16,"turns":7},{"damage":10,"enemies":"2 Thieves","floor":18,"turns":2},{"damage":0,"enemies":"3 Byrds","floor":20,"turns":3},{"damage":3,"enemies":"Masked Bandits","floor":21,"turns":4},{"damage":0,"enemies":"3 Cultists","floor":22,"turns":3},{"damage":18,"enemies":"Snake Plant","floor":24,"turns":3},{"damage":6,"enemies":"Chosen and Byrds","floor":25,"turns":4},{"damage":13,"enemies":"Slavers","floor":28,"turns":3},{"damage":28,"enemies":"Shelled Parasite and Fungi","floor":29,"turns":4},{"damage":0,"enemies":"Centurion and Healer","floor":31,"turns":1}],"seed_played":"1723143489265295049","potions_obtained":[{"floor":11,"key":"Strength Potion"},{"floor":13,"key":"LiquidBronze"},{"floor":14,"key":"AttackPotion"},{"floor":20,"key":"Block Potion"},{"floor":28,"key":"Regen Potion"},{"floor":29,"key":"Weak Potion"}],"is_trial":false,"path_per_floor":["M","M","?","$","M","R","$","?","T","R","M","R","M","M","R","B",null,"M","$","M","?","M","R","M","M","T","$","E","M","?","M"],"character_chosen":"IRONCLAD","items_purchased":["PowerPotion"],"campfire_rested":0,"item_purchase_floors":[19],"current_hp_per_floor":[80,80,80,80,78,78,78,78,78,78,70,70,69,68,68,47,80,76,76,80,80,80,80,68,68,68,68,61,39,90,90],"gold":255,"neow_bonus":"HUNDRED_GOLD","is_prod":false,"is_daily":false,"chose_seed":false,"campfire_upgraded":4,"win_rate":0,"timestamp":1552750349,"path_taken":["M","M","?","$","M","R","$","?","T","R","M","R","?","?","R","BOSS","M","$","M","?","M","R","M","M","T","$","E","M","?","M"],"build_version":"2019-03-15","purchased_purges":4,"victory":false,"max_hp_per_floor":[80,80,80,80,80,80,80,80,80,80,80,80,80,80,80,80,80,80,80,80,80,80,80,80,80,80,80,80,80,90,90],"card_choices":[{"not_picked":["Wild Strike","Headbutt"],"picked":"Thunderclap","floor":1},{"not_picked":["Heavy Blade","Pommel Strike"],"picked":"Inflame","floor":2},{"not_picked":["Seeing Red","Perfected Strike","Body Slam"],"picked":"SKIP","floor":5},{"not_picked":["True Grit","Entrench"],"picked":"Headbutt","floor":11},{"not_picked":["Clash","Headbutt","Bloodletting"],"picked":"SKIP","floor":13},{"not_picked":["Limit Break","Burning Pact"],"picked":"Whirlwind","floor":14},{"not_picked":["Feed","Limit Break"],"picked":"Fiend Fire","floor":16},{"not_picked":["Iron Wave+1","Twin Strike"],"picked":"Flame Barrier+1","floor":18},{"not_picked":["Twin Strike+1","Dual Wield+1","Hemokinesis+1"],"picked":"SKIP","floor":20},{"not_picked":["Sword Boomerang","Ghostly Armor"],"picked":"Limit Break","floor":22},{"not_picked":["Feel No Pain","Body Slam","Perfected Strike"],"picked":"SKIP","floor":24},{"not_picked":["Armaments","Perfected Strike","Whirlwind+1"],"picked":"SKIP","floor":25},{"not_picked":["Flex","Clothesline","Wild Strike"],"picked":"SKIP","floor":28},{"not_picked":["Feel No Pain","Ghostly Armor","Barricade"],"picked":"SKIP","floor":29}],"player_experience":1104164,"relics_obtained":[{"floor":9,"key":"The Courier"},{"floor":21,"key":"Red Mask"},{"floor":26,"key":"Dodecahedron"},{"floor":28,"key":"Bag of Preparation"}],"event_choices":[{"damage_healed":0,"gold_gain":175,"player_choice":"AGREE","damage_taken":0,"max_hp_gain":0,"max_hp_loss":0,"event_name":"Liars Game","floor":3,"gold_loss":0,"cards_obtained":["Doubt"]},{"cards_removed":["Strike_R"],"damage_healed":0,"gold_gain":0,"player_choice":"Forget","damage_taken":0,"max_hp_gain":0,"max_hp_loss":0,"event_name":"Living Wall","floor":8,"gold_loss":0},{"damage_healed":0,"gold_gain":0,"player_choice":"Fought Bandits","damage_taken":0,"max_hp_gain":0,"max_hp_loss":0,"event_name":"Masked Bandits","floor":21,"gold_loss":0},{"cards_removed":["Limit Break"],"damage_healed":41,"gold_gain":0,"player_choice":"Offered Rare","damage_taken":0,"max_hp_gain":10,"max_hp_loss":0,"event_name":"Bonfire Elementals","floor":30,"gold_loss":0}],"is_beta":true,"boss_relics":[{"not_picked":["Snecko Eye","Mark of Pain"],"picked":"Fusion Hammer"}],"items_purged_floors":[4,7,19,27],"is_endless":false,"potions_floor_spawned":[11,13,14,20,25,28,29],"killed_by":"Centurion and Healer","ascension_level":0}