{"path_per_floor":["M","M","?","M","$","R","T","M","T","M","?","E","R","M","R","B",null,"M","M","$","?","M","R","M","R","T","M","R","M","M","M","R"],"character_chosen":"THE_SILENT","items_purchased":["Infinite Blades","Cloak And Dagger","Kunai"],"gold_per_floor":[114,125,125,135,65,65,65,79,102,121,148,174,174,189,189,290,290,302,321,36,36,56,56,68,68,68,78,78,97,110,130,130,130],"floor_reached":33,"campfire_rested":3,"playtime":1593,"current_hp_per_floor":[68,68,68,59,59,59,73,62,62,50,38,32,57,57,57,30,86,86,82,82,82,24,49,52,52,52,45,45,27,23,3,29,0],"items_purged":[],"gold":130,"score":305,"play_id":"5e0bf629-4028-457f-a235-3514b2ea7038","local_time":"20180331190902","is_prod":false,"is_daily":false,"is_ascension_mode":false,"campfire_upgraded":4,"timestamp":1522548542,"path_taken":["M","M","?","M","$","R","?","M","T","?","?","E","R","M","R","BOSS","M","M","?","?","?","R","M","R","T","M","R","M","M","M","R","BOSS"],"build_version":"2018-03-29v2","purchased_purges":0,"victory":false,"master_deck":["Survivor","Neutralize","Cloak And Dagger","Accuracy+1","Bouncing Flask","Infinite Blades+1","Deflect","Deflect","Flying Knee","Accuracy+1","Burst","Sucker Punch","Dodge and Roll","Deflect","Deadly Poison","Blade Dance+1","Dagger Spray","Acrobatics","Deflect","Crippling Poison","Dagger Throw","Cloak And Dagger+1","Cloak And Dagger","Cloak And Dagger","Finisher","Finisher","Prepared","Choke"],"max_hp_per_floor":[70,70,70,70,70,70,84,84,84,84,84,86,86,86,86,86,86,86,86,86,86,86,86,86,86,86,86,86,86,88,88,88,88],"relics":["Ring of the Snake","Mango","Singing Bowl","Odd Mushroom","Bottled Lightning","Pandora\u0027s Box","Kunai","Peace Pipe"],"card_choices":[{"not_picked":["Dagger Spray","Slice"],"picked":"Cloak And Dagger","floor":1},{"not_picked":["Envenom","Slice"],"picked":"Accuracy","floor":2},{"not_picked":["Prepared","Reflex"],"picked":"Bouncing Flask","floor":4},{"not_picked":["Dagger Throw","Expertise"],"picked":"Deflect","floor":8},{"not_picked":["Quick Slash","Bane"],"picked":"Deflect","floor":10},{"not_picked":["Dodge and Roll","Dagger Throw"],"picked":"Flying Knee","floor":11},{"not_picked":["Deflect","Infinite Blades"],"picked":"Accuracy","floor":14},{"not_picked":["A Thousand Cuts","Wraith Form"],"picked":"Burst","floor":16},{"not_picked":["Calculated Gamble","Dagger Throw"],"picked":"Cloak And Dagger","floor":18},{"not_picked":["Sucker Punch","Quick Slash"],"picked":"Cloak And Dagger","floor":19},{"not_picked":["Night Terror","Distraction"],"picked":"Finisher","floor":24},{"not_picked":["Poisoned Stab","Quick Slash"],"picked":"Finisher","floor":27},{"not_picked":["Masterful Stab","Skewer"],"picked":"Prepared","floor":29},{"not_picked":["Calculated Gamble","Skewer"],"picked":"Choke","floor":31}],"player_experience":78120,"potions_floor_usage":[8,24,27,27,27,29,30],"damage_taken":[{"damage":2,"enemies":"Small Slimes","floor":1,"turns":3},{"damage":0,"enemies":"2 Louse","floor":2,"turns":3},{"damage":9,"enemies":"Jaw Worm","floor":4,"turns":5},{"damage":11,"enemies":"Exordium Wildlife","floor":8,"turns":4},{"damage":12,"enemies":"Exordium Thugs","floor":10,"turns":5},{"damage":12,"enemies":"The Mushroom Lair","floor":11,"turns":5},{"damage":8,"enemies":"Gremlin Nob","floor":12,"turns":4},{"damage":0,"enemies":"Large Slime","floor":14,"turns":5},{"damage":27,"enemies":"Hexaghost","floor":16,"turns":10},{"damage":0,"enemies":"Chosen","floor":18,"turns":5},{"damage":4,"enemies":"Spheric Guardian","floor":19,"turns":4},{"damage":58,"enemies":"Slaver and Parasite","floor":22,"turns":6},{"damage":12,"enemies":"Centurion and Healer","floor":24,"turns":7},{"damage":7,"enemies":"Snake Plant","floor":27,"turns":3},{"damage":18,"enemies":"Cultist and Chosen","floor":29,"turns":6},{"damage":6,"enemies":"Centurion and Healer","floor":30,"turns":4},{"damage":20,"enemies":"Snecko","floor":31,"turns":6},{"damage":49,"enemies":"Automaton","floor":33,"turns":6}],"event_choices":[{"event_name":"Living Wall","player_choice":"Grow","floor":3,"damage_taken":0},{"event_name":"Mushrooms","player_choice":"Fought Mushrooms","floor":11,"damage_taken":0},{"event_name":"Beggar","player_choice":"Ignored","floor":21,"damage_taken":0}],"boss_relics":[{"not_picked":["Runic Dome","Velvet Choker"],"picked":"Pandora\u0027s Box"}],"potions_floor_spawned":[4,8,10,11,22,24,27,29],"seed_played":"4663240668097313173","killed_by":"Automaton","ascension_level":0,"is_trial":false}