{"gold_per_floor":[115,129,147,147,160,160,187,187,187,187,220,230,230,241,241,241],"floor_reached":16,"playtime":809,"items_purged":[],"score":213,"play_id":"083abebc-5b8f-43a4-afad-8c7ad6b6670b","local_time":"20190314125656","is_ascension_mode":true,"campfire_choices":[{"data":"Bash","floor":6,"key":"SMITH"},{"data":"Iron Wave","floor":8,"key":"SMITH"},{"data":"Body Slam","floor":10,"key":"SMITH"},{"data":"Dark Embrace","floor":15,"key":"SMITH"}],"neow_cost":"NONE","seed_source_timestamp":33999752959711,"circlet_count":0,"master_deck":["AscendersBane","Strike_R","Strike_R","Strike_R","Strike_R","Strike_R","Defend_R","Defend_R","Defend_R","Defend_R","Bash+1","Fiend Fire","Iron Wave+1","Headbutt","Shrug It Off","Body Slam+1","Spot Weakness","Dark Embrace+1"],"relics":["Burning Blood","Bottled Flame","Singing Bowl","Question Card","Letter Opener"],"potions_floor_usage":[7,11,16],"damage_taken":[{"damage":0,"enemies":"2 Louse","floor":1,"turns":2},{"damage":7,"enemies":"Jaw Worm","floor":2,"turns":3},{"damage":18,"enemies":"Small Slimes","floor":3,"turns":4},{"damage":3,"enemies":"Blue Slaver","floor":5,"turns":7},{"damage":8,"enemies":"Gremlin Nob","floor":7,"turns":3},{"damage":25,"enemies":"Lagavulin","floor":11,"turns":5},{"damage":18,"enemies":"Exordium Thugs","floor":12,"turns":5},{"damage":0,"enemies":"2 Fungi Beasts","floor":14,"turns":3},{"damage":56,"enemies":"Hexaghost","floor":16,"turns":9}],"seed_played":"-2465831402158111007","potions_obtained":[{"floor":5,"key":"SteroidPotion"},{"floor":7,"key":"Fire Potion"},{"floor":12,"key":"Regen Potion"}],"is_trial":false,"path_per_floor":["M","M","M","?","M","R","E","R","T","R","E","M","T","M","R","B"],"character_chosen":"IRONCLAD","items_purchased":[],"campfire_rested":0,"item_purchase_floors":[],"current_hp_per_floor":[74,73,61,61,64,64,62,62,62,62,43,33,33,39,39,0],"gold":241,"neow_bonus":"ONE_RANDOM_RARE_CARD","is_prod":false,"is_daily":false,"chose_seed":false,"campfire_upgraded":4,"win_rate":0,"timestamp":1552582616,"path_taken":["M","M","M","?","M","R","E","R","T","R","E","M","?","M","R","BOSS"],"build_version":"2019-02-06","purchased_purges":0,"victory":false,"max_hp_per_floor":[75,75,75,75,75,75,75,75,75,75,75,77,77,77,77,77],"card_choices":[{"not_picked":["Twin Strike","Armaments"],"picked":"Iron Wave","floor":1},{"not_picked":["Clash","Clothesline"],"picked":"Headbutt","floor":2},{"not_picked":["Clash","Perfected Strike"],"picked":"Shrug It Off","floor":3},{"not_picked":["Seeing Red","Rupture"],"picked":"Body Slam","floor":5},{"not_picked":["Perfected Strike","Infernal Blade","Sentinel"],"picked":"SKIP","floor":7},{"not_picked":["Inflame","Dropkick"],"picked":"Spot Weakness","floor":11},{"not_picked":["Body Slam","Seeing Red","Pommel Strike","Warcry"],"picked":"Singing Bowl","floor":12},{"not_picked":["Reckless Charge","Spot Weakness","Headbutt"],"picked":"Dark Embrace","floor":14}],"player_experience":504723,"relics_obtained":[{"floor":7,"key":"Bottled Flame"},{"floor":9,"key":"Singing Bowl"},{"floor":11,"key":"Question Card"},{"floor":13,"key":"Letter Opener"}],"event_choices":[{"damage_healed":0,"gold_gain":0,"player_choice":"Ignored","damage_taken":0,"max_hp_gain":0,"max_hp_loss":0,"event_name":"Liars Game","floor":4,"gold_loss":0}],"is_beta":true,"boss_relics":[],"items_purged_floors":[],"is_endless":false,"potions_floor_spawned":[5,7,12],"killed_by":"Hexaghost","ascension_level":18}