{"gold_per_floor":[116,128,47,122,5,35,35,46,46,61,61,92,105,115,115,216,266,283,315,329,329],"floor_reached":21,"playtime":1159,"items_purged":[],"score":338,"play_id":"ef69075f-81a2-4d80-bfe6-46f9123f6f1b","local_time":"20181223044823","is_ascension_mode":true,"campfire_choices":[{"data":"Defragment","floor":7.0,"key":"SMITH"},{"floor":15,"key":"REST"}],"neow_cost":"NONE","seed_source_timestamp":0,"circlet_count":0,"master_deck":["Strike_B","Strike_B","Strike_B","Strike_B","Defend_B","Defend_B+1","Defend_B","Defend_B","Zap","Dualcast","Sunder","Defragment+1","Glacier","Hologram","Coolheaded","Coolheaded","Coolheaded","Genetic Algorithm","Leap","Buffer","Coolheaded","Core Surge","Capacitor+1"],"special_seed":0,"relics":["Cracked Core","NeowsBlessing","Potion Belt","Mercury Hourglass","Bag of Marbles","Tiny House","Red Mask"],"potions_floor_usage":[16,16,16],"damage_taken":[{"damage":0.0,"enemies":"Cultist","floor":1.0,"turns":1.0},{"damage":0.0,"enemies":"Jaw Worm","floor":2.0,"turns":1.0},{"damage":0.0,"enemies":"Lagavulin","floor":6.0,"turns":1.0},{"damage":0.0,"enemies":"Small Slimes","floor":8.0,"turns":2.0},{"damage":4.0,"enemies":"Red Slaver","floor":10.0,"turns":5.0},{"damage":16.0,"enemies":"Gremlin Nob","floor":12.0,"turns":3.0},{"damage":0,"enemies":"2 Fungi Beasts","floor":13,"turns":2},{"damage":2,"enemies":"3 Louse","floor":14,"turns":3},{"damage":12,"enemies":"Hexaghost","floor":16,"turns":11},{"damage":6,"enemies":"Shell Parasite","floor":18,"turns":16},{"damage":40,"enemies":"Masked Bandits","floor":19,"turns":8},{"damage":0,"enemies":"Spheric Guardian","floor":20,"turns":10},{"damage":31,"enemies":"Colosseum Slavers","floor":21,"turns":3}],"seed_played":"-6143632154768396196","potions_obtained":[{"floor":1.0,"key":"Poison Potion"},{"floor":6.0,"key":"SkillPotion"},{"floor":12.0,"key":"Fire Potion"},{"floor":13,"key":"Block Potion"},{"floor":14,"key":"PowerPotion"},{"floor":17,"key":"GamblersBrew"},{"floor":20,"key":"PowerPotion"}],"is_trial":false,"path_per_floor":["M","M","$","?","$","E","R","M","T","M","?","E","M","M","R","B",null,"M","?","M","?"],"character_chosen":"DEFECT","items_purchased":["Defragment","Glacier","Hologram"],"campfire_rested":1,"item_purchase_floors":[3,5,5],"current_hp_per_floor":[68,68,68,57,57,57,57,57,57,53,53,37,37,35,57,45,73,67,27,27,0],"gold":329,"neow_bonus":"THREE_ENEMY_KILL","is_prod":false,"is_daily":false,"chose_seed":false,"campfire_upgraded":1,"win_rate":0,"timestamp":1545558503,"path_taken":["M","?","$","?","$","E","R","M","T","M","?","E","?","M","R","BOSS","M","?","M","?"],"build_version":"2018-12-20","purchased_purges":0,"victory":false,"max_hp_per_floor":[75,75,75,75,75,75,75,75,75,75,75,75,75,75,75,75,80,80,80,80,80],"card_choices":[{"not_picked":["Compile Driver","Sweeping Beam"],"picked":"Sunder","floor":1.0},{"not_picked":["Conserve Battery","Redo"],"picked":"Gash","floor":2.0},{"not_picked":["Aggregate","White Noise"],"picked":"Coolheaded","floor":6.0},{"not_picked":["Rebound","Conserve Battery"],"picked":"Coolheaded","floor":8.0},{"not_picked":["Ball Lightning","Self Repair"],"picked":"Coolheaded","floor":10.0},{"not_picked":["Double Energy","Electrodynamics","Steam"],"picked":"SKIP","floor":12.0},{"not_picked":["Ball Lightning","Hologram"],"picked":"Genetic Algorithm","floor":13},{"not_picked":["Barrage","Turbo"],"picked":"Leap","floor":14},{"not_picked":["All For One","Seek"],"picked":"Buffer","floor":16},{"not_picked":["Turbo","Double Energy"],"picked":"Coolheaded","floor":17},{"not_picked":["Lockon","Gash","Force Field"],"picked":"SKIP","floor":18},{"not_picked":["Go for the Eyes+1","Cold Snap+1"],"picked":"Core Surge","floor":19},{"not_picked":["Beam Cell","Go for the Eyes"],"picked":"Capacitor+1","floor":20}],"player_experience":322226,"relics_obtained":[{"floor":6.0,"key":"Potion Belt"},{"floor":9.0,"key":"Mercury Hourglass"},{"floor":12.0,"key":"Bag of Marbles"},{"floor":19,"key":"Red Mask"}],"event_choices":[{"damage_healed":0.0,"max_hp_gain":0.0,"max_hp_loss":0.0,"gold_gain":75.0,"event_name":"World of Goop","player_choice":"Gather Gold","floor":4.0,"gold_loss":0.0,"damage_taken":11.0},{"cards_removed":["Gash"],"damage_healed":0.0,"max_hp_gain":0.0,"max_hp_loss":0.0,"gold_gain":0.0,"event_name":"Purifier","player_choice":"Purged","floor":11.0,"gold_loss":0.0,"damage_taken":0.0},{"damage_healed":0,"gold_gain":0,"player_choice":"Fought Bandits","damage_taken":0,"max_hp_gain":0,"max_hp_loss":0,"event_name":"Masked Bandits","floor":19,"gold_loss":0},{"damage_healed":0,"gold_gain":0,"player_choice":"Fight","damage_taken":0,"max_hp_gain":0,"max_hp_loss":0,"event_name":"Colosseum","floor":21,"gold_loss":0}],"is_beta":false,"boss_relics":[{"not_picked":["Lizard Tail","Calling Bell"],"picked":"Tiny House"}],"items_purged_floors":[],"is_endless":false,"potions_floor_spawned":[1,6,12,13,14,20],"killed_by":"Colosseum Slavers","ascension_level":9}