{"gold_per_floor":[114,114,114,130,54,54,88,100,100,100,117,129,140,166,166,245,245,258,268,280,200,217,217],"floor_reached":23,"playtime":584,"items_purged":[],"score":460,"play_id":"87922115-56c0-4cbb-a3a7-bfa34916ea40","local_time":"20190310194336","is_ascension_mode":true,"campfire_choices":[{"data":"Zap","floor":6.0,"key":"SMITH"},{"data":"Capacitor","floor":10.0,"key":"SMITH"},{"data":"Consume","floor":15.0,"key":"SMITH"}],"neow_cost":"NONE","seed_source_timestamp":317236660369967,"circlet_count":0,"master_deck":["AscendersBane","Strike_B","Strike_B","Strike_B","Strike_B","Defend_B","Defend_B","Defend_B","Defend_B","Zap+1","Dualcast","Sweeping Beam","Ball Lightning","Capacitor+1","Ball Lightning","Reboot","Leap","Consume+1","Ball Lightning","Biased Cognition","Electrodynamics","Storm","Leap","Hologram","Conserve Battery","Loop"],"special_seed":0,"relics":["Cracked Core","NeowsBlessing","Pear","Vajra","Question Card","Busted Crown"],"potions_floor_usage":[22,23],"damage_taken":[{"damage":0.0,"enemies":"Jaw Worm","floor":1.0,"turns":1.0},{"damage":0.0,"enemies":"Small Slimes","floor":4.0,"turns":1.0},{"damage":0.0,"enemies":"Lagavulin","floor":7.0,"turns":1.0},{"damage":0.0,"enemies":"Cultist","floor":8.0,"turns":3.0},{"damage":4.0,"enemies":"Red Slaver","floor":11.0,"turns":4.0},{"damage":10.0,"enemies":"Exordium Wildlife","floor":12.0,"turns":3.0},{"damage":1.0,"enemies":"2 Fungi Beasts","floor":13.0,"turns":2.0},{"damage":8.0,"enemies":"Gremlin Nob","floor":14.0,"turns":3.0},{"damage":50.0,"enemies":"Slime Boss","floor":16.0,"turns":7.0},{"damage":13.0,"enemies":"3 Byrds","floor":18.0,"turns":3.0},{"damage":14.0,"enemies":"2 Thieves","floor":19.0,"turns":2.0},{"damage":1,"enemies":"Sentry and Sphere","floor":20,"turns":3},{"damage":10,"enemies":"Snecko","floor":22,"turns":4},{"damage":15,"enemies":"Book of Stabbing","floor":23,"turns":2}],"seed_played":"1870760509591586660","potions_obtained":[{"floor":4.0,"key":"SpeedPotion"},{"floor":7.0,"key":"SkillPotion"},{"floor":11.0,"key":"Fire Potion"},{"floor":16.0,"key":"Weak Potion"},{"floor":18.0,"key":"Fire Potion"}],"is_trial":false,"path_per_floor":["M","?","?","M","$","R","E","M","T","R","M","M","M","E","R","B",null,"M","M","M","$","M","E"],"character_chosen":"DEFECT","items_purchased":["Capacitor","Conserve Battery","Fire Potion"],"campfire_rested":0,"item_purchase_floors":[5,21,21],"current_hp_per_floor":[64,69,69,69,69,69,79,79,79,79,75,65,64,56,56,6,66,53,39,38,38,28,13],"gold":217,"neow_bonus":"THREE_ENEMY_KILL","is_prod":false,"is_daily":false,"chose_seed":false,"campfire_upgraded":3,"win_rate":0,"timestamp":1552261416,"path_taken":["M","?","?","M","$","R","E","M","T","R","?","M","M","E","R","BOSS","M","M","?","?","M","E"],"build_version":"2019-02-06","purchased_purges":0,"victory":false,"max_hp_per_floor":[71,76,76,76,76,76,86,86,86,86,86,86,86,86,86,86,86,86,86,86,86,86,86],"card_choices":[{"not_picked":["Stack","Consume"],"picked":"Sweeping Beam","floor":1.0},{"not_picked":["Sweeping Beam","Consume"],"picked":"Ball Lightning","floor":4.0},{"not_picked":["Hyperbeam","Go for the Eyes"],"picked":"Ball Lightning","floor":7.0},{"not_picked":["Redo","Self Repair"],"picked":"Reboot","floor":8.0},{"not_picked":["Hello World","Barrage"],"picked":"Leap","floor":11.0},{"not_picked":["Sunder","Streamline"],"picked":"Consume","floor":12.0},{"not_picked":["Compile Driver","Streamline"],"picked":"Ball Lightning","floor":13.0},{"not_picked":["Sunder","Steam"],"picked":"Biased Cognition","floor":14.0},{"not_picked":["Buffer","Core Surge","Thunder Strike"],"picked":"Electrodynamics","floor":16.0},{"not_picked":["Aggregate"],"picked":"Storm","floor":18.0},{"not_picked":["Recycle"],"picked":"Leap","floor":19.0},{"not_picked":["Barrage"],"picked":"Hologram","floor":20},{"not_picked":["Gash"],"picked":"Loop","floor":22}],"player_experience":1082718,"relics_obtained":[{"floor":7.0,"key":"Pear"},{"floor":9.0,"key":"Vajra"},{"floor":14.0,"key":"Question Card"}],"event_choices":[{"damage_healed":0.0,"max_hp_gain":5.0,"max_hp_loss":0.0,"gold_gain":0.0,"event_name":"Big Fish","player_choice":"Donut","floor":2.0,"gold_loss":0.0,"damage_taken":0.0},{"damage_healed":0.0,"max_hp_gain":0.0,"max_hp_loss":0.0,"gold_gain":0.0,"event_name":"The Cleric","player_choice":"Leave","floor":3.0,"gold_loss":0.0,"damage_taken":0.0}],"is_beta":true,"boss_relics":[{"not_picked":["Eternal Feather","White Beast Statue"],"picked":"Busted Crown"}],"items_purged_floors":[],"is_endless":false,"potions_floor_spawned":[4,7,8,11,16,18],"killed_by":"Book of Stabbing","ascension_level":20}