{"gold_per_floor":[119,85,101,119,194,226,226,236,236,87,97,97,117,132,132,233,283,301,330,8,18,18,18,38,38],"floor_reached":25,"playtime":801,"items_purged":[],"score":240,"play_id":"0a613e3f-d5d7-4913-aaf1-6818788e1262","local_time":"20190221053728","is_ascension_mode":true,"campfire_choices":[{"data":"Sunder","floor":7,"key":"SMITH"},{"floor":12,"key":"REST"},{"floor":15,"key":"REST"},{"floor":23,"key":"REST"}],"neow_cost":"NONE","seed_source_timestamp":49128548996042,"circlet_count":0,"master_deck":["Strike_B+1","Strike_B","Strike_B","Defend_B","Defend_B","Defend_B","Zap","Dualcast","Sweeping Beam","Sunder+1","Gash","Redo","Capacitor","Melter","Ball Lightning","Defragment","Beam Cell","Sweeping Beam","Static Discharge"],"relics":["Cracked Core","NeowsBlessing","Bottled Flame","Singing Bowl","Omamori","Tiny House","Red Mask","Toxic Egg 2"],"potions_floor_usage":[14,14,14,19,25],"damage_taken":[{"damage":0,"enemies":"Cultist","floor":1,"turns":1},{"damage":0,"enemies":"Jaw Worm","floor":3,"turns":1},{"damage":0,"enemies":"2 Louse","floor":4,"turns":1},{"damage":28,"enemies":"Gremlin Nob","floor":6,"turns":4},{"damage":0,"enemies":"Exordium Wildlife","floor":8,"turns":2},{"damage":1,"enemies":"3 Louse","floor":11,"turns":3},{"damage":5,"enemies":"Exordium Thugs","floor":13,"turns":3},{"damage":31,"enemies":"Large Slime","floor":14,"turns":5},{"damage":46,"enemies":"Slime Boss","floor":16,"turns":11},{"damage":39,"enemies":"Shell Parasite","floor":18,"turns":6},{"damage":15,"enemies":"Masked Bandits","floor":19,"turns":4},{"damage":11,"enemies":"Chosen","floor":21,"turns":4},{"damage":42,"enemies":"Shelled Parasite and Fungi","floor":24,"turns":5},{"damage":10,"enemies":"Snake Plant","floor":25,"turns":1}],"seed_played":"-7862592723597350616","potions_obtained":[{"floor":3,"key":"Energy Potion"},{"floor":8,"key":"PowerPotion"},{"floor":13,"key":"Weak Potion"},{"floor":17,"key":"GamblersBrew"},{"floor":18,"key":"EssenceOfSteel"},{"floor":21,"key":"Dexterity Potion"}],"is_trial":false,"path_per_floor":["M","$","M","M","?","E","R","M","T","$","M","R","M","M","R","B",null,"M","?","$","M","?","R","M","M"],"character_chosen":"DEFECT","items_purchased":["Sunder","Omamori","Toxic Egg 2","Defragment"],"campfire_rested":3,"item_purchase_floors":[2,10,20,20],"current_hp_per_floor":[75,75,75,75,64,36,36,36,36,36,37,60,55,24,47,3,84,47,34,34,25,25,52,10,0],"gold":38,"neow_bonus":"THREE_ENEMY_KILL","is_prod":false,"is_daily":false,"chose_seed":false,"campfire_upgraded":1,"win_rate":0,"timestamp":1550756248,"path_taken":["M","$","M","?","?","E","R","M","T","$","M","R","M","M","R","BOSS","M","?","$","M","?","R","M","M"],"build_version":"2019-01-23","purchased_purges":0,"victory":false,"max_hp_per_floor":[75,75,75,75,75,75,75,75,75,75,77,77,77,77,77,79,84,86,88,88,90,90,90,90,90],"card_choices":[{"not_picked":["Rebound","Hologram"],"picked":"Sweeping Beam","floor":1},{"not_picked":["Consume","Glacier"],"picked":"Gash","floor":3},{"not_picked":["Go for the Eyes","Ball Lightning"],"picked":"Redo","floor":4},{"not_picked":["Coolheaded","Double Energy","Lockon"],"picked":"SKIP","floor":6},{"not_picked":["Rebound","Leap","Sunder"],"picked":"SKIP","floor":8},{"not_picked":["Rainbow","Beam Cell","Leap"],"picked":"Singing Bowl","floor":11},{"not_picked":["Compile Driver","Hologram"],"picked":"Capacitor","floor":13},{"not_picked":["Blizzard","Barrage"],"picked":"Melter","floor":14},{"not_picked":["Core Surge","Seek","Meteor Strike"],"picked":"Singing Bowl","floor":16},{"not_picked":["Hologram","Rebound"],"picked":"Ball Lightning","floor":17},{"not_picked":["Sweeping Beam","Beam Cell","Melter"],"picked":"Singing Bowl","floor":18},{"not_picked":["Cold Snap","Barrage","Hello World"],"picked":"Singing Bowl","floor":19},{"not_picked":["Barrage","Stack+1","Conserve Battery+1"],"picked":"Singing Bowl","floor":21},{"not_picked":["Aggregate+1","Chill+1"],"picked":"Static Discharge","floor":24}],"player_experience":263526,"relics_obtained":[{"floor":6,"key":"Bottled Flame"},{"floor":9,"key":"Singing Bowl"},{"floor":19,"key":"Red Mask"}],"event_choices":[{"damage_healed":0,"gold_gain":75,"player_choice":"Gather Gold","damage_taken":11,"max_hp_gain":0,"max_hp_loss":0,"event_name":"World of Goop","floor":5,"gold_loss":0},{"damage_healed":0,"gold_gain":0,"player_choice":"Fought Bandits","damage_taken":0,"max_hp_gain":0,"max_hp_loss":0,"event_name":"Masked Bandits","floor":19,"gold_loss":0},{"damage_healed":0,"gold_gain":0,"cards_transformed":["Strike_B","Defend_B"],"player_choice":"Became Test Subject","damage_taken":0,"max_hp_gain":0,"max_hp_loss":0,"event_name":"Drug Dealer","floor":22,"gold_loss":0,"cards_obtained":["Beam Cell","Sweeping Beam"]}],"is_beta":false,"boss_relics":[{"not_picked":["Calling Bell","Busted Crown"],"picked":"Tiny House"}],"items_purged_floors":[],"is_endless":false,"potions_floor_spawned":[3,8,13,18,21],"killed_by":"Snake Plant","ascension_level":1}