{"gold_per_floor":[116,116,132,132,207,207,218,218,218,232,182,209,238,238,238,339,339,358,358,371,175,187,187,197,197,242,258,258,269,280,280,280,383,383,393,66,66,82,33,33,43,58,84,84,94,71,71,82,82,82],"floor_reached":50,"playtime":1640,"items_purged":["Strike_B+1"],"score":494,"play_id":"828b0787-95bc-479a-a7cc-06d8725669fc","local_time":"20190129033905","is_ascension_mode":false,"campfire_choices":[{"data":"Cold Snap","floor":6,"key":"SMITH"},{"data":"Dualcast","floor":8,"key":"SMITH"},{"floor":15,"key":"REST"},{"data":"Genetic Algorithm","floor":23,"key":"SMITH"},{"floor":28,"key":"REST"},{"floor":32,"key":"REST"},{"data":"Bandage Up","floor":40,"key":"SMITH"},{"data":"Redo","floor":44,"key":"SMITH"},{"floor":49,"key":"REST"}],"neow_cost":"NONE","seed_source_timestamp":159779480801142,"circlet_count":0,"master_deck":["Strike_B+1","Strike_B+1","Strike_B+1","Defend_B+1","Defend_B+1","Defend_B+1","Defend_B+1","Zap+1","Dualcast+1","Gash+1","Cold Snap+1","Gash+1","Genetic Algorithm+1","Cold Snap+1","Redo+1","All For One+1","Gash+1","Go for the Eyes+1","Gash+1","Gash+1","Loop+1","All For One+1","Gash+1","Gash+1","Gash+1","Bandage Up+1","Defragment+1","Gash+1","Defragment+1","Rebound+1","Decay","Gash+1"],"relics":["Cracked Core","Molten Egg 2","War Paint","Bag of Marbles","Potion Belt","Nuclear Battery","Whetstone","Happy Flower","MutagenicStrength","Orrery","Pear","Vajra"],"potions_floor_usage":[10,10,24,33,45,50,50,50],"damage_taken":[{"damage":7,"enemies":"Jaw Worm","floor":1,"turns":4},{"damage":0,"enemies":"2 Louse","floor":3,"turns":3},{"damage":0,"enemies":"Small Slimes","floor":7,"turns":2},{"damage":12,"enemies":"Blue Slaver","floor":10,"turns":3},{"damage":22,"enemies":"Gremlin Nob","floor":13,"turns":5},{"damage":41,"enemies":"Hexaghost","floor":16,"turns":11},{"damage":10,"enemies":"Shell Parasite","floor":18,"turns":5},{"damage":0,"enemies":"Chosen","floor":20,"turns":3},{"damage":15,"enemies":"Snake Plant","floor":22,"turns":3},{"damage":13,"enemies":"Snecko","floor":24,"turns":4},{"damage":0,"enemies":"Centurion and Healer","floor":27,"turns":3},{"damage":0,"enemies":"Sentry and Sphere","floor":29,"turns":3},{"damage":10,"enemies":"Cultist and Chosen","floor":30,"turns":3},{"damage":66,"enemies":"Champ","floor":33,"turns":7},{"damage":0,"enemies":"3 Darklings","floor":35,"turns":3},{"damage":11,"enemies":"Orb Walker","floor":38,"turns":2},{"damage":25,"enemies":"Writhing Mass","floor":41,"turns":5},{"damage":0,"enemies":"Transient","floor":42,"turns":5},{"damage":29,"enemies":"Maw","floor":45,"turns":4},{"damage":13,"enemies":"4 Shapes","floor":48,"turns":4},{"damage":68,"enemies":"Awakened One","floor":50,"turns":4}],"seed_played":"-8414252676832933753","potions_obtained":[{"floor":3,"key":"Regen Potion"},{"floor":7,"key":"GamblersBrew"},{"floor":20,"key":"SkillPotion"},{"floor":24,"key":"SteroidPotion"},{"floor":29,"key":"Dexterity Potion"},{"floor":41,"key":"Strength Potion"},{"floor":42,"key":"SpeedPotion"},{"floor":45,"key":"GamblersBrew"},{"floor":48,"key":"Ancient Potion"}],"is_trial":false,"path_per_floor":["M","?","M","?","?","R","M","R","T","M","$","T","E","?","R","B",null,"M","?","M","$","M","R","M","?","T","M","R","M","M","?","R","B",null,"M","$","?","M","$","R","M","M","T","R","M","$","?","M","R","B"],"character_chosen":"DEFECT","items_purchased":["Cold Snap+1","Go for the Eyes+1","Whetstone","Pear","Gash+1","Rebound+1"],"campfire_rested":4,"item_purchase_floors":[11,21,21,36,39,46],"current_hp_per_floor":[68,73,73,73,62,62,62,62,62,59,59,59,37,19,43,2,80,70,70,70,70,55,55,42,42,42,42,66,66,56,56,80,14,80,80,90,90,83,83,83,58,64,64,64,41,41,41,34,61,0],"gold":82,"neow_bonus":"THREE_CARDS","is_prod":false,"is_daily":false,"chose_seed":false,"campfire_upgraded":5,"win_rate":0.0,"timestamp":1548761945,"path_taken":["M","?","M","?","?","R","M","R","T","M","$","?","E","?","R","BOSS","M","?","M","$","M","R","M","?","T","M","R","M","?","?","R","BOSS","M","$","?","M","$","R","M","M","T","R","M","$","?","?","R","BOSS"],"build_version":"2019-01-23","purchased_purges":1,"victory":false,"max_hp_per_floor":[75,80,80,80,80,80,80,80,80,80,80,80,80,80,80,80,80,80,80,80,80,80,80,80,80,80,80,80,80,80,80,80,80,80,80,90,90,90,90,90,90,90,90,90,90,90,90,90,90,90],"card_choices":[{"not_picked":["Reprogram","Turbo"],"picked":"Gash","floor":0},{"not_picked":["Beam Cell","Barrage"],"picked":"Cold Snap","floor":1},{"not_picked":["Turbo","Hologram","Aggregate"],"picked":"SKIP","floor":3},{"not_picked":["Rip and Tear","Scrape"],"picked":"Gash","floor":7},{"not_picked":["Redo","Barrage+1"],"picked":"Genetic Algorithm","floor":10},{"not_picked":["Stack","Scrape+1"],"picked":"Redo","floor":13},{"not_picked":["Hyperbeam+1","Reboot"],"picked":"All For One+1","floor":16},{"not_picked":["Leap+1","Cold Snap+1"],"picked":"Gash+1","floor":18},{"not_picked":["Hologram","Chill+1","Streamline+1"],"picked":"SKIP","floor":20},{"not_picked":["Ball Lightning+1","Rebound+1"],"picked":"Gash+1","floor":22},{"not_picked":["Auto Shields","Ball Lightning+1","Rebound+1"],"picked":"SKIP","floor":24},{"not_picked":["Ball Lightning+1","Redo","Compile Driver+1"],"picked":"SKIP","floor":27},{"not_picked":["Hologram","Aggregate","Auto Shields"],"picked":"SKIP","floor":29},{"not_picked":["Coolheaded+1","Undo"],"picked":"Loop+1","floor":30},{"not_picked":["Rainbow","Meteor Strike+1"],"picked":"All For One+1","floor":33},{"not_picked":["Loop","Fusion"],"picked":"Gash+1","floor":34},{"not_picked":["Heatsinks","Skim"],"picked":"Gash+1","floor":34},{"not_picked":["White Noise","Rebound+1"],"picked":"Gash+1","floor":34},{"not_picked":["Ball Lightning+1","Melter+1","Double Energy+1"],"picked":"SKIP","floor":35},{"not_picked":["Sadistic Nature","Thinking Ahead"],"picked":"Bandage Up","floor":37},{"not_picked":["Ball Lightning+1","Self Repair"],"picked":"Defragment+1","floor":38},{"not_picked":["Lockon+1","Rebound+1","Steam"],"picked":"SKIP","floor":41},{"not_picked":["Beam Cell+1","Darkness"],"picked":"Defragment+1","floor":42},{"not_picked":["Double Energy+1","Redo","Steam+1"],"picked":"SKIP","floor":45},{"not_picked":["Go for the Eyes+1","Hologram+1"],"picked":"Gash+1","floor":48}],"player_experience":212680,"relics_obtained":[{"floor":9,"key":"Molten Egg 2"},{"floor":12,"key":"War Paint"},{"floor":13,"key":"Bag of Marbles"},{"floor":26,"key":"Happy Flower"},{"floor":43,"key":"Vajra"}],"event_choices":[{"damage_healed":0,"gold_gain":0,"player_choice":"Donut","damage_taken":0,"max_hp_gain":5,"max_hp_loss":0,"event_name":"Big Fish","floor":2,"gold_loss":0},{"damage_healed":0,"gold_gain":0,"player_choice":"Grow","damage_taken":0,"max_hp_gain":0,"max_hp_loss":0,"event_name":"Living Wall","floor":4,"gold_loss":0,"cards_upgraded":["Zap"]},{"damage_healed":0,"gold_gain":75,"player_choice":"Gather Gold","damage_taken":11,"max_hp_gain":0,"max_hp_loss":0,"event_name":"World of Goop","floor":5,"gold_loss":0},{"damage_healed":0,"gold_gain":0,"player_choice":"Success","damage_taken":18,"relics_obtained":["Potion Belt"],"max_hp_gain":0,"max_hp_loss":0,"event_name":"Scrap Ooze","floor":14,"gold_loss":0},{"damage_healed":0,"gold_gain":0,"player_choice":"Simplicity","damage_taken":0,"max_hp_gain":0,"max_hp_loss":0,"event_name":"Back to Basics","floor":19,"gold_loss":0,"cards_upgraded":["Strike_B","Strike_B","Strike_B","Strike_B","Defend_B","Defend_B"]},{"damage_healed":0,"gold_gain":0,"player_choice":"Copied","damage_taken":0,"max_hp_gain":0,"max_hp_loss":0,"event_name":"Duplicator","floor":25,"gold_loss":0,"cards_obtained":["Gash"]},{"damage_healed":0,"gold_gain":0,"player_choice":"Inject Mutagens","damage_taken":0,"relics_obtained":["MutagenicStrength"],"max_hp_gain":0,"max_hp_loss":0,"event_name":"Drug Dealer","floor":31,"gold_loss":0},{"damage_healed":0,"gold_gain":0,"player_choice":"Memory 1","damage_taken":0,"max_hp_gain":0,"max_hp_loss":0,"event_name":"SensoryStone","floor":37,"gold_loss":0},{"damage_healed":0,"gold_gain":0,"player_choice":"Cursed","damage_taken":0,"max_hp_gain":0,"max_hp_loss":0,"event_name":"Wheel of Change","floor":47,"gold_loss":0,"cards_obtained":["Decay"]}],"is_beta":false,"boss_relics":[{"not_picked":["Runic Pyramid","Astrolabe"],"picked":"Nuclear Battery"},{"not_picked":["Cursed Key","Black Star"],"picked":"Orrery"}],"items_purged_floors":[36],"is_endless":false,"potions_floor_spawned":[3,7,20,24,29,41,42,45,48],"killed_by":"Awakened One","ascension_level":0}