{"gold_per_floor":[362,382,382,402,9,9,49,49,49,88,112,112,112,125,125,221,221,241,276,299,224,224,224,260,260,260,185,208,208,249,3,3,3],"floor_reached":33,"playtime":2201,"items_purged":["Writhe"],"score":553,"play_id":"5d7ea7a6-3a6d-4ea9-8868-ea9416fd31fa","local_time":"20190311125135","is_ascension_mode":true,"campfire_choices":[{"data":"Zap","floor":6,"key":"SMITH"},{"floor":8,"key":"REST"},{"floor":13,"key":"REST"},{"data":"Loop","floor":15,"key":"SMITH"},{"data":"Hologram","floor":23,"key":"SMITH"},{"floor":25,"key":"REST"},{"data":"Hologram","floor":29,"key":"SMITH"},{"floor":32,"key":"DIG"}],"neow_cost":"PERCENT_DAMAGE","seed_source_timestamp":191623095397528,"circlet_count":0,"master_deck":["AscendersBane","Strike_B","Strike_B","Strike_B","Defend_B","Defend_B","Defend_B","Defend_B","Zap+1","Dualcast","Darkness","Go for the Eyes","Electrodynamics","Reinforced Body","Loop+1","Cold Snap","Gash","Conserve Battery","Multi-Cast","Steam Power+1","Compile Driver","Hologram+1","Rebound","Hologram+1","Turbo+1"],"relics":["Cracked Core","Golden Idol","Bronze Scales","Medical Kit","Bird Faced Urn","Shuriken","PreservedInsect","Cursed Key","Red Mask","Shovel","Bottled Tornado","Toxic Egg 2","PrismaticShard","Gremlin Horn"],"potions_floor_usage":[7,16,16,33],"damage_taken":[{"damage":1,"enemies":"2 Louse","floor":1,"turns":2},{"damage":0,"enemies":"Small Slimes","floor":2,"turns":3},{"damage":0,"enemies":"Jaw Worm","floor":4,"turns":3},{"damage":28,"enemies":"Gremlin Nob","floor":7,"turns":4},{"damage":21,"enemies":"Lagavulin","floor":10,"turns":5},{"damage":5,"enemies":"Exordium Thugs","floor":11,"turns":4},{"damage":5,"enemies":"Red Slaver","floor":14,"turns":3},{"damage":5,"enemies":"Slime Boss","floor":16,"turns":11},{"damage":14,"enemies":"Spheric Guardian","floor":18,"turns":4},{"damage":8,"enemies":"Masked Bandits","floor":19,"turns":2},{"damage":14,"enemies":"2 Thieves","floor":20,"turns":4},{"damage":17,"enemies":"Book of Stabbing","floor":24,"turns":4},{"damage":9,"enemies":"Snake Plant","floor":28,"turns":4},{"damage":0,"enemies":"Gremlin Leader","floor":30,"turns":5},{"damage":53,"enemies":"Collector","floor":33,"turns":11}],"seed_played":"1135525078299105740","potions_obtained":[{"floor":1,"key":"EssenceOfSteel"},{"floor":2,"key":"GamblersBrew"},{"floor":7,"key":"SteroidPotion"},{"floor":18,"key":"Fire Potion"},{"floor":24,"key":"SneckoOil"},{"floor":28,"key":"Ancient Potion"}],"is_trial":false,"path_per_floor":["M","M","?","M","$","R","E","R","T","E","M","?","R","M","R","B",null,"M","?","M","?","?","R","E","R","T","$","M","R","E","$","R","B"],"character_chosen":"DEFECT","items_purchased":["Bronze Scales","Reinforced Body","Medical Kit","PrismaticShard","Turbo+1"],"campfire_rested":3,"item_purchase_floors":[5,5,5,31,31],"current_hp_per_floor":[45,45,45,45,45,45,17,36,36,19,18,18,37,36,36,35,57,47,43,33,33,33,33,18,37,37,37,32,32,36,36,36,0],"gold":3,"neow_bonus":"TWO_FIFTY_GOLD","is_prod":false,"is_daily":false,"chose_seed":false,"campfire_upgraded":4,"win_rate":0,"timestamp":1552323095,"path_taken":["M","M","?","M","$","R","E","R","T","E","M","?","R","M","R","BOSS","M","?","M","?","?","R","E","R","T","$","M","R","E","?","R","BOSS"],"build_version":"2019-02-06","purchased_purges":1,"victory":false,"max_hp_per_floor":[71,71,64,64,64,64,64,64,64,64,64,64,64,64,64,64,64,64,64,64,64,64,64,64,64,64,64,64,64,64,64,64,64],"card_choices":[{"not_picked":["Static Discharge","Auto Shields"],"picked":"Darkness","floor":1},{"not_picked":["Stack","Barrage"],"picked":"Go for the Eyes","floor":2},{"not_picked":["Steam","Conserve Battery"],"picked":"Electrodynamics","floor":4},{"not_picked":["Reinforced Body","Beam Cell"],"picked":"Loop","floor":7},{"not_picked":["Reinforced Body","Genetic Algorithm"],"picked":"Cold Snap","floor":10},{"not_picked":["BootSequence","Coolheaded"],"picked":"Gash","floor":11},{"not_picked":["Redo","Barrage"],"picked":"Conserve Battery","floor":14},{"not_picked":["Hyperbeam","Machine Learning"],"picked":"Multi-Cast","floor":16},{"not_picked":["Coolheaded","Streamline"],"picked":"Steam Power+1","floor":18},{"not_picked":["Recycle","Coolheaded"],"picked":"Compile Driver","floor":19},{"not_picked":["Turbo","Compile Driver"],"picked":"Hologram","floor":20},{"not_picked":["Stack","Rip and Tear"],"picked":"Rebound","floor":24},{"not_picked":["Compile Driver","Biased Cognition"],"picked":"Hologram","floor":28},{"not_picked":["Storm","Stack","Aggregate"],"picked":"SKIP","floor":30}],"player_experience":468439,"relics_obtained":[{"floor":7,"key":"Bird Faced Urn"},{"floor":9,"key":"Shuriken"},{"floor":10,"key":"PreservedInsect"},{"floor":19,"key":"Red Mask"},{"floor":24,"key":"Shovel"},{"floor":26,"key":"Bottled Tornado"},{"floor":30,"key":"Toxic Egg 2"},{"floor":32,"key":"Gremlin Horn"}],"event_choices":[{"damage_healed":0,"gold_gain":0,"player_choice":"Lose Max HP","damage_taken":0,"relics_obtained":["Golden Idol"],"max_hp_gain":0,"max_hp_loss":7,"event_name":"Golden Idol","floor":3,"gold_loss":0},{"damage_healed":0,"gold_gain":0,"player_choice":"Fled","damage_taken":0,"max_hp_gain":0,"max_hp_loss":0,"event_name":"Scrap Ooze","floor":12,"gold_loss":0},{"damage_healed":0,"gold_gain":0,"player_choice":"Fought Bandits","damage_taken":0,"max_hp_gain":0,"max_hp_loss":0,"event_name":"Masked Bandits","floor":19,"gold_loss":0},{"cards_removed":["Strike_B"],"damage_healed":0,"gold_gain":0,"player_choice":"Gave Gold","damage_taken":0,"max_hp_gain":0,"max_hp_loss":0,"event_name":"Beggar","floor":21,"gold_loss":75},{"damage_healed":0,"gold_gain":0,"player_choice":"Ignored","damage_taken":0,"max_hp_gain":0,"max_hp_loss":0,"event_name":"Ghosts","floor":22,"gold_loss":0}],"is_beta":true,"boss_relics":[{"not_picked":["Astrolabe","Orrery"],"picked":"Cursed Key"}],"items_purged_floors":[27],"is_endless":false,"potions_floor_spawned":[1,2,7,11,18,24,28],"killed_by":"Collector","ascension_level":15}