{"gold_per_floor":[110,129,99,115,131,131,141,141,165,16,29,58,72,72,72,175,175,188,202,202,202,127,127,47,47,47,61,73,73,89,100,100,100],"floor_reached":33,"playtime":1486,"items_purged":[],"score":251,"play_id":"ee6b533e-36a5-452a-8964-41b488be0396","local_time":"20190127050031","is_ascension_mode":false,"campfire_choices":[{"floor":6,"key":"REST"},{"data":"Cloak And Dagger","floor":8,"key":"SMITH"},{"floor":15,"key":"REST"},{"data":"A Thousand Cuts","floor":23,"key":"SMITH"},{"floor":29,"key":"REST"},{"floor":32,"key":"REST"}],"neow_cost":"NONE","seed_source_timestamp":831090457839100,"circlet_count":0,"master_deck":["Defend_G","Defend_G","Defend_G","Defend_G","Strike_G","Strike_G","Strike_G","Strike_G","Strike_G","Survivor","Neutralize+1","Cloak And Dagger+1","Cloak And Dagger","A Thousand Cuts+1","Accuracy","Finisher+1","Backstab","Backstab+1"],"relics":["Ring of the Serpent","Vajra","PreservedInsect","Oddly Smooth Stone","Enchiridion","MutagenicStrength","Pen Nib"],"potions_floor_usage":[5,16,16,16,33,33],"damage_taken":[{"damage":0,"enemies":"Jaw Worm","floor":1,"turns":5},{"damage":0,"enemies":"Cultist","floor":2,"turns":5},{"damage":5,"enemies":"2 Louse","floor":4,"turns":3},{"damage":2,"enemies":"Large Slime","floor":5,"turns":11},{"damage":10,"enemies":"3 Louse","floor":7,"turns":5},{"damage":8,"enemies":"Exordium Wildlife","floor":11,"turns":4},{"damage":14,"enemies":"Lagavulin","floor":12,"turns":6},{"damage":6,"enemies":"Gremlin Gang","floor":13,"turns":6},{"damage":39,"enemies":"Hexaghost","floor":16,"turns":15},{"damage":13,"enemies":"3 Byrds","floor":18,"turns":6},{"damage":6,"enemies":"Chosen","floor":19,"turns":5},{"damage":19,"enemies":"Colosseum Slavers","floor":25,"turns":4},{"damage":10,"enemies":"Snake Plant","floor":27,"turns":5},{"damage":6,"enemies":"Centurion and Healer","floor":28,"turns":6},{"damage":0,"enemies":"3 Cultists","floor":30,"turns":4},{"damage":7,"enemies":"Cultist and Chosen","floor":31,"turns":5},{"damage":59,"enemies":"Automaton","floor":33,"turns":6}],"seed_played":"-93663954663687163","potions_obtained":[{"floor":1,"key":"EssenceOfSteel"},{"floor":3,"key":"GhostInAJar"},{"floor":3,"key":"GamblersBrew"},{"floor":7,"key":"Strength Potion"},{"floor":30,"key":"EssenceOfSteel"},{"floor":31,"key":"Explosive Potion"}],"is_trial":false,"path_per_floor":["M","M","?","M","M","R","M","R","T","$","M","E","M","?","R","B",null,"M","M","?","?","?","R","$","?","T","M","M","R","M","M","R","B"],"character_chosen":"THE_SILENT","items_purchased":["PreservedInsect","Accuracy"],"campfire_rested":4,"item_purchase_floors":[10,24],"current_hp_per_floor":[70,70,70,65,63,70,60,60,60,60,52,38,32,37,59,20,75,62,56,40,40,40,40,40,21,21,11,5,27,27,20,42,0],"gold":100,"neow_bonus":"UPGRADE_CARD","is_prod":false,"is_daily":false,"chose_seed":false,"campfire_upgraded":2,"win_rate":0,"timestamp":1548594031,"path_taken":["M","M","?","?","M","R","M","R","T","$","M","E","M","?","R","BOSS","M","M","?","?","?","R","$","?","T","M","M","R","M","M","R","BOSS"],"build_version":"2019-01-23","purchased_purges":0,"victory":false,"max_hp_per_floor":[70,70,70,70,70,70,70,70,70,70,70,70,70,75,75,75,75,75,75,75,75,75,75,75,75,75,75,75,75,75,75,75,75],"card_choices":[{"not_picked":["All Out Attack","Prepared","Dagger Spray"],"picked":"SKIP","floor":1},{"not_picked":["Sucker Punch","Dagger Throw","Catalyst"],"picked":"SKIP","floor":2},{"not_picked":["Deadly Poison","Setup","Escape Plan"],"picked":"SKIP","floor":4},{"not_picked":["Eviscerate","Bouncing Flask","Terror"],"picked":"SKIP","floor":5},{"not_picked":["Prepared","Underhanded Strike"],"picked":"Cloak And Dagger","floor":7},{"not_picked":["Underhanded Strike","Flying Knee","Dagger Throw"],"picked":"SKIP","floor":11},{"not_picked":["Slice","Sucker Punch","Flying Knee"],"picked":"SKIP","floor":12},{"not_picked":["Poisoned Stab","Phantasmal Killer"],"picked":"Cloak And Dagger","floor":13},{"not_picked":["Night Terror","Phantasmal Killer"],"picked":"A Thousand Cuts","floor":16},{"not_picked":["Backflip","Masterful Stab","Bane+1"],"picked":"SKIP","floor":18},{"not_picked":["Predator","Flying Knee","Blur"],"picked":"SKIP","floor":19},{"not_picked":["Backflip","Riddle With Holes"],"picked":"Finisher+1","floor":27},{"not_picked":["Underhanded Strike","All Out Attack","Deflect"],"picked":"SKIP","floor":28},{"not_picked":["Tactician","Prepared"],"picked":"Backstab","floor":30},{"not_picked":["Backflip","Malaise"],"picked":"Backstab+1","floor":31}],"player_experience":188720,"relics_obtained":[{"floor":9,"key":"Vajra"},{"floor":12,"key":"Oddly Smooth Stone"},{"floor":20,"key":"Enchiridion"},{"floor":26,"key":"Pen Nib"}],"event_choices":[{"damage_healed":0,"gold_gain":0,"player_choice":"Bought 2 Potions","damage_taken":0,"max_hp_gain":0,"max_hp_loss":0,"event_name":"The Woman in Blue","floor":3,"gold_loss":0},{"damage_healed":0,"gold_gain":0,"player_choice":"Donut","damage_taken":0,"max_hp_gain":5,"max_hp_loss":0,"event_name":"Big Fish","floor":14,"gold_loss":0},{"damage_healed":0,"gold_gain":0,"player_choice":"Obtained Book","damage_taken":16,"max_hp_gain":0,"max_hp_loss":0,"event_name":"Cursed Tome","floor":20,"gold_loss":0},{"damage_healed":0,"gold_gain":0,"player_choice":"Inject Mutagens","damage_taken":0,"relics_obtained":["MutagenicStrength"],"max_hp_gain":0,"max_hp_loss":0,"event_name":"Drug Dealer","floor":21,"gold_loss":0},{"cards_removed":["Defend_G"],"damage_healed":0,"gold_gain":0,"player_choice":"Gave Gold","damage_taken":0,"max_hp_gain":0,"max_hp_loss":0,"event_name":"Beggar","floor":22,"gold_loss":75},{"damage_healed":0,"gold_gain":0,"player_choice":"Fight","damage_taken":0,"max_hp_gain":0,"max_hp_loss":0,"event_name":"Colosseum","floor":25,"gold_loss":0},{"damage_healed":0,"gold_gain":0,"player_choice":"Fled From Nobs","damage_taken":0,"max_hp_gain":0,"max_hp_loss":0,"event_name":"Colosseum","floor":25,"gold_loss":0}],"is_beta":false,"boss_relics":[{"not_picked":["Cursed Key","Runic Dome"],"picked":"Ring of the Serpent"}],"items_purged_floors":[],"is_endless":false,"potions_floor_spawned":[1,7,11,30,31],"killed_by":"Automaton","ascension_level":0}