{"gold_per_floor":[115,131,131,150,61,61,93,103,178,178,178,178,178,158,158,158],"floor_reached":16,"playtime":437,"items_purged":[],"score":196,"play_id":"0b9732f9-ead5-4052-9d58-364a2f0c34df","local_time":"20190303123906","is_ascension_mode":true,"campfire_choices":[{"data":"Evolve","floor":6,"key":"SMITH"},{"floor":10,"key":"REST"},{"data":"True Grit","floor":12,"key":"SMITH"},{"data":"Bash","floor":15,"key":"SMITH"}],"neow_cost":"NONE","seed_source_timestamp":747449967940004,"circlet_count":0,"master_deck":["AscendersBane","Strike_R","Strike_R","Strike_R","Strike_R","Defend_R","Defend_R","Defend_R","Defend_R","Bash+1","Dramatic Entrance","Shrug It Off","Thunderclap","True Grit+1","Evolve+1","Cleave","Impervious"],"special_seed":0,"relics":["Burning Blood","Du-Vu Doll","Molten Egg 2","Strawberry"],"potions_floor_usage":[7,16,16],"damage_taken":[{"damage":7.0,"enemies":"Small Slimes","floor":1.0,"turns":3.0},{"damage":0.0,"enemies":"Cultist","floor":2.0,"turns":3.0},{"damage":6,"enemies":"2 Louse","floor":4,"turns":2},{"damage":58,"enemies":"Gremlin Nob","floor":7,"turns":6},{"damage":9,"enemies":"Blue Slaver","floor":8,"turns":5},{"damage":69,"enemies":"The Guardian","floor":16,"turns":8}],"seed_played":"-4015624350587333821","potions_obtained":[{"floor":1.0,"key":"PowerPotion"},{"floor":7,"key":"Weak Potion"},{"floor":14,"key":"BloodPotion"}],"is_trial":false,"path_per_floor":["M","M","?","M","$","R","E","M","T","R","?","R","?","?","R","B"],"character_chosen":"IRONCLAD","items_purchased":["Evolve"],"campfire_rested":1,"item_purchase_floors":[5],"current_hp_per_floor":[67,73,73,73,73,73,21,18,18,40,47,47,47,47,47,0],"gold":158,"neow_bonus":"RANDOM_COLORLESS","is_prod":false,"is_daily":false,"chose_seed":false,"campfire_upgraded":3,"win_rate":0,"timestamp":1551634746,"path_taken":["M","M","?","?","$","R","E","M","T","R","?","R","?","?","R","BOSS"],"build_version":"2019-02-06","purchased_purges":0,"victory":false,"max_hp_per_floor":[75,75,75,75,75,75,75,75,75,75,82,82,82,82,82,82],"card_choices":[{"not_picked":["Second Wind","Anger"],"picked":"Shrug It Off","floor":1.0},{"not_picked":["Sword Boomerang","Reckless Charge"],"picked":"Thunderclap","floor":2.0},{"not_picked":["Clash","Havoc"],"picked":"True Grit","floor":4},{"not_picked":["Warcry","Headbutt"],"picked":"Cleave","floor":7},{"not_picked":["Thunderclap","Iron Wave"],"picked":"Impervious","floor":8}],"player_experience":1046096,"relics_obtained":[{"floor":7,"key":"Du-Vu Doll"},{"floor":9,"key":"Molten Egg 2"}],"event_choices":[{"cards_removed":["Strike_R"],"damage_healed":0.0,"max_hp_gain":0.0,"max_hp_loss":0.0,"gold_gain":0.0,"event_name":"Purifier","player_choice":"Purged","floor":3.0,"gold_loss":0.0,"damage_taken":0.0},{"damage_healed":0,"gold_gain":0,"player_choice":"Box","damage_taken":0,"relics_obtained":["Strawberry"],"max_hp_gain":0,"max_hp_loss":0,"event_name":"Big Fish","floor":11,"gold_loss":0,"cards_obtained":["Regret"]},{"cards_removed":["Regret"],"damage_healed":0,"gold_gain":0,"player_choice":"Forget","damage_taken":0,"max_hp_gain":0,"max_hp_loss":0,"event_name":"Living Wall","floor":13,"gold_loss":0},{"damage_healed":0,"gold_gain":0,"player_choice":"Bought 1 Potion","damage_taken":0,"max_hp_gain":0,"max_hp_loss":0,"event_name":"The Woman in Blue","floor":14,"gold_loss":0}],"is_beta":true,"boss_relics":[],"items_purged_floors":[],"is_endless":false,"potions_floor_spawned":[1,7],"killed_by":"The Guardian","ascension_level":20}