{"gold_per_floor":[127,289,226,238,250,262,288,334,346,358,395,407,438,450],"floor_reached":14,"playtime":287,"items_purged":[],"score":192,"play_id":"1fb3fd1a-dded-4009-89fb-a322c21e4b8a","local_time":"20190221204148","is_ascension_mode":true,"campfire_choices":[{"data":"Zap","floor":6,"key":"SMITH"},{"data":"Sweeping Beam","floor":10,"key":"SMITH"},{"data":"Hologram","floor":12,"key":"SMITH"}],"neow_cost":"NONE","seed_source_timestamp":702313717336035,"circlet_count":0,"master_deck":["AscendersBane","Strike_B","Strike_B","Strike_B","Strike_B","Defend_B","Defend_B","Defend_B","Defend_B","Zap+1","Dualcast","Sweeping Beam+1","Hologram+1","Steam","Undo","Lockon"],"relics":["Cracked Core","MawBank","Sundial","Question Card","Singing Bowl","Art of War"],"potions_floor_usage":[8,11],"damage_taken":[{"damage":4,"enemies":"Small Slimes","floor":1,"turns":3},{"damage":2,"enemies":"Jaw Worm","floor":7,"turns":3},{"damage":25,"enemies":"Lagavulin","floor":8,"turns":8},{"damage":16,"enemies":"3 Sentries","floor":11,"turns":5},{"damage":3,"enemies":"2 Louse","floor":13,"turns":3}],"seed_played":"7439120853739922695","potions_obtained":[{"floor":7,"key":"EssenceOfSteel"},{"floor":8,"key":"FocusPotion"}],"is_trial":false,"path_per_floor":["M","?","?","$","T","R","M","E","T","R","E","R","M","?"],"character_chosen":"DEFECT","items_purchased":[],"campfire_rested":0,"item_purchase_floors":[],"current_hp_per_floor":[60,60,60,60,60,60,58,33,33,33,17,17,14,0],"gold":450,"neow_bonus":"RANDOM_COMMON_RELIC","is_prod":false,"is_daily":false,"chose_seed":false,"campfire_upgraded":3,"win_rate":0,"timestamp":1550799708,"path_taken":["M","?","?","?","?","R","M","E","T","R","E","R","M","?"],"build_version":"2019-02-06","purchased_purges":0,"victory":false,"max_hp_per_floor":[71,71,71,71,71,71,71,71,71,71,71,71,71,71],"card_choices":[{"not_picked":["Hologram","Barrage"],"picked":"Sweeping Beam","floor":1},{"not_picked":["Turbo","Capacitor"],"picked":"Hologram","floor":7},{"not_picked":["Scrape","Skim"],"picked":"Steam","floor":8},{"not_picked":["FTL","BootSequence","Gash"],"picked":"Undo","floor":11},{"not_picked":["Sweeping Beam","Blizzard","BootSequence"],"picked":"Lockon","floor":13}],"player_experience":965034,"relics_obtained":[{"floor":5,"key":"Sundial"},{"floor":8,"key":"Question Card"},{"floor":9,"key":"Singing Bowl"},{"floor":11,"key":"Art of War"}],"event_choices":[{"damage_healed":0,"gold_gain":150,"player_choice":"AGREE","damage_taken":0,"max_hp_gain":0,"max_hp_loss":0,"event_name":"Liars Game","floor":2,"gold_loss":0,"cards_obtained":["Doubt"]},{"cards_removed":["Doubt"],"damage_healed":0,"gold_gain":0,"player_choice":"Card Removal","damage_taken":0,"max_hp_gain":0,"max_hp_loss":0,"event_name":"The Cleric","floor":3,"gold_loss":75}],"is_beta":true,"boss_relics":[],"items_purged_floors":[],"is_endless":false,"potions_floor_spawned":[7,8],"ascension_level":20}