{"gold_per_floor":[114,130,8,83,97,97,130,130,130,130,149,159,171,190,190,190],"floor_reached":16,"playtime":571,"items_purged":["Strike_R"],"score":208,"play_id":"c2e1fe2a-6d46-438c-9e6d-3aa90d80ea2e","local_time":"20181006102707","is_ascension_mode":true,"campfire_choices":[{"data":"Blood for Blood","floor":6.0,"key":"SMITH"},{"data":"Armaments","floor":8,"key":"SMITH"},{"data":"Bash","floor":10,"key":"SMITH"},{"data":"Clothesline","floor":15,"key":"SMITH"}],"neow_cost":"NONE","seed_source_timestamp":238316832105572,"circlet_count":0,"master_deck":["Strike_R","Strike_R","Strike_R","Strike_R","Defend_R","Defend_R","Defend_R","Defend_R","Bash+1","AscendersBane","Heavy Blade","Shrug It Off","Blood for Blood+1","Spot Weakness","Shrug It Off","Armaments+1","Clothesline+1","Feed"],"special_seed":0,"relics":["Burning Blood","Blue Candle","Centennial Puzzle"],"potions_floor_usage":[7,16],"damage_taken":[{"damage":2.0,"enemies":"Cultist","floor":1.0,"turns":4.0},{"damage":8.0,"enemies":"2 Louse","floor":2.0,"turns":4.0},{"damage":1.0,"enemies":"Small Slimes","floor":5.0,"turns":4.0},{"damage":28,"enemies":"Gremlin Nob","floor":7,"turns":4},{"damage":13,"enemies":"Gremlin Gang","floor":11,"turns":5},{"damage":13,"enemies":"Lots of Slimes","floor":12,"turns":5},{"damage":8,"enemies":"Looter","floor":13,"turns":5},{"damage":12,"enemies":"Exordium Wildlife","floor":14,"turns":4},{"damage":2,"enemies":"Hexaghost","floor":16,"turns":9}],"seed_played":"8337988581118181931","potions_obtained":[{"floor":2.0,"key":"Dexterity Potion"},{"floor":5.0,"key":"Poison Potion"},{"floor":12,"key":"Poison Potion"},{"floor":14,"key":"Fire Potion"}],"is_trial":false,"path_per_floor":["M","M","$","?","M","R","E","R","T","R","M","M","M","M","R"],"character_chosen":"IRONCLAD","items_purchased":["Spot Weakness"],"campfire_rested":0,"item_purchase_floors":[3],"current_hp_per_floor":[72,70,70,59,64,64,42,42,42,42,35,28,29,26,26,24],"gold":190,"neow_bonus":"THREE_CARDS","is_prod":false,"is_daily":false,"chose_seed":false,"campfire_upgraded":4,"win_rate":0,"timestamp":1538836027,"path_taken":["M","?","$","?","?","R","E","R","T","R","?","M","M","M","R","BOSS"],"build_version":"2018-10-04v2","purchased_purges":1,"victory":false,"max_hp_per_floor":[75,75,75,75,75,75,75,75,75,75,75,75,78,81,81,81],"card_choices":[{"not_picked":["Reckless Charge","Clash"],"picked":"Heavy Blade","floor":0.0},{"not_picked":["Perfected Strike","Heavy Blade"],"picked":"Shrug It Off","floor":1.0},{"not_picked":["Clash","Rupture"],"picked":"Blood for Blood","floor":2.0},{"not_picked":["Rupture","Havoc"],"picked":"Shrug It Off","floor":5.0},{"not_picked":["Fire Breathing","Clash"],"picked":"Armaments","floor":7},{"not_picked":["Infernal Blade","Headbutt"],"picked":"Clothesline","floor":11},{"not_picked":["Cleave","Rupture"],"picked":"Feed","floor":12},{"not_picked":["Flex","Shockwave","Perfected Strike"],"picked":"SKIP","floor":13},{"not_picked":["Iron Wave","Hemokinesis","Twin Strike"],"picked":"SKIP","floor":14}],"player_experience":935680,"relics_obtained":[{"floor":7,"key":"Blue Candle"},{"floor":9,"key":"Centennial Puzzle"}],"event_choices":[{"event_name":"World of Goop","player_choice":"Gather Gold","floor":4.0,"damage_taken":0.0}],"is_beta":false,"boss_relics":[],"items_purged_floors":[3],"is_endless":false,"potions_floor_spawned":[2,5,12,14],"killed_by":"Hexaghost","ascension_level":20}