{"gold_per_floor":[119,137,154,304,304,304,324,4,31,49,62,140,140,160,160,233,233,245,11,25,25,41,41,41],"floor_reached":24,"playtime":2050,"items_purged":["Doubt"],"score":361,"play_id":"7c755b17-eb0b-4109-8706-f9076db4523b","local_time":"20190318092406","is_ascension_mode":true,"campfire_choices":[{"data":"Sucker Punch","floor":6,"key":"SMITH"},{"data":"Neutralize","floor":15,"key":"SMITH"},{"floor":23,"key":"REST"}],"neow_cost":"NONE","seed_source_timestamp":625316550318,"circlet_count":0,"master_deck":["AscendersBane","Survivor","Neutralize+1","PiercingWail","Acrobatics","Sucker Punch+1","Predator","Slice","Backflip","Deflect","Backstab","Bullet Time","Reflex","Night Terror","Caltrops","Tactician","Cloak And Dagger","Setup","Burst","Well Laid Plans","Burst","Backflip","Prepared","Infinite Blades","Dagger Spray","Prepared"],"relics":["Ring of the Snake","Kunai","Happy Flower","Sundial","Pandora\u0027s Box"],"potions_floor_usage":[7,22,24],"damage_taken":[{"damage":1,"enemies":"Jaw Worm","floor":1,"turns":5},{"damage":2,"enemies":"2 Louse","floor":2,"turns":4},{"damage":14,"enemies":"Cultist","floor":3,"turns":5},{"damage":8,"enemies":"Exordium Thugs","floor":7,"turns":6},{"damage":3,"enemies":"Large Slime","floor":10,"turns":6},{"damage":9,"enemies":"Blue Slaver","floor":11,"turns":4},{"damage":1,"enemies":"3 Louse","floor":14,"turns":6},{"damage":38,"enemies":"The Guardian","floor":16,"turns":17},{"damage":4,"enemies":"Spheric Guardian","floor":18,"turns":6},{"damage":11,"enemies":"Chosen","floor":20,"turns":5},{"damage":11,"enemies":"Centurion and Healer","floor":22,"turns":6},{"damage":41,"enemies":"Slavers","floor":24,"turns":4}],"seed_played":"-4913629144770846718","potions_obtained":[{"floor":3,"key":"Poison Potion"},{"floor":16,"key":"SteroidPotion"}],"is_trial":false,"path_per_floor":["M","M","M","?","?","R","M","$","T","M","M","T","?","M","R","B",null,"M","$","M","?","M","R","E"],"character_chosen":"THE_SILENT","items_purchased":["Kunai","Slice","Infinite Blades","GhostInAJar"],"campfire_rested":1,"item_purchase_floors":[8,8,19,19],"current_hp_per_floor":[64,62,48,48,38,38,30,30,30,27,18,18,42,41,41,3,55,51,51,40,20,9,32,0],"gold":41,"neow_bonus":"TEN_PERCENT_HP_BONUS","is_prod":false,"is_daily":false,"chose_seed":false,"campfire_upgraded":2,"win_rate":0,"timestamp":1552915446,"path_taken":["M","M","M","?","?","R","?","$","T","M","M","?","?","M","R","BOSS","M","$","M","?","M","R","E"],"build_version":"2019-03-15","purchased_purges":1,"victory":false,"max_hp_per_floor":[72,72,72,72,72,72,72,72,72,72,72,72,72,72,72,72,72,72,72,72,77,77,77,77],"card_choices":[{"not_picked":["Slice","Underhanded Strike"],"picked":"PiercingWail","floor":1},{"not_picked":["Flying Knee","Underhanded Strike"],"picked":"Acrobatics","floor":2},{"not_picked":["Flying Knee","Caltrops"],"picked":"Sucker Punch","floor":3},{"not_picked":["Envenom","Leg Sweep"],"picked":"Predator","floor":7},{"not_picked":["PiercingWail","Deflect"],"picked":"Backflip","floor":10},{"not_picked":["Distraction","Bane"],"picked":"Deflect","floor":11},{"not_picked":["Skewer","Bane"],"picked":"Backstab","floor":14},{"not_picked":["Grand Finale","Phantasmal Killer"],"picked":"Bullet Time","floor":16},{"not_picked":["Poisoned Stab","Dodge and Roll+1"],"picked":"Prepared","floor":18},{"not_picked":["Malaise","Reflex"],"picked":"Dagger Spray","floor":20},{"not_picked":["Concentrate","Heel Hook"],"picked":"Prepared","floor":22}],"player_experience":551626,"relics_obtained":[{"floor":9,"key":"Happy Flower"},{"floor":12,"key":"Sundial"}],"event_choices":[{"damage_healed":0,"gold_gain":150,"player_choice":"AGREE","damage_taken":0,"max_hp_gain":0,"max_hp_loss":0,"event_name":"Liars Game","floor":4,"gold_loss":0,"cards_obtained":["Doubt"]},{"damage_healed":0,"gold_gain":0,"player_choice":"Damaged","damage_taken":10,"max_hp_gain":0,"max_hp_loss":0,"event_name":"Wheel of Change","floor":5,"gold_loss":0},{"damage_healed":24,"gold_gain":0,"player_choice":"Banana","damage_taken":0,"max_hp_gain":0,"max_hp_loss":0,"event_name":"Big Fish","floor":13,"gold_loss":0},{"damage_healed":0,"gold_gain":0,"player_choice":"Shed Blood","damage_taken":25,"max_hp_gain":5,"max_hp_loss":0,"event_name":"Forgotten Altar","floor":21,"gold_loss":0}],"is_beta":true,"boss_relics":[{"not_picked":["Snecko Eye","Lizard Tail"],"picked":"Pandora\u0027s Box"}],"items_purged_floors":[19],"is_endless":false,"potions_floor_spawned":[3,16,20],"killed_by":"Slavers","ascension_level":18}