{"gold_per_floor":[114,114,130,100,115,115,115,40,40,40,58,77,77,97,97,195,195,184,184,198,124,0,0],"floor_reached":23,"playtime":694,"items_purged":["Defend_R"],"score":181,"play_id":"3d32001a-c4ad-4f6b-85c3-3469ae5c810b","local_time":"20190203062011","is_ascension_mode":false,"campfire_choices":[{"data":"Uppercut","floor":7,"key":"SMITH"},{"data":"Inflame","floor":10,"key":"SMITH"},{"data":"Bash","floor":13,"key":"SMITH"},{"data":"Shrug It Off","floor":15,"key":"SMITH"}],"neow_cost":"NONE","seed_source_timestamp":602426522798954,"circlet_count":0,"master_deck":["Strike_R","Strike_R","Strike_R","Strike_R","Defend_R","Defend_R","Bash+1","Perfected Strike+1","Rage+1","Uppercut+1","Inflame+1","Shrug It Off+1","Reaper","Perfected Strike","Defend_R","Blood for Blood+1","Searing Blow"],"relics":["Burning Blood","Dodecahedron"],"potions_floor_usage":[12,12,14,16,16,23],"damage_taken":[{"damage":0,"enemies":"2 Louse","floor":1,"turns":2},{"damage":8,"enemies":"Jaw Worm","floor":3,"turns":4},{"damage":4,"enemies":"Cultist","floor":5,"turns":3},{"damage":8,"enemies":"3 Louse","floor":11,"turns":3},{"damage":6,"enemies":"Exordium Thugs","floor":12,"turns":4},{"damage":0,"enemies":"Looter","floor":14,"turns":2},{"damage":32,"enemies":"The Guardian","floor":16,"turns":11},{"damage":22,"enemies":"2 Thieves","floor":18,"turns":4},{"damage":39,"enemies":"3 Byrds","floor":20,"turns":8},{"damage":56,"enemies":"Gremlin Leader","floor":23,"turns":4}],"seed_played":"-4655825388404061875","potions_obtained":[{"floor":1,"key":"SteroidPotion"},{"floor":4,"key":"Regen Potion"},{"floor":4,"key":"Poison Potion"},{"floor":12,"key":"EssenceOfSteel"},{"floor":14,"key":"EssenceOfSteel"},{"floor":20,"key":"Ancient Potion"}],"is_trial":false,"path_per_floor":["M","?","M","?","M","?","R","$","T","R","M","M","R","M","R","B",null,"M","?","M","$","?","E"],"character_chosen":"IRONCLAD","items_purchased":["Searing Blow"],"campfire_rested":0,"item_purchase_floors":[21],"current_hp_per_floor":[80,80,78,78,80,80,80,80,80,80,78,80,80,80,80,54,80,71,71,45,45,45,0],"gold":0,"neow_bonus":"TRANSFORM_CARD","is_prod":false,"is_daily":false,"chose_seed":false,"campfire_upgraded":4,"win_rate":0,"timestamp":1549203611,"path_taken":["M","?","M","?","?","?","R","?","T","R","M","M","R","?","R","BOSS","M","?","M","?","?","E"],"build_version":"2019-01-23","purchased_purges":1,"victory":false,"max_hp_per_floor":[80,80,80,80,80,80,80,80,80,80,80,80,80,80,80,80,80,80,80,80,80,80,80],"card_choices":[{"not_picked":["Pommel Strike","Warcry"],"picked":"Rage","floor":1},{"not_picked":["Rupture","Headbutt"],"picked":"Uppercut","floor":3},{"not_picked":["Havoc","Reckless Charge"],"picked":"Inflame","floor":5},{"not_picked":["Evolve","Exhume","Entrench"],"picked":"SKIP","floor":11},{"not_picked":["Evolve","Armaments","Clash"],"picked":"SKIP","floor":12},{"not_picked":["Clothesline","Anger"],"picked":"Shrug It Off","floor":14},{"not_picked":["Impervious","Juggernaut"],"picked":"Reaper","floor":16},{"not_picked":["Rampage+1","Havoc+1"],"picked":"Perfected Strike","floor":18},{"not_picked":["Bloodletting+1","Rupture"],"picked":"Blood for Blood+1","floor":20}],"player_experience":240049,"relics_obtained":[{"floor":9,"key":"Dodecahedron"}],"event_choices":[{"damage_healed":0,"gold_gain":0,"player_choice":"Grow","damage_taken":0,"max_hp_gain":0,"max_hp_loss":0,"event_name":"Living Wall","floor":2,"gold_loss":0,"cards_upgraded":["Rage"]},{"damage_healed":0,"gold_gain":0,"player_choice":"Bought 2 Potions","damage_taken":0,"max_hp_gain":0,"max_hp_loss":0,"event_name":"The Woman in Blue","floor":4,"gold_loss":0},{"damage_healed":0,"gold_gain":0,"player_choice":"Forge","damage_taken":0,"max_hp_gain":0,"max_hp_loss":0,"event_name":"Accursed Blacksmith","floor":6,"gold_loss":0,"cards_upgraded":["Perfected Strike"]},{"cards_removed":["Defend_R"],"damage_healed":0,"gold_gain":0,"player_choice":"Took Card","damage_taken":0,"max_hp_gain":0,"max_hp_loss":0,"event_name":"NoteForYourself","floor":19,"gold_loss":0,"cards_obtained":["Defend_R"]},{"damage_healed":0,"gold_gain":0,"player_choice":"Paid Fearfully","damage_taken":0,"max_hp_gain":0,"max_hp_loss":0,"event_name":"Masked Bandits","floor":22,"gold_loss":124}],"is_beta":false,"boss_relics":[{"not_picked":["Pandora\u0027s Box","Fusion Hammer","Runic Cube"]}],"items_purged_floors":[8],"is_endless":false,"potions_floor_spawned":[1,12,14,20],"killed_by":"Gremlin Leader","ascension_level":0}