{"gold_per_floor":[217,234,234,234,53,78,93,93,93,93,111,111,144,154,154,229,229,239,162,162,32,82,82,114,128,199,199,199,214,25,25,25,99,99,112,130,80,94,94,94,94,94,394,449,463,463,474,474,474,474,474],"floor_reached":52,"playtime":3225,"items_purged":["Shame"],"score":1827,"play_id":"9c015e89-5c40-49b0-afc2-205f02829802","local_time":"20181014021010","is_ascension_mode":true,"campfire_choices":[{"floor":12.0,"key":"REST"},{"data":"Hologram","floor":15.0,"key":"SMITH"},{"data":"Defragment","floor":23.0,"key":"SMITH"},{"floor":28.0,"key":"REST"},{"floor":32.0,"key":"REST"},{"data":"Echo Form","floor":40.0,"key":"SMITH"},{"data":"Chill","floor":42.0,"key":"SMITH"},{"data":"Turbo","floor":49.0,"key":"SMITH"}],"neow_cost":"NONE","seed_source_timestamp":196883705873766,"circlet_count":0,"master_deck":["Zap","Dualcast","AscendersBane","Conserve Battery","Turbo+1","Cold Snap","Streamline+1","Echo Form+1","Hologram+1","Conserve Battery","Leap","Sweeping Beam","Beam Cell","Redo","Coolheaded","Leap","Aggregate","Undo","Coolheaded+1","Defragment+1","Melter","Glacier","Chill+1","Defragment+1","Loop","Electrodynamics","Core Surge","Conserve Battery","Dark Shackles"],"special_seed":0,"relics":["Cracked Core","WarpedTongs","DataDisk","Matryoshka","Ice Cream","Whetstone","Letter Opener","Pandora\u0027s Box","Oddly Smooth Stone","Smiling Mask","Darkstone Periapt","Bag of Marbles","Gremlin Horn","Singing Bowl","Inserter","Old Coin","Mango","StoneCalendar"],"potions_floor_usage":[51],"damage_taken":[{"damage":7.0,"enemies":"Jaw Worm","floor":1.0,"turns":4.0},{"damage":1.0,"enemies":"Cultist","floor":2.0,"turns":3.0},{"damage":36.0,"enemies":"Gremlin Nob","floor":6.0,"turns":4.0},{"damage":0.0,"enemies":"2 Louse","floor":7.0,"turns":2.0},{"damage":7.0,"enemies":"Gremlin Gang","floor":11.0,"turns":4.0},{"damage":4.0,"enemies":"3 Sentries","floor":13.0,"turns":7.0},{"damage":0.0,"enemies":"Large Slime","floor":14.0,"turns":5.0},{"damage":5.0,"enemies":"Hexaghost","floor":16.0,"turns":7.0},{"damage":9.0,"enemies":"3 Byrds","floor":18.0,"turns":4.0},{"damage":24.0,"enemies":"Gremlin Leader","floor":24.0,"turns":8.0},{"damage":0.0,"enemies":"Chosen","floor":25.0,"turns":7.0},{"damage":1.0,"enemies":"Shelled Parasite and Fungi","floor":29.0,"turns":6.0},{"damage":0.0,"enemies":"Collector","floor":33.0,"turns":10.0},{"damage":3.0,"enemies":"Orb Walker","floor":35.0,"turns":2.0},{"damage":3.0,"enemies":"3 Darklings","floor":36.0,"turns":6.0},{"damage":10.0,"enemies":"Spire Growth","floor":38.0,"turns":8.0},{"damage":0.0,"enemies":"Mysterious Sphere","floor":44.0,"turns":6.0},{"damage":6.0,"enemies":"Maw","floor":45.0,"turns":9.0},{"damage":12.0,"enemies":"Mind Bloom Boss Battle","floor":46.0,"turns":5.0},{"damage":0.0,"enemies":"Reptomancer","floor":47.0,"turns":6.0},{"damage":14.0,"enemies":"Donu and Deca","floor":50.0,"turns":7.0},{"damage":1,"enemies":"Time Eater","floor":51,"turns":28}],"seed_played":"3756855619669344951","potions_obtained":[{"floor":2.0,"key":"FearPotion"},{"floor":3.0,"key":"Fire Potion"},{"floor":7.0,"key":"Strength Potion"},{"floor":13.0,"key":"Energy Potion"},{"floor":33.0,"key":"Poison Potion"},{"floor":35.0,"key":"Ancient Potion"},{"floor":36.0,"key":"PowerPotion"},{"floor":46.0,"key":"Weak Potion"}],"is_trial":false,"path_per_floor":["M","M","?","?","$","E","M","?","T","?","M","R","E","M","R","B",null,"M","?","T","$","?","R","E","M","T","?","R","M","$","?","R","B",null,"M","M","$","M","?","R","?","R","T","?","M","?","M","?","R","B","B"],"character_chosen":"DEFECT","items_purchased":["DataDisk","Defragment","Melter","Electrodynamics"],"campfire_rested":3,"item_purchase_floors":[5,21,21,30],"current_hp_per_floor":[57,56,56,56,56,20,20,20,20,20,13,34,30,30,30,25,60,51,51,51,51,44,44,20,20,20,20,41,40,40,46,69,69,75,74,71,71,63,51,51,45,45,45,61,57,47,49,88,88,74,73],"gold":474,"neow_bonus":"HUNDRED_GOLD","is_prod":false,"is_daily":false,"chose_seed":false,"campfire_upgraded":5,"win_rate":0,"timestamp":1539497410,"path_taken":["M","M","?","?","$","E","?","?","T","?","M","R","E","M","R","BOSS","M","?","?","$","?","R","E","M","T","?","R","?","?","?","R","BOSS","M","M","$","M","?","R","?","R","T","?","?","?","?","?","R","BOSS","BOSS"],"build_version":"2018-10-11","purchased_purges":1,"victory":true,"max_hp_per_floor":[71,71,71,71,71,71,71,71,71,71,71,71,71,71,71,71,71,71,71,71,71,71,71,71,71,71,71,71,71,71,77,77,77,77,79,79,79,81,81,81,85,85,85,101,103,105,107,88,88,88,88],"card_choices":[{"not_picked":["Compile Driver","Gash"],"picked":"Conserve Battery","floor":1.0},{"not_picked":["Heatsinks","Steam"],"picked":"Turbo","floor":2.0},{"not_picked":["Hello World","White Noise"],"picked":"Cold Snap","floor":6.0},{"not_picked":["Fusion","Capacitor"],"picked":"Streamline","floor":7.0},{"not_picked":["Redo","Static Discharge","Rebound"],"picked":"SKIP","floor":11.0},{"not_picked":["Loop","BootSequence"],"picked":"Hologram","floor":13.0},{"not_picked":["Leap","FTL"],"picked":"Conserve Battery","floor":14.0},{"not_picked":["Hologram","Ball Lightning"],"picked":"Coolheaded+1","floor":18.0},{"not_picked":["Reprogram","Beam Cell"],"picked":"Glacier","floor":24.0},{"not_picked":["Ball Lightning","Conserve Battery"],"picked":"Chill","floor":25.0},{"not_picked":["Streamline","Cold Snap"],"picked":"Loop","floor":29.0},{"not_picked":["Biased Cognition","Rainbow"],"picked":"Core Surge","floor":33.0},{"not_picked":["FTL","Auto Shields","Darkness"],"picked":"Singing Bowl","floor":35.0},{"not_picked":["Compile Driver","Streamline"],"picked":"Conserve Battery","floor":36.0},{"not_picked":["Static Discharge","Leap","Compile Driver"],"picked":"Singing Bowl","floor":38.0},{"not_picked":["Jack Of All Trades","Transmutation","Good Instincts"],"picked":"Singing Bowl","floor":41.0},{"not_picked":["Madness","Swift Strike"],"picked":"Dark Shackles","floor":41.0},{"not_picked":["Flash of Steel","Thinking Ahead","Secret Technique"],"picked":"Singing Bowl","floor":41.0},{"not_picked":["Gash","Redo","Static Discharge+1"],"picked":"Singing Bowl","floor":44.0},{"not_picked":["Leap","Ball Lightning","Steam"],"picked":"Singing Bowl","floor":45.0},{"not_picked":["Coolheaded","Darkness+1","Redo"],"picked":"Singing Bowl","floor":46.0},{"not_picked":["Compile Driver","Conserve Battery","Rip and Tear"],"picked":"Singing Bowl","floor":47.0}],"player_experience":960614,"relics_obtained":[{"floor":6.0,"key":"Matryoshka"},{"floor":9.0,"key":"Ice Cream"},{"floor":9.0,"key":"Whetstone"},{"floor":13.0,"key":"Letter Opener"},{"floor":20.0,"key":"Smiling Mask"},{"floor":20.0,"key":"Darkstone Periapt"},{"floor":24.0,"key":"Bag of Marbles"},{"floor":26.0,"key":"Gremlin Horn"},{"floor":43.0,"key":"Old Coin"},{"floor":44.0,"key":"Mango"},{"floor":46.0,"key":"StoneCalendar"}],"event_choices":[{"event_name":"The Lab","player_choice":"Got Potions","floor":3.0,"damage_taken":0.0},{"event_name":"Accursed Blacksmith","player_choice":"Rummage","floor":4.0,"damage_taken":0.0},{"event_name":"Match and Keep!","player_choice":"1 cards matched","floor":8.0,"damage_taken":0.0},{"event_name":"Living Wall","player_choice":"Forget","floor":10.0,"damage_taken":0.0},{"event_name":"WeMeetAgain","player_choice":"Gold","floor":19.0,"damage_taken":0.0},{"event_name":"FaceTrader","player_choice":"Touch","floor":22.0,"damage_taken":0.0},{"event_name":"Duplicator","player_choice":"One dupe","floor":27.0,"damage_taken":0.0},{"event_name":"Addict","player_choice":"Stole Relic","floor":31.0,"damage_taken":0.0},{"event_name":"Wheel of Change","player_choice":"Damage","floor":39.0,"damage_taken":0.0},{"event_name":"SensoryStone","player_choice":"Memory 3","floor":41.0,"damage_taken":0.0},{"event_name":"Mysterious Sphere","player_choice":"Fight","floor":44.0,"damage_taken":0.0},{"event_name":"MindBloom","player_choice":"Fight","floor":46.0,"damage_taken":0.0},{"event_name":"The Moai Head","player_choice":"Heal","floor":48.0,"damage_taken":0.0}],"is_beta":false,"boss_relics":[{"not_picked":["Coffee Dripper","Runic Pyramid"],"picked":"Pandora\u0027s Box"},{"not_picked":["Fusion Hammer","Cursed Key"],"picked":"Inserter"}],"items_purged_floors":[37],"is_endless":false,"potions_floor_spawned":[2,7,11,13,14,33,35,36,46],"ascension_level":20}