{"gold_per_floor":[118,43,43,68,68,68,103,103,156,156,171,171,187,362,362,487,487,502,502,521,534,534,534],"floor_reached":23,"playtime":980,"items_purged":["Strike_B"],"score":208,"play_id":"ebb74b63-b438-4d10-ac46-6e1f5d7fadf5","local_time":"20181120135453","is_ascension_mode":true,"campfire_choices":[{"data":"Defend_B","floor":6,"key":"SMITH"},{"floor":8,"key":"REST"},{"data":"Sunder","floor":10,"key":"SMITH"},{"data":"Zap","floor":12,"key":"SMITH"},{"data":"Defend_B","floor":15,"key":"SMITH"}],"neow_cost":"NONE","seed_source_timestamp":2812124041030,"circlet_count":0,"master_deck":["Defend_B+1","Defend_B+1","Defend_B","Defend_B","Zap+1","Dualcast","Melter","Gash","Sunder+1","Chaos+1","Doubt","Fission+1","Chaos+1","Undo+1"],"relics":["Cracked Core","Bloody Idol","Gremlin Horn","Toxic Egg 2","Bag of Marbles","Empty Cage"],"potions_floor_usage":[16,16,23],"damage_taken":[{"damage":7,"enemies":"Jaw Worm","floor":1,"turns":3},{"damage":0,"enemies":"Small Slimes","floor":4,"turns":3},{"damage":18,"enemies":"3 Sentries","floor":7,"turns":8},{"damage":0,"enemies":"Cultist","floor":11,"turns":2},{"damage":6,"enemies":"Looter","floor":13,"turns":2},{"damage":5,"enemies":"Slime Boss","floor":16,"turns":8},{"damage":0,"enemies":"2 Thieves","floor":18,"turns":2},{"damage":16,"enemies":"Shell Parasite","floor":20,"turns":4},{"damage":41,"enemies":"Shelled Parasite and Fungi","floor":21,"turns":5},{"damage":25,"enemies":"Book of Stabbing","floor":23,"turns":6}],"seed_played":"3682508492429800410","potions_obtained":[{"floor":11,"key":"Fire Potion"},{"floor":13,"key":"EssenceOfSteel"},{"floor":18,"key":"SpeedPotion"},{"floor":20,"key":"Ancient Potion"}],"is_trial":false,"path_per_floor":["M","$","?","M","?","R","E","R","T","R","M","R","M","?","R","B",null,"M","?","M","M","?","E"],"character_chosen":"DEFECT","items_purchased":[],"campfire_rested":1,"item_purchase_floors":[],"current_hp_per_floor":[68,68,50,50,43,43,25,47,47,47,47,47,41,41,41,36,75,75,75,59,18,18,0],"gold":534,"neow_bonus":"REMOVE_CARD","is_prod":false,"is_daily":false,"chose_seed":false,"campfire_upgraded":4,"win_rate":0,"timestamp":1542740093,"path_taken":["M","$","?","M","?","R","E","R","T","R","M","R","M","?","R","BOSS","M","?","M","M","?","E"],"build_version":"2018-11-15","purchased_purges":1,"victory":false,"max_hp_per_floor":[75,75,75,75,75,75,75,75,75,75,75,75,75,75,75,75,75,75,75,75,75,75,75],"card_choices":[{"not_picked":["Coolheaded","Auto Shields"],"picked":"Melter","floor":1},{"not_picked":["Turbo","Sweeping Beam"],"picked":"Gash","floor":4},{"not_picked":["Leap","Turbo"],"picked":"Sunder","floor":7},{"not_picked":["Go for the Eyes","Ball Lightning","Storm"],"picked":"SKIP","floor":11},{"not_picked":["Streamline","Reinforced Body+1"],"picked":"Chaos+1","floor":13},{"not_picked":["Seek+1","Echo Form"],"picked":"Fission+1","floor":16},{"not_picked":["Sweeping Beam","Self Repair+1"],"picked":"Chaos+1","floor":18},{"not_picked":["Leap+1","Turbo+1","Cold Snap"],"picked":"SKIP","floor":20},{"not_picked":["Auto Shields+1","Glacier+1"],"picked":"Undo+1","floor":21}],"player_experience":137573,"relics_obtained":[{"floor":7,"key":"Toxic Egg 2"},{"floor":9,"key":"Bag of Marbles"}],"event_choices":[{"damage_healed":0,"gold_gain":0,"player_choice":"Take Damage","damage_taken":18,"relics_obtained":["Golden Idol"],"max_hp_gain":0,"max_hp_loss":0,"event_name":"Golden Idol","floor":3,"gold_loss":0},{"damage_healed":0,"gold_gain":0,"player_choice":"Success","damage_taken":7,"relics_obtained":["Gremlin Horn"],"max_hp_gain":0,"max_hp_loss":0,"event_name":"Scrap Ooze","floor":5,"gold_loss":0},{"damage_healed":0,"gold_gain":175,"player_choice":"AGREE","damage_taken":0,"max_hp_gain":0,"max_hp_loss":0,"event_name":"Liars Game","floor":14,"gold_loss":0,"cards_obtained":["Doubt"]},{"damage_healed":0,"gold_gain":0,"player_choice":"Ignored","damage_taken":0,"max_hp_gain":0,"max_hp_loss":0,"event_name":"Vampires","floor":19,"gold_loss":0},{"damage_healed":0,"gold_gain":0,"player_choice":"Gave Idol","damage_taken":0,"relics_obtained":["Bloody Idol"],"max_hp_gain":0,"max_hp_loss":0,"event_name":"Forgotten Altar","floor":22,"relics_lost":["Golden Idol"],"gold_loss":0}],"is_beta":true,"boss_relics":[{"not_picked":["Calling Bell","Nuclear Battery"],"picked":"Empty Cage"}],"items_purged_floors":[2],"is_endless":false,"potions_floor_spawned":[11,13,18,20],"killed_by":"Book of Stabbing","ascension_level":2}