{"gold_per_floor":[210,135,135,185,199,199,220,240,240,273,273,298,312,355,355,448,448,466,201,224,238,238,238,238,281,281,281,301,344,43,76,76,172,172,192,213,338,671,671,671],"floor_reached":40,"playtime":2122,"items_purged":["Strike_B"],"score":983,"play_id":"a916511e-e006-4555-9cd6-baf547519a89","local_time":"20190323160121","is_ascension_mode":true,"campfire_choices":[{"data":"Sweeping Beam","floor":6.0,"key":"SMITH"},{"data":"Zap","floor":11.0,"key":"SMITH"},{"floor":15.0,"key":"REST"},{"data":"Hologram","floor":23.0,"key":"SMITH"},{"data":"Ghostly","floor":27.0,"key":"SMITH"},{"data":"Fission","floor":32,"key":"SMITH"}],"neow_cost":"NONE","seed_source_timestamp":904000732246413,"circlet_count":0,"master_deck":["AscendersBane","Defend_B","Defend_B","Defend_B","Defend_B","Zap+1","Dualcast","Ball Lightning","Sweeping Beam+1","Leap","Gash","Glacier","Capacitor","Gash","Doom and Gloom","Biased Cognition","Consume","Hologram+1","Leap","Ball Lightning","Tempest","Ghostly+1","Ghostly","Ghostly","Cold Snap","Fission+1","Electrodynamics","Conserve Battery+1","Hologram"],"special_seed":0,"relics":["Cracked Core","The Courier","Matryoshka","Inserter","ClockworkSouvenir","Happy Flower","Smiling Mask","Bronze Scales","Molten Egg 2","Lee\u0027s Waffle","Orichalcum","Symbiotic Virus","Cursed Key","Ice Cream"],"potions_floor_usage":[],"damage_taken":[{"damage":7.0,"enemies":"Jaw Worm","floor":1.0,"turns":3.0},{"damage":4.0,"enemies":"Small Slimes","floor":5.0,"turns":3.0},{"damage":0.0,"enemies":"Cultist","floor":7.0,"turns":3.0},{"damage":6.0,"enemies":"Blue Slaver","floor":8.0,"turns":4.0},{"damage":5.0,"enemies":"Gremlin Nob","floor":10.0,"turns":3.0},{"damage":3.0,"enemies":"Exordium Wildlife","floor":12.0,"turns":3.0},{"damage":11.0,"enemies":"3 Louse","floor":13.0,"turns":2.0},{"damage":12.0,"enemies":"3 Sentries","floor":14.0,"turns":8.0},{"damage":12.0,"enemies":"The Guardian","floor":16.0,"turns":10.0},{"damage":1.0,"enemies":"3 Byrds","floor":18.0,"turns":4.0},{"damage":6.0,"enemies":"2 Thieves","floor":20.0,"turns":4.0},{"damage":0.0,"enemies":"Centurion and Healer","floor":21.0,"turns":5.0},{"damage":18.0,"enemies":"Book of Stabbing","floor":25.0,"turns":5.0},{"damage":0.0,"enemies":"Snecko","floor":28.0,"turns":8.0},{"damage":12,"enemies":"Slavers","floor":29,"turns":7},{"damage":0,"enemies":"Book of Stabbing","floor":31,"turns":6},{"damage":9,"enemies":"Automaton","floor":33,"turns":9},{"damage":0,"enemies":"Orb Walker","floor":35,"turns":2},{"damage":4,"enemies":"3 Darklings","floor":36,"turns":5},{"damage":0,"enemies":"Mind Bloom Boss Battle","floor":37,"turns":5},{"damage":35,"enemies":"Giant Head","floor":40,"turns":5}],"seed_played":"3376790769210704155","potions_obtained":[{"floor":7.0,"key":"Fire Potion"},{"floor":10.0,"key":"SpeedPotion"},{"floor":14.0,"key":"AttackPotion"},{"floor":16.0,"key":"Explosive Potion"},{"floor":18.0,"key":"Dexterity Potion"},{"floor":21.0,"key":"Explosive Potion"},{"floor":25.0,"key":"Regen Potion"},{"floor":35,"key":"LiquidBronze"}],"is_trial":false,"path_per_floor":["M","?","?","?","M","R","M","M","T","E","R","M","M","E","R","B",null,"M","$","M","M","?","R","?","E","T","R","M","E","$","E","R","B",null,"M","M","?","?","?","E"],"character_chosen":"DEFECT","items_purchased":["ClockworkSouvenir","Hologram","Lee\u0027s Waffle","Orichalcum"],"campfire_rested":1,"item_purchase_floors":[19,19,30,30],"current_hp_per_floor":[57,57,57,51,47,47,47,41,41,36,36,33,22,10,29,17,52,51,51,45,45,45,45,32,14,14,14,29,17,39,39,39,30,37,37,33,33,33,33,0],"gold":671,"neow_bonus":"HUNDRED_GOLD","is_prod":false,"is_daily":false,"chose_seed":false,"campfire_upgraded":5,"win_rate":0,"timestamp":1553371281,"path_taken":["M","?","?","?","M","R","M","M","T","E","R","M","M","E","R","BOSS","M","$","M","M","?","R","?","E","T","R","M","E","?","E","R","BOSS","M","M","?","?","?","E"],"build_version":"2019-03-15","purchased_purges":1,"victory":false,"max_hp_per_floor":[71,71,64,64,64,64,64,64,64,64,64,64,64,64,64,64,64,64,64,64,64,64,64,32,32,32,32,32,32,39,39,39,39,39,39,39,39,39,39,39],"card_choices":[{"not_picked":["Blizzard","Coolheaded"],"picked":"Ball Lightning","floor":1.0},{"not_picked":["Go for the Eyes","Cold Snap"],"picked":"Sweeping Beam","floor":5.0},{"not_picked":["Skim","Aggregate"],"picked":"Leap","floor":7.0},{"not_picked":["Storm","Cold Snap"],"picked":"Gash","floor":8.0},{"not_picked":["Stack","Gash"],"picked":"Glacier","floor":10.0},{"not_picked":["Go for the Eyes","Auto Shields"],"picked":"Capacitor","floor":12.0},{"not_picked":["Meteor Strike","Redo"],"picked":"Gash","floor":13.0},{"not_picked":["Barrage","Stack"],"picked":"Doom and Gloom","floor":14.0},{"not_picked":["Hyperbeam","Creative AI"],"picked":"Biased Cognition","floor":16.0},{"not_picked":["Force Field","Cold Snap"],"picked":"Consume","floor":18.0},{"not_picked":["Self Repair","Tempest"],"picked":"Compile Driver","floor":20.0},{"not_picked":["Undo","Redo"],"picked":"Leap","floor":21.0},{"not_picked":["Reprogram+1","Machine Learning"],"picked":"Cold Snap","floor":25.0},{"not_picked":["Rebound","Gash+1","Reinforced Body"],"picked":"SKIP","floor":28.0},{"not_picked":["Steam Power","Hologram"],"picked":"Fission","floor":29},{"not_picked":["Sunder+1","Hyperbeam+1","Capacitor"],"picked":"SKIP","floor":31},{"not_picked":["Buffer","Thunder Strike+1"],"picked":"Electrodynamics","floor":33},{"not_picked":["Melter+1","Leap"],"picked":"Conserve Battery+1","floor":35},{"not_picked":["Leap","Tempest","Steam Power"],"picked":"SKIP","floor":36},{"not_picked":["Self Repair","Lockon+1"],"picked":"Hologram","floor":37}],"player_experience":1200304,"relics_obtained":[{"floor":10.0,"key":"The Courier"},{"floor":14.0,"key":"Matryoshka"},{"floor":25.0,"key":"Happy Flower"},{"floor":26.0,"key":"Smiling Mask"},{"floor":26.0,"key":"Bronze Scales"},{"floor":29,"key":"Molten Egg 2"},{"floor":31,"key":"Symbiotic Virus"},{"floor":37,"key":"Ice Cream"}],"event_choices":[{"cards_removed":["Strike_B"],"damage_healed":0.0,"max_hp_gain":0.0,"max_hp_loss":0.0,"gold_gain":0.0,"event_name":"The Cleric","player_choice":"Card Removal","floor":2.0,"gold_loss":75.0,"damage_taken":0.0},{"damage_healed":0.0,"max_hp_gain":0.0,"max_hp_loss":7.0,"gold_gain":0.0,"event_name":"Golden Idol","player_choice":"Lose Max HP","floor":3.0,"gold_loss":0.0,"damage_taken":0.0,"relics_obtained":["Golden Idol"]},{"damage_healed":0.0,"max_hp_gain":0.0,"max_hp_loss":0.0,"gold_gain":50.0,"event_name":"FaceTrader","player_choice":"Touch","floor":4.0,"gold_loss":0.0,"damage_taken":6.0},{"damage_healed":0.0,"max_hp_gain":0.0,"max_hp_loss":0.0,"gold_gain":0.0,"cards_transformed":["Strike_B","Strike_B"],"event_name":"Drug Dealer","player_choice":"Became Test Subject","floor":22.0,"gold_loss":0.0,"damage_taken":0.0,"cards_obtained":["Ball Lightning","Tempest"]},{"damage_healed":0.0,"max_hp_gain":0.0,"max_hp_loss":32.0,"gold_gain":0.0,"event_name":"Ghosts","player_choice":"Became a Ghost","floor":24.0,"gold_loss":0.0,"damage_taken":0.0,"cards_obtained":["Ghostly","Ghostly","Ghostly"]},{"damage_healed":0,"gold_gain":0,"player_choice":"Fight","damage_taken":0,"max_hp_gain":0,"max_hp_loss":0,"event_name":"MindBloom","floor":37,"gold_loss":0},{"damage_healed":0,"gold_gain":333,"player_choice":"Gave Idol","damage_taken":0,"max_hp_gain":0,"max_hp_loss":0,"event_name":"The Moai Head","floor":38,"relics_lost":["Golden Idol"],"gold_loss":0},{"cards_removed":["Compile Driver"],"damage_healed":0,"gold_gain":0,"player_choice":"Removed Attack","damage_taken":0,"max_hp_gain":0,"max_hp_loss":0,"event_name":"Falling","floor":39,"gold_loss":0}],"is_beta":true,"boss_relics":[{"not_picked":["Calling Bell","Sozu"],"picked":"Inserter"},{"not_picked":["Fusion Hammer","Runic Pyramid"],"picked":"Cursed Key"}],"items_purged_floors":[19],"is_endless":false,"potions_floor_spawned":[7,10,14,16,18,21,25,35],"killed_by":"Giant Head","ascension_level":20}