{"gold_per_floor":[116,32,32,45,45,76,92,17,40,40,71,71,101,26,26,103,103,114,389,405,420,420,420,436,465,489,501,538,550,574,604,616,705,717,739,641,665,577,591,591,620,335,335,335],"floor_reached":44,"playtime":1833,"items_purged":["Pain","Strike_B","Strike_B"],"score":1188,"play_id":"27032da5-b506-4356-8645-bf07b51c6787","local_time":"20181117222902","is_ascension_mode":true,"campfire_choices":[{"data":"Doom and Gloom","floor":10.0,"key":"SMITH"},{"data":"Go for the Eyes","floor":15.0,"key":"SMITH"},{"floor":23.0,"key":"REST"},{"data":"Loop","floor":27,"key":"SMITH"},{"data":"Hologram","floor":29,"key":"SMITH"},{"floor":32,"key":"REST"},{"data":"Chill","floor":40,"key":"SMITH"}],"neow_cost":"NONE","seed_source_timestamp":266977666239465,"circlet_count":0,"master_deck":["AscendersBane","Strike_B","Defend_B","Defend_B","Defend_B","Defend_B","Zap+1","Dualcast","Leap","Biased Cognition","Ball Lightning","Compile Driver","Multi-Cast","Doom and Gloom+1","Cold Snap","Go for the Eyes+1","Compile Driver","Biased Cognition","Chill+1","Loop+1","Cold Snap+1","Hologram+1","Melter+1","Self Repair+1","Biased Cognition","Biased Cognition","Compile Driver","Coolheaded","Steam+1","Coolheaded+1"],"special_seed":0,"relics":["Cracked Core","NeowsBlessing","WarpedTongs","Ancient Tea Set","Happy Flower","Strawberry","Dodecahedron","Velvet Choker","MutagenicStrength","Centennial Puzzle","MawBank","Cables","Black Star","Toxic Egg 2","Kunai","Bag of Preparation"],"potions_floor_usage":[25,33,37],"damage_taken":[{"damage":0.0,"enemies":"Small Slimes","floor":1.0,"turns":1.0},{"damage":0.0,"enemies":"Cultist","floor":4.0,"turns":1.0},{"damage":0.0,"enemies":"Gremlin Nob","floor":6.0,"turns":1.0},{"damage":1.0,"enemies":"2 Louse","floor":7.0,"turns":2.0},{"damage":10.0,"enemies":"3 Sentries","floor":11.0,"turns":5.0},{"damage":21.0,"enemies":"Lagavulin","floor":13.0,"turns":4.0},{"damage":11.0,"enemies":"The Guardian","floor":16.0,"turns":8.0},{"damage":0.0,"enemies":"2 Thieves","floor":18.0,"turns":4.0},{"damage":17.0,"enemies":"Shell Parasite","floor":20.0,"turns":5.0},{"damage":9.0,"enemies":"Sentry and Sphere","floor":21.0,"turns":5.0},{"damage":7.0,"enemies":"3 Cultists","floor":24.0,"turns":4.0},{"damage":18,"enemies":"Slavers","floor":25,"turns":5},{"damage":5,"enemies":"Gremlin Leader","floor":28,"turns":5},{"damage":6,"enemies":"Centurion and Healer","floor":30,"turns":6},{"damage":18,"enemies":"Snake Plant","floor":31,"turns":3},{"damage":43,"enemies":"Collector","floor":33,"turns":7},{"damage":1,"enemies":"3 Shapes","floor":35,"turns":4},{"damage":34,"enemies":"3 Darklings","floor":37,"turns":4},{"damage":0,"enemies":"Transient","floor":39,"turns":6},{"damage":28,"enemies":"Reptomancer","floor":41,"turns":6},{"damage":23,"enemies":"Nemesis","floor":44,"turns":6}],"seed_played":"4344605847979980098","potions_obtained":[{"floor":6.0,"key":"Regen Potion"},{"floor":7.0,"key":"Block Potion"},{"floor":13.0,"key":"FocusPotion"},{"floor":20.0,"key":"FearPotion"},{"floor":30,"key":"Swift Potion"},{"floor":31,"key":"Poison Potion"},{"floor":33,"key":"FocusPotion"},{"floor":39,"key":"Energy Potion"}],"is_trial":false,"path_per_floor":["M","$","?","M","?","E","M","$","T","R","E","$","E","?","R","B",null,"M","?","M","M","?","R","M","E","T","R","E","R","M","M","R","B",null,"M","?","M","$","M","R","E","$","T","E"],"character_chosen":"DEFECT","items_purchased":["Biased Cognition","Bag of Preparation"],"campfire_rested":2,"item_purchase_floors":[2,42],"current_hp_per_floor":[64,64,64,64,64,64,63,63,63,63,74,74,53,53,53,42,69,69,69,52,43,43,66,59,41,41,41,36,36,40,32,55,12,62,71,71,47,47,57,57,39,39,39,16],"gold":335,"neow_bonus":"THREE_ENEMY_KILL","is_prod":false,"is_daily":false,"chose_seed":false,"campfire_upgraded":5,"win_rate":0,"timestamp":1542511742,"path_taken":["M","$","?","?","?","E","?","$","T","R","E","$","E","?","R","BOSS","M","?","M","?","?","R","M","E","T","R","E","R","M","M","R","BOSS","M","?","M","?","M","R","E","$","T","E"],"build_version":"2018-11-15","purchased_purges":3,"victory":false,"max_hp_per_floor":[71,71,71,71,71,71,71,71,71,71,78,78,78,78,78,78,78,78,78,78,78,78,78,78,78,78,78,78,78,78,78,78,78,78,78,78,78,78,78,78,78,78,78,78],"card_choices":[{"not_picked":["Redo","Storm"],"picked":"Leap","floor":1.0},{"not_picked":["Blizzard","Stack"],"picked":"Ball Lightning","floor":4.0},{"not_picked":["Beam Cell","Capacitor"],"picked":"Doom and Gloom","floor":6.0},{"not_picked":["Turbo","Chaos"],"picked":"Cold Snap","floor":7.0},{"not_picked":["Leap","Barrage"],"picked":"Go for the Eyes","floor":11.0},{"not_picked":["Coolheaded","Scrape"],"picked":"Compile Driver","floor":13.0},{"not_picked":["Reboot","Seek"],"picked":"Biased Cognition","floor":16.0},{"not_picked":["Turbo","Redo"],"picked":"Chill","floor":18.0},{"not_picked":["Beam Cell","Rip and Tear"],"picked":"Loop","floor":20.0},{"not_picked":["Stack","Barrage"],"picked":"Cold Snap+1","floor":21.0},{"not_picked":["Reprogram","Force Field"],"picked":"Hologram","floor":24.0},{"not_picked":["Compile Driver","Lockon"],"picked":"Melter+1","floor":25},{"not_picked":["Leap+1","Force Field"],"picked":"Self Repair+1","floor":28},{"not_picked":["Streamline","Hologram"],"picked":"Biased Cognition","floor":30},{"not_picked":["Steam Power","Beam Cell","Streamline"],"picked":"SKIP","floor":31},{"not_picked":["Hyperbeam","Echo Form"],"picked":"Biased Cognition","floor":33},{"not_picked":["Rebound","Sweeping Beam"],"picked":"Compile Driver","floor":35},{"not_picked":["Storm","Barrage"],"picked":"Coolheaded","floor":37},{"not_picked":["Leap","Conserve Battery"],"picked":"Steam+1","floor":39},{"not_picked":["Ball Lightning","Cold Snap"],"picked":"Coolheaded+1","floor":41}],"player_experience":882451,"relics_obtained":[{"floor":6.0,"key":"Ancient Tea Set"},{"floor":9.0,"key":"Happy Flower"},{"floor":11.0,"key":"Strawberry"},{"floor":13.0,"key":"Dodecahedron"},{"floor":25,"key":"Centennial Puzzle"},{"floor":26,"key":"MawBank"},{"floor":28,"key":"Cables"},{"floor":41,"key":"Toxic Egg 2"},{"floor":41,"key":"Kunai"}],"event_choices":[{"damage_healed":0.0,"max_hp_gain":0.0,"max_hp_loss":0.0,"gold_gain":0.0,"event_name":"Accursed Blacksmith","player_choice":"Rummage","floor":3.0,"gold_loss":0.0,"damage_taken":0.0,"relics_obtained":["WarpedTongs"],"cards_obtained":["Pain"]},{"damage_healed":0.0,"max_hp_gain":0.0,"max_hp_loss":0.0,"gold_gain":0.0,"event_name":"Match and Keep!","player_choice":"2 cards matched","floor":5.0,"gold_loss":0.0,"damage_taken":0.0,"cards_obtained":["Compile Driver","Multi-Cast"]},{"cards_removed":["Strike_B"],"damage_healed":0.0,"max_hp_gain":0.0,"max_hp_loss":0.0,"gold_gain":0.0,"event_name":"The Cleric","player_choice":"Card Removal","floor":14.0,"gold_loss":75.0,"damage_taken":0.0},{"damage_healed":0.0,"max_hp_gain":0.0,"max_hp_loss":0.0,"gold_gain":275.0,"event_name":"Golden Shrine","player_choice":"Desecrate","floor":19.0,"gold_loss":0.0,"damage_taken":0.0,"cards_obtained":["Regret"]},{"damage_healed":0.0,"max_hp_gain":0.0,"max_hp_loss":0.0,"gold_gain":0.0,"event_name":"Drug Dealer","player_choice":"Inject Mutagens","floor":22.0,"gold_loss":0.0,"damage_taken":0.0,"relics_obtained":["MutagenicStrength"]},{"cards_removed":["Regret"],"damage_healed":0,"gold_gain":0,"player_choice":"Upgrade and Remove","damage_taken":0,"max_hp_gain":0,"max_hp_loss":0,"event_name":"Designer","floor":36,"gold_loss":110,"cards_upgraded":["Zap"]}],"is_beta":true,"boss_relics":[{"not_picked":["Runic Dome","Runic Pyramid"],"picked":"Velvet Choker"},{"not_picked":["Coffee Dripper","White Beast Statue"],"picked":"Black Star"}],"items_purged_floors":[8,38,42],"is_endless":false,"potions_floor_spawned":[6,7,13,20,30,31,33,39,41],"killed_by":"Nemesis","ascension_level":20}