{"gold_per_floor":[115,132,151,168,243,243,257,257,332,382,415,415,425,425],"floor_reached":14,"playtime":498,"items_purged":[],"score":184,"play_id":"6fc54e52-0321-4a6d-9795-02deb17e2af8","local_time":"20190322104950","is_ascension_mode":true,"campfire_choices":[{"data":"Zap","floor":6.0,"key":"SMITH"},{"data":"Capacitor","floor":8.0,"key":"SMITH"},{"floor":12.0,"key":"REST"}],"neow_cost":"NONE","seed_source_timestamp":800660965816616,"circlet_count":0,"master_deck":["AscendersBane","Strike_B","Strike_B","Strike_B","Strike_B","Defend_B","Defend_B","Defend_B","Defend_B","Zap+1","Dualcast","Glacier","Glacier","Capacitor+1","Melter","Rebound","Coolheaded","Doom and Gloom"],"special_seed":0,"relics":["Cracked Core","Vajra","Singing Bowl","Incense Burner"],"potions_floor_usage":[14],"damage_taken":[{"damage":0.0,"enemies":"Cultist","floor":1.0,"turns":3.0},{"damage":0.0,"enemies":"2 Louse","floor":2.0,"turns":2.0},{"damage":7.0,"enemies":"Jaw Worm","floor":3.0,"turns":4.0},{"damage":2.0,"enemies":"Blue Slaver","floor":4.0,"turns":4.0},{"damage":1.0,"enemies":"Looter","floor":7.0,"turns":4.0},{"damage":21.0,"enemies":"3 Sentries","floor":11.0,"turns":9.0},{"damage":22.0,"enemies":"Exordium Wildlife","floor":13.0,"turns":4.0},{"damage":0,"enemies":"Gremlin Nob","floor":14,"turns":3}],"seed_played":"4427207004292324169","potions_obtained":[{"floor":1.0,"key":"Poison Potion"},{"floor":7.0,"key":"Energy Potion"},{"floor":11.0,"key":"Fire Potion"}],"is_trial":false,"path_per_floor":["M","M","M","M","?","R","M","R","T","?","E","R","M","E"],"character_chosen":"DEFECT","items_purchased":[],"campfire_rested":1,"item_purchase_floors":[],"current_hp_per_floor":[64,64,57,55,44,44,43,43,43,43,22,43,21,21],"gold":425,"neow_bonus":"RANDOM_COMMON_RELIC","is_prod":false,"is_daily":false,"chose_seed":false,"campfire_upgraded":2,"win_rate":0,"timestamp":1553266190,"path_taken":["M","?","M","M","?","R","M","R","T","?","E","R","?","E"],"build_version":"2019-03-15","purchased_purges":0,"victory":false,"max_hp_per_floor":[71,71,71,71,71,71,71,71,71,71,71,71,71,71],"card_choices":[{"not_picked":["Rip and Tear","Leap"],"picked":"Glacier","floor":1.0},{"not_picked":["Skim","Leap"],"picked":"Glacier","floor":2.0},{"not_picked":["Streamline","Gash"],"picked":"Capacitor","floor":3.0},{"not_picked":["BootSequence","Coolheaded"],"picked":"Melter","floor":4.0},{"not_picked":["Beam Cell","Barrage"],"picked":"Rebound","floor":7.0},{"not_picked":["Redo","Tempest"],"picked":"Coolheaded","floor":11.0},{"not_picked":["Hologram","Rainbow"],"picked":"Doom and Gloom","floor":13.0}],"player_experience":1173717,"relics_obtained":[{"floor":9.0,"key":"Singing Bowl"},{"floor":11.0,"key":"Incense Burner"}],"event_choices":[{"damage_healed":0.0,"max_hp_gain":0.0,"max_hp_loss":0.0,"gold_gain":75.0,"event_name":"World of Goop","player_choice":"Gather Gold","floor":5.0,"gold_loss":0.0,"damage_taken":11.0},{"damage_healed":0.0,"max_hp_gain":0.0,"max_hp_loss":0.0,"gold_gain":50.0,"event_name":"Golden Shrine","player_choice":"Pray","floor":10.0,"gold_loss":0.0,"damage_taken":0.0}],"is_beta":true,"boss_relics":[],"items_purged_floors":[],"is_endless":false,"potions_floor_spawned":[1,7,11],"killed_by":"Gremlin Nob","ascension_level":20}