{"gold_per_floor":[118,134,152,167,181,211,234,234,234,261,273,273,217,227,227,227],"floor_reached":16,"playtime":864,"items_purged":[],"score":228,"play_id":"ebab5037-b071-4c5f-80ae-9fc55a6f0017","local_time":"20190315004319","is_ascension_mode":true,"campfire_choices":[{"floor":8,"key":"REST"},{"data":"Noxious Fumes","floor":12,"key":"SMITH"},{"data":"Deadly Poison","floor":15,"key":"SMITH"}],"neow_cost":"NONE","seed_source_timestamp":159161862659185,"circlet_count":0,"master_deck":["AscendersBane","Defend_G","Defend_G","Defend_G","Defend_G","Defend_G","Strike_G","Strike_G","Strike_G","Strike_G","Strike_G","Survivor","Neutralize","Dagger Throw","Infinite Blades","Noxious Fumes+1","Leg Sweep","Deadly Poison+1","Dash","Poisoned Stab","Adrenaline"],"special_seed":0,"relics":["Ring of the Snake","Calipers","Odd Mushroom","Kunai","Orichalcum"],"potions_floor_usage":[6,7,10,16,16],"damage_taken":[{"damage":2.0,"enemies":"Small Slimes","floor":1.0,"turns":4.0},{"damage":0.0,"enemies":"Jaw Worm","floor":2.0,"turns":4.0},{"damage":4.0,"enemies":"2 Louse","floor":3.0,"turns":4.0},{"damage":8.0,"enemies":"2 Fungi Beasts","floor":4.0,"turns":4.0},{"damage":1.0,"enemies":"Looter","floor":5.0,"turns":4.0},{"damage":17,"enemies":"3 Sentries","floor":6,"turns":7},{"damage":9,"enemies":"The Mushroom Lair","floor":7,"turns":5},{"damage":34,"enemies":"Gremlin Nob","floor":10,"turns":6},{"damage":0,"enemies":"Red Slaver","floor":11,"turns":5},{"damage":4,"enemies":"Blue Slaver","floor":14,"turns":4},{"damage":18,"enemies":"Slime Boss","floor":16,"turns":7}],"seed_played":"4811353627488001694","potions_obtained":[{"floor":2.0,"key":"GamblersBrew"},{"floor":4.0,"key":"AttackPotion"},{"floor":7,"key":"Fire Potion"},{"floor":11,"key":"AttackPotion"}],"is_trial":false,"path_per_floor":["M","M","M","M","M","E","?","R","T","E","M","R","$","M","R","B"],"character_chosen":"THE_SILENT","items_purchased":["AttackPotion"],"campfire_rested":1,"item_purchase_floors":[13],"current_hp_per_floor":[63,63,59,51,50,33,24,45,45,11,11,11,11,7,7,0],"gold":227,"neow_bonus":"TEN_PERCENT_HP_BONUS","is_prod":false,"is_daily":false,"chose_seed":false,"campfire_upgraded":2,"win_rate":0,"timestamp":1552624999,"path_taken":["M","M","M","M","M","E","?","R","T","E","M","R","$","M","R","BOSS"],"build_version":"2019-02-06","purchased_purges":0,"victory":false,"max_hp_per_floor":[72,72,72,72,72,72,72,72,72,72,72,72,72,72,72,72],"card_choices":[{"not_picked":["Dodge and Roll","Cloak And Dagger"],"picked":"Dagger Throw","floor":1.0},{"not_picked":["Predator","Dagger Throw"],"picked":"Infinite Blades","floor":2.0},{"not_picked":["Choke","Dagger Spray"],"picked":"Noxious Fumes","floor":3.0},{"not_picked":["Quick Slash","Finisher","Bane"],"picked":"SKIP","floor":4.0},{"not_picked":["Quick Slash","Reflex","Deflect"],"picked":"SKIP","floor":5.0},{"not_picked":["Terror","Endless Agony"],"picked":"Leg Sweep","floor":6},{"not_picked":["Cloak And Dagger","Acrobatics"],"picked":"Deadly Poison","floor":7},{"not_picked":["Tools of the Trade","Poisoned Stab"],"picked":"Dash","floor":10},{"not_picked":["Blade Dance","Cloak And Dagger"],"picked":"Poisoned Stab","floor":11},{"not_picked":["Poisoned Stab","Accuracy"],"picked":"Adrenaline","floor":14}],"player_experience":1091458,"relics_obtained":[{"floor":6,"key":"Calipers"},{"floor":7,"key":"Odd Mushroom"},{"floor":9,"key":"Kunai"},{"floor":10,"key":"Orichalcum"}],"event_choices":[{"damage_healed":0,"gold_gain":0,"player_choice":"Fought Mushrooms","damage_taken":0,"max_hp_gain":0,"max_hp_loss":0,"event_name":"Mushrooms","floor":7,"gold_loss":0}],"is_beta":true,"boss_relics":[],"items_purged_floors":[],"is_endless":false,"potions_floor_spawned":[2,4,7,11],"killed_by":"Slime Boss","ascension_level":20}