{"gold_per_floor":[111,131,131,151,301,301,333,333,363,398,398,398,152,225,225,225],"floor_reached":16,"playtime":657,"items_purged":["Doubt"],"score":212,"play_id":"9f4d7cd1-caf5-4f03-8034-7f68004ccb78","local_time":"20190302004330","is_ascension_mode":true,"campfire_choices":[{"data":"Deadly Poison","floor":6,"key":"SMITH"},{"data":"Draining Mist","floor":11,"key":"SMITH"},{"floor":15,"key":"DIG"}],"neow_cost":"NONE","seed_source_timestamp":617920764113285,"circlet_count":0,"master_deck":["AscendersBane","Defend_G","Defend_G","Defend_G+1","Defend_G+1","Defend_G","Strike_G","Strike_G","Strike_G","Strike_G","Strike_G","Survivor","Neutralize+1","Deadly Poison+1","Dash+1","Dodge and Roll","Draining Mist+1"],"relics":["Ring of the Snake","Chameleon Ring","Tiny Chest","Basket Of Snakes","Happy Flower","Question Card","Durian"],"potions_floor_usage":[7,10,16,16],"damage_taken":[{"damage":7,"enemies":"2 Louse","floor":1,"turns":4},{"damage":1,"enemies":"Jaw Worm","floor":2,"turns":4},{"damage":0,"enemies":"Cultist","floor":4,"turns":4},{"damage":8,"enemies":"Erikyupuro","floor":7,"turns":10},{"damage":22,"enemies":"Gremlin Nob","floor":10,"turns":4},{"damage":8,"enemies":"Slime Boss","floor":16,"turns":12}],"seed_played":"6806960051280910575","potions_obtained":[{"floor":2,"key":"Swift Potion"},{"floor":8,"key":"Flashbang"},{"floor":8,"key":"Toxic Potion"},{"floor":10,"key":"Strength Potion"}],"is_trial":false,"path_per_floor":["M","M","?","M","?","R","E","R","T","E","R","?","$","T","R","B"],"character_chosen":"THE_SILENT","items_purchased":["Happy Flower"],"campfire_rested":0,"item_purchase_floors":[13],"current_hp_per_floor":[52,51,51,51,51,51,43,43,43,21,21,1,1,1,6,0],"gold":225,"neow_bonus":"UPGRADE_CARD","is_prod":false,"is_daily":false,"chose_seed":false,"campfire_upgraded":2,"win_rate":0,"timestamp":1551505410,"path_taken":["M","M","?","M","?","R","E","R","T","E","R","?","$","?","R","BOSS"],"build_version":"2019-02-06","purchased_purges":1,"victory":false,"max_hp_per_floor":[66,66,66,66,66,66,66,66,66,66,66,66,66,66,71,71],"card_choices":[{"not_picked":["Blade Dance","Riddle With Holes"],"picked":"Deadly Poison","floor":1},{"not_picked":["Hidden Blade","Flying Knee"],"picked":"Dash","floor":2},{"not_picked":["Endless Agony","Underhanded Strike","Replay:Poison Smokescreen"],"picked":"SKIP","floor":4},{"not_picked":["Endless Agony","Flechettes"],"picked":"Dodge and Roll","floor":7},{"not_picked":["Dodge and Roll","Choke"],"picked":"Draining Mist","floor":10}],"player_experience":1093360,"relics_obtained":[{"floor":7,"key":"Chameleon Ring"},{"floor":9,"key":"Tiny Chest"},{"floor":10,"key":"Basket Of Snakes"},{"floor":14,"key":"Question Card"},{"floor":15,"key":"Durian"}],"event_choices":[{"damage_healed":0,"gold_gain":150,"player_choice":"AGREE","damage_taken":0,"max_hp_gain":0,"max_hp_loss":0,"event_name":"Liars Game","floor":5,"gold_loss":0,"cards_obtained":["Doubt"]},{"damage_healed":0,"gold_gain":0,"player_choice":"Entered Light","damage_taken":20,"max_hp_gain":0,"max_hp_loss":0,"event_name":"Shining Light","floor":12,"gold_loss":0,"cards_upgraded":["Dash","Defend_G"]}],"is_beta":true,"boss_relics":[],"items_purged_floors":[13],"is_endless":false,"potions_floor_spawned":[2,10],"killed_by":"Slime Boss","ascension_level":20}