{"gold_per_floor":[119,72,84,102,102,102,115,135,161,180,199,199,225,237,237,335,335,350,366,28,28,28,28,28,38,38,38,57,71,89,89],"floor_reached":31,"playtime":1617,"items_purged":["Strike_G"],"score":292,"play_id":"cfdd75fb-230d-4b61-9fc5-318be1858e66","local_time":"20190113204442","is_ascension_mode":true,"campfire_choices":[{"data":"Tactician","floor":6,"key":"SMITH"},{"data":"Crippling Poison","floor":12,"key":"SMITH"},{"data":"Poisoned Stab","floor":15,"key":"SMITH"},{"data":"Tactician","floor":24,"key":"SMITH"},{"floor":27,"key":"REST"}],"neow_cost":"NONE","seed_source_timestamp":15100084603103,"circlet_count":0,"master_deck":["Defend_G","Defend_G","Defend_G","Defend_G","Defend_G","Strike_G","Strike_G","Strike_G","Strike_G","Survivor","Neutralize","Tactician+1","Prepared","Dagger Throw","Tools of the Trade","Neutralize","Crippling Poison+1","Backstab","Well Laid Plans","Poisoned Stab+1","Tactician+1","After Image","Catalyst","Predator+1","Acrobatics+1","Slice+1","Dash","Acrobatics"],"relics":["Ring of the Snake","Art of War","Smiling Mask","Orichalcum","Sozu","Unceasing Top","Enchiridion","Kunai"],"potions_floor_usage":[16,16,16,16,28],"damage_taken":[{"damage":1,"enemies":"Small Slimes","floor":1,"turns":5},{"damage":0,"enemies":"Cultist","floor":3,"turns":4},{"damage":0,"enemies":"2 Louse","floor":4,"turns":4},{"damage":13,"enemies":"Lots of Slimes","floor":7,"turns":5},{"damage":0,"enemies":"2 Fungi Beasts","floor":8,"turns":4},{"damage":18,"enemies":"Large Slime","floor":10,"turns":7},{"damage":8,"enemies":"Looter","floor":11,"turns":3},{"damage":18,"enemies":"3 Sentries","floor":13,"turns":7},{"damage":0,"enemies":"3 Louse","floor":14,"turns":2},{"damage":3,"enemies":"Hexaghost","floor":16,"turns":10},{"damage":25,"enemies":"2 Thieves","floor":18,"turns":4},{"damage":3,"enemies":"Chosen","floor":19,"turns":5},{"damage":22,"enemies":"Sentry and Sphere","floor":25,"turns":6},{"damage":0,"enemies":"3 Cultists","floor":28,"turns":5},{"damage":6,"enemies":"Cultist and Chosen","floor":29,"turns":5},{"damage":0,"enemies":"Snecko","floor":30,"turns":3},{"damage":19,"enemies":"Slavers","floor":31,"turns":1}],"seed_played":"-5454802342541096125","potions_obtained":[{"floor":1,"key":"Ancient Potion"},{"floor":8,"key":"EntropicBrew"},{"floor":13,"key":"Block Potion"}],"is_trial":false,"path_per_floor":["M","$","M","M","?","R","M","M","T","M","M","R","E","M","R","B",null,"M","M","$","?","$","?","R","M","T","R","M","M","M","E"],"character_chosen":"THE_SILENT","items_purchased":["Prepared","Unceasing Top"],"campfire_rested":1,"item_purchase_floors":[2,20],"current_hp_per_floor":[69,69,69,69,69,69,56,56,56,38,30,30,12,12,12,9,70,45,42,42,26,26,26,26,4,4,25,25,19,19,0],"gold":89,"neow_bonus":"RANDOM_COMMON_RELIC","is_prod":false,"is_daily":false,"chose_seed":false,"campfire_upgraded":4,"win_rate":0,"timestamp":1547430282,"path_taken":["M","$","M","M","?","R","?","?","T","M","M","R","E","M","R","BOSS","M","M","$","?","$","?","R","?","T","R","M","M","M","E"],"build_version":"2019-01-10","purchased_purges":1,"victory":false,"max_hp_per_floor":[70,70,70,70,70,70,70,70,70,70,70,70,70,70,70,70,70,70,70,70,70,70,70,70,70,70,70,70,70,70,70],"card_choices":[{"not_picked":["Escape Plan","Skewer"],"picked":"Tactician","floor":1},{"not_picked":["Finisher","Skewer","Slice"],"picked":"SKIP","floor":3},{"not_picked":["Dagger Spray","Blur"],"picked":"Dagger Throw","floor":4},{"not_picked":["Catalyst","Deflect"],"picked":"Crippling Poison","floor":7},{"not_picked":["Dodge and Roll","Quick Slash"],"picked":"Backstab","floor":8},{"not_picked":["Finisher","Cloak And Dagger","Accuracy"],"picked":"SKIP","floor":10},{"not_picked":["Infinite Blades","Bouncing Flask"],"picked":"Well Laid Plans","floor":11},{"not_picked":["Slice","Blur"],"picked":"Poisoned Stab","floor":13},{"not_picked":["Infinite Blades","Footwork"],"picked":"Tactician","floor":14},{"not_picked":["Die Die Die","Envenom"],"picked":"After Image","floor":16},{"not_picked":["Crippling Poison","Underhanded Strike"],"picked":"Catalyst","floor":18},{"not_picked":["Footwork","Quick Slash"],"picked":"Predator+1","floor":19},{"not_picked":["Bane","Riddle With Holes+1"],"picked":"Acrobatics+1","floor":25},{"not_picked":["Endless Agony+1","Backflip"],"picked":"Slice+1","floor":28},{"not_picked":["Bouncing Flask","Deadly Poison+1"],"picked":"Dash","floor":29},{"not_picked":["Flying Knee","Blade Dance"],"picked":"Acrobatics","floor":30}],"player_experience":198880,"relics_obtained":[{"floor":9,"key":"Smiling Mask"},{"floor":13,"key":"Orichalcum"},{"floor":21,"key":"Enchiridion"},{"floor":26,"key":"Kunai"}],"event_choices":[{"damage_healed":0,"gold_gain":0,"player_choice":"2 cards matched","damage_taken":0,"max_hp_gain":0,"max_hp_loss":0,"event_name":"Match and Keep!","floor":5,"gold_loss":0,"cards_obtained":["Tools of the Trade","Neutralize"]},{"damage_healed":0,"gold_gain":0,"player_choice":"Obtained Book","damage_taken":16,"max_hp_gain":0,"max_hp_loss":0,"event_name":"Cursed Tome","floor":21,"gold_loss":0},{"damage_healed":0,"gold_gain":0,"player_choice":"Got Potions","damage_taken":0,"max_hp_gain":0,"max_hp_loss":0,"event_name":"Lab","floor":23,"gold_loss":0}],"is_beta":true,"boss_relics":[{"not_picked":["White Beast Statue","Astrolabe"],"picked":"Sozu"}],"items_purged_floors":[20],"is_endless":false,"potions_floor_spawned":[1,8,13,14,18,19,25,29],"killed_by":"Slavers","ascension_level":4}