{"gold_per_floor":[109,109,129,146,34,34,50,82,82,111,127,127,156,168,180,268,280,303,365,397,422,434,476,488,154,154,166,266,266,285,317,317,393,393,413,513,513,513,513,540,540,570,570,319,329,364,364,152,152,152,152,152,152,17,49,49],"floor_reached":56,"playtime":3426,"items_purged":["Pain","Strike_B","Strike_B","Strike_B"],"score":2553,"play_id":"72b9398f-5b0a-4f6a-9db7-b881afd4b617","local_time":"20190302233234","is_ascension_mode":true,"campfire_choices":[{"data":"Defragment","floor":6.0,"key":"SMITH"},{"floor":12.0,"key":"REST"},{"data":"Dualcast","floor":15.0,"key":"SMITH"},{"floor":24.0,"key":"REST"},{"floor":29.0,"key":"REST"},{"floor":32.0,"key":"REST"},{"floor":41.0,"key":"RECALL"},{"floor":47.0,"key":"REST"},{"floor":49.0,"key":"REST"},{"floor":53.0,"key":"REST"}],"neow_cost":"NONE","seed_source_timestamp":696772018213536,"circlet_count":0,"master_deck":["AscendersBane","Defend_B","Defend_B","Defend_B","Defend_B","Zap","Dualcast+1","Rainbow","Sweeping Beam","Compile Driver","Core Surge","Defragment+1","Sweeping Beam","Defragment+1","Ball Lightning","Ball Lightning","Amplify","Undo","Leap","Leap+1","Glacier","Conserve Battery","Echo Form","Loop+1","Cold Snap","Reboot","Cold Snap","Cold Snap+1","Master of Strategy","Hologram","Conserve Battery","Recycle","Multi-Cast"],"special_seed":0,"relics":["Cracked Core","WarpedTongs","Potion Belt","Anchor","Sundial","MawBank","Velvet Choker","Bottled Tornado","Membership Card","Omamori","Regal Pillow","FossilizedHelix","Darkstone Periapt","WingedGreaves","Fusion Hammer","Pocketwatch","Centennial Puzzle","Dead Branch","Letter Opener","Kunai","Frozen Eye","Nunchaku"],"potions_floor_usage":[56],"damage_taken":[{"damage":12.0,"enemies":"Jaw Worm","floor":1.0,"turns":3.0},{"damage":7.0,"enemies":"Cultist","floor":3.0,"turns":3.0},{"damage":4.0,"enemies":"2 Louse","floor":4.0,"turns":2.0},{"damage":7.0,"enemies":"Large Slime","floor":7.0,"turns":4.0},{"damage":14.0,"enemies":"Lagavulin","floor":8.0,"turns":6.0},{"damage":4.0,"enemies":"3 Sentries","floor":10.0,"turns":4.0},{"damage":0.0,"enemies":"3 Louse","floor":11.0,"turns":2.0},{"damage":8.0,"enemies":"Gremlin Nob","floor":13.0,"turns":3.0},{"damage":10.0,"enemies":"Slime Boss","floor":16.0,"turns":6.0},{"damage":12.0,"enemies":"Chosen","floor":18.0,"turns":3.0},{"damage":1.0,"enemies":"Spheric Guardian","floor":20.0,"turns":3.0},{"damage":17.0,"enemies":"Snecko","floor":21.0,"turns":4.0},{"damage":4.0,"enemies":"Book of Stabbing","floor":23.0,"turns":5.0},{"damage":14.0,"enemies":"Shelled Parasite and Fungi","floor":27.0,"turns":7.0},{"damage":4.0,"enemies":"Colosseum Slavers","floor":28.0,"turns":3.0},{"damage":24.0,"enemies":"Colosseum Nobs","floor":28.0,"turns":5.0},{"damage":8.0,"enemies":"Snake Plant","floor":30.0,"turns":4.0},{"damage":6.0,"enemies":"Gremlin Leader","floor":31.0,"turns":6.0},{"damage":0.0,"enemies":"Collector","floor":33.0,"turns":9.0},{"damage":10.0,"enemies":"3 Darklings","floor":35.0,"turns":5.0},{"damage":0.0,"enemies":"Mind Bloom Boss Battle","floor":36.0,"turns":8.0},{"damage":0.0,"enemies":"Nemesis","floor":40.0,"turns":7.0},{"damage":0.0,"enemies":"Reptomancer","floor":42.0,"turns":6.0},{"damage":0.0,"enemies":"3 Shapes","floor":45.0,"turns":4.0},{"damage":0.0,"enemies":"Nemesis","floor":46.0,"turns":7.0},{"damage":0.0,"enemies":"Time Eater","floor":50.0,"turns":5.0},{"damage":0.0,"enemies":"Donu and Deca","floor":51.0,"turns":7.0},{"damage":28.0,"enemies":"Shield and Spear","floor":55.0,"turns":12.0},{"damage":62,"enemies":"The Heart","floor":56,"turns":6}],"seed_played":"2166662934657638924","potions_obtained":[{"floor":1.0,"key":"GamblersBrew"},{"floor":10.0,"key":"SkillPotion"},{"floor":13.0,"key":"Strength Potion"},{"floor":18.0,"key":"Explosive Potion"},{"floor":21.0,"key":"Swift Potion"},{"floor":23.0,"key":"Strength Potion"},{"floor":28.0,"key":"Strength Potion"},{"floor":30.0,"key":"FocusPotion"},{"floor":42.0,"key":"Block Potion"},{"floor":45.0,"key":"FairyPotion"},{"floor":46.0,"key":"Regen Potion"}],"is_trial":false,"path_per_floor":["M","?","M","M","$","R","M","E","T","E","M","R","E","?","R","B",null,"M","?","M","M","?","E","R","$","T","M","?","R","M","E","R","B",null,"M","?","?","?","?","E","R","E","T","$","M","E","R","$","R","B","B",null,"R","$","E","B"],"character_chosen":"DEFECT","items_purchased":["Defragment","Membership Card","Omamori","PowerPotion","Dead Branch","Kunai","Frozen Eye","Dexterity Potion"],"campfire_rested":7,"item_purchase_floors":[5,25,25,44,44,48,54,54],"current_hp_per_floor":[52,52,45,41,41,41,34,20,20,16,16,37,29,29,29,19,58,46,46,45,28,28,24,45,45,45,31,3,39,31,25,61,61,69,59,59,59,59,49,49,49,49,49,49,49,49,71,71,71,71,71,71,71,71,43,0],"gold":49,"neow_bonus":"TRANSFORM_CARD","is_prod":false,"is_daily":false,"chose_seed":false,"campfire_upgraded":2,"win_rate":0,"timestamp":1551587554,"path_taken":["M","?","?","M","$","R","M","E","T","E","M","R","E","?","R","BOSS","M","?","M","?","?","E","R","$","T","M","?","R","M","E","R","BOSS","M","?","?","?","?","E","R","E","T","$","M","E","R","$","R","BOSS","BOSS","R","$","E","BOSS"],"build_version":"2019-02-06","purchased_purges":4,"victory":false,"max_hp_per_floor":[71,71,71,71,71,71,71,71,71,71,71,71,71,71,71,71,71,71,71,71,71,71,71,71,71,71,71,71,71,71,71,71,71,71,71,71,71,71,71,71,71,71,71,71,71,71,71,71,71,71,71,71,71,71,71,71],"card_choices":[{"not_picked":["Reprogram","Redo"],"picked":"Sweeping Beam","floor":1.0},{"not_picked":["Gash","Lockon"],"picked":"Compile Driver","floor":3.0},{"not_picked":["Streamline","Sweeping Beam"],"picked":"Core Surge","floor":4.0},{"not_picked":["Lockon","Static Discharge"],"picked":"Sweeping Beam","floor":7.0},{"not_picked":["Blizzard","Doom and Gloom"],"picked":"Defragment","floor":8.0},{"not_picked":["Go for the Eyes","Sunder"],"picked":"Ball Lightning","floor":10.0},{"not_picked":["Sweeping Beam","Fusion","Storm"],"picked":"SKIP","floor":11.0},{"not_picked":["Sweeping Beam","Fusion"],"picked":"Storm","floor":11.0},{"not_picked":["Rebound","Hologram"],"picked":"Ball Lightning","floor":13.0},{"not_picked":["Core Surge","Seek"],"picked":"Amplify","floor":16.0},{"not_picked":["Compile Driver","Streamline"],"picked":"Undo","floor":18.0},{"not_picked":["Beam Cell+1","Compile Driver"],"picked":"Leap","floor":20.0},{"not_picked":["Rip and Tear","Coolheaded"],"picked":"Leap+1","floor":21.0},{"not_picked":["Beam Cell+1","Coolheaded"],"picked":"Conserve Battery","floor":23.0},{"not_picked":["Stack","Hologram"],"picked":"Echo Form","floor":27.0},{"not_picked":["Defragment","Beam Cell"],"picked":"Loop+1","floor":28.0},{"not_picked":["Rebound","Beam Cell"],"picked":"Cold Snap","floor":30.0},{"not_picked":["Fusion","Redo","Blizzard"],"picked":"SKIP","floor":31.0},{"not_picked":["Hyperbeam","Meteor Strike"],"picked":"Reboot","floor":33.0},{"not_picked":["Rip and Tear","Melter+1"],"picked":"Cold Snap","floor":35.0},{"not_picked":["Redo","Rebound+1"],"picked":"Cold Snap+1","floor":36.0},{"not_picked":["Madness","Forethought"],"picked":"Master of Strategy","floor":39.0},{"not_picked":["Cold Snap","Rebound"],"picked":"Hologram","floor":40.0},{"not_picked":["Sweeping Beam","Turbo"],"picked":"Conserve Battery","floor":42.0},{"not_picked":["Doom and Gloom+1","Consume+1"],"picked":"Recycle","floor":45.0},{"not_picked":["Undo+1","Reinforced Body"],"picked":"Multi-Cast","floor":46.0},{"not_picked":["Rebound","Static Discharge+1","Consume"],"picked":"SKIP","floor":55.0}],"player_experience":1036655,"relics_obtained":[{"floor":8.0,"key":"Potion Belt"},{"floor":9.0,"key":"Anchor"},{"floor":10.0,"key":"Sundial"},{"floor":13.0,"key":"MawBank"},{"floor":23.0,"key":"Bottled Tornado"},{"floor":26.0,"key":"Regal Pillow"},{"floor":28.0,"key":"FossilizedHelix"},{"floor":28.0,"key":"Darkstone Periapt"},{"floor":31.0,"key":"WingedGreaves"},{"floor":36.0,"key":"Pocketwatch"},{"floor":42.0,"key":"Centennial Puzzle"},{"floor":46.0,"key":"Letter Opener"},{"floor":55.0,"key":"Nunchaku"}],"event_choices":[{"damage_healed":0.0,"max_hp_gain":0.0,"max_hp_loss":0.0,"gold_gain":0.0,"event_name":"Accursed Blacksmith","player_choice":"Rummage","floor":2.0,"gold_loss":0.0,"damage_taken":0.0,"relics_obtained":["WarpedTongs"],"cards_obtained":["Pain"]},{"damage_healed":0.0,"max_hp_gain":0.0,"max_hp_loss":0.0,"gold_gain":0.0,"event_name":"Living Wall","player_choice":"Grow","floor":14.0,"gold_loss":0.0,"damage_taken":0.0,"cards_upgraded":["Defragment"]},{"damage_healed":0.0,"max_hp_gain":0.0,"max_hp_loss":0.0,"gold_gain":100.0,"event_name":"The Joust","player_choice":"Bet on Murderer","floor":19.0,"gold_loss":50.0,"damage_taken":0.0},{"damage_healed":0.0,"max_hp_gain":0.0,"max_hp_loss":0.0,"gold_gain":0.0,"event_name":"The Library","player_choice":"Read","floor":22.0,"gold_loss":0.0,"damage_taken":0.0,"cards_obtained":["Glacier"]},{"damage_healed":0.0,"max_hp_gain":0.0,"max_hp_loss":0.0,"gold_gain":0.0,"event_name":"Colosseum","player_choice":"Fight","floor":28.0,"gold_loss":0.0,"damage_taken":0.0},{"damage_healed":0.0,"max_hp_gain":0.0,"max_hp_loss":0.0,"gold_gain":0.0,"event_name":"Colosseum","player_choice":"Fought Nobs","floor":28.0,"gold_loss":0.0,"damage_taken":0.0},{"damage_healed":0.0,"max_hp_gain":0.0,"max_hp_loss":0.0,"gold_gain":0.0,"event_name":"MindBloom","player_choice":"Fight","floor":36.0,"gold_loss":0.0,"damage_taken":0.0},{"damage_healed":0.0,"max_hp_gain":0.0,"max_hp_loss":0.0,"gold_gain":0.0,"event_name":"Tomb of Lord Red Mask","player_choice":"Ignored","floor":37.0,"gold_loss":0.0,"damage_taken":0.0},{"cards_removed":["Storm"],"damage_healed":0.0,"max_hp_gain":0.0,"max_hp_loss":0.0,"gold_gain":0.0,"event_name":"Falling","player_choice":"Removed Power","floor":38.0,"gold_loss":0.0,"damage_taken":0.0},{"damage_healed":0.0,"max_hp_gain":0.0,"max_hp_loss":0.0,"gold_gain":0.0,"event_name":"SensoryStone","player_choice":"Memory 3","floor":39.0,"gold_loss":0.0,"damage_taken":10.0}],"is_beta":true,"boss_relics":[{"not_picked":["Sozu","Runic Dome"],"picked":"Velvet Choker"},{"not_picked":["Runic Pyramid","Philosopher\u0027s Stone"],"picked":"Fusion Hammer"}],"items_purged_floors":[5,25,44,48],"is_endless":false,"potions_floor_spawned":[1,10,13,18,21,23,28,30,42,45,46],"killed_by":"The Heart","ascension_level":20}