{"gold_per_floor":[210,226,240,17,31,31,65,77,89,101,138,161,183,208,220,334,346,372,484,595,607,95,129,139,152,227,46,46,56,56,67,67,169,169,189,189,200,210,17,17,32,32,32,32,67,67,78,78,78,78],"floor_reached":50,"playtime":3911,"items_purged":["Strike_G","Strike_G"],"score":657,"play_id":"c54a0f44-83ea-48e6-80ae-eed3a4fb2107","local_time":"20181109154256","is_ascension_mode":true,"campfire_choices":[{"data":"Neutralize","floor":6,"key":"SMITH"},{"data":"A Thousand Cuts","floor":8,"key":"SMITH"},{"data":"Dash","floor":10,"key":"SMITH"},{"data":"Night Terror","floor":15,"key":"SMITH"},{"floor":28,"key":"REST"},{"floor":32,"key":"REST"},{"floor":40,"key":"REST"},{"data":"Adrenaline","floor":42,"key":"SMITH"},{"floor":44,"key":"REST"},{"floor":49,"key":"REST"}],"neow_cost":"NONE","seed_source_timestamp":691366938917,"circlet_count":0,"master_deck":["Defend_G","Defend_G","Defend_G","Defend_G","Defend_G","Survivor","Neutralize+1","Dagger Throw","All Out Attack","After Image+1","Dash+1","A Thousand Cuts+1","Flying Knee","Backflip","Acrobatics","Night Terror+1","Storm of Steel","Backstab","Reflex+1","Predator","Flying Knee","Escape Plan","Dodge and Roll","Adrenaline+1","Backflip","Terror","Bite","Bite","Bite","Bite","Bite","All Out Attack+1","Storm of Steel","Blur","Backstab+1","Infinite Blades+1","Dash","Beam Cell+1","Cloak And Dagger+1"],"relics":["Ring of the Serpent","Happy Flower","MawBank","Oddly Smooth Stone","Letter Opener","Sozu","The Specimen","Darkstone Periapt","The Courier","Matryoshka","Gremlin Horn","Tiny Chest","Strawberry","Boot","Bottled Tornado","PrismaticShard","Mercury Hourglass","Bag of Marbles","Dream Catcher"],"potions_floor_usage":[5,16,16,19],"damage_taken":[{"damage":7,"enemies":"2 Louse","floor":1,"turns":3},{"damage":0,"enemies":"Small Slimes","floor":2,"turns":4},{"damage":0,"enemies":"Jaw Worm","floor":3,"turns":3},{"damage":0,"enemies":"Red Slaver","floor":5,"turns":4},{"damage":7,"enemies":"3 Sentries","floor":7,"turns":10},{"damage":0,"enemies":"Lagavulin","floor":11,"turns":6},{"damage":6,"enemies":"Gremlin Gang","floor":12,"turns":3},{"damage":0,"enemies":"Looter","floor":13,"turns":3},{"damage":7,"enemies":"Blue Slaver","floor":14,"turns":3},{"damage":24,"enemies":"Hexaghost","floor":16,"turns":10},{"damage":0,"enemies":"Chosen","floor":18,"turns":5},{"damage":10,"enemies":"Colosseum Slavers","floor":19,"turns":3},{"damage":36,"enemies":"Colosseum Nobs","floor":19,"turns":6},{"damage":10,"enemies":"Book of Stabbing","floor":23,"turns":7},{"damage":10,"enemies":"Spheric Guardian","floor":24,"turns":4},{"damage":9,"enemies":"Snecko","floor":25,"turns":5},{"damage":0,"enemies":"Snake Plant","floor":29,"turns":3},{"damage":16,"enemies":"Cultist and Chosen","floor":31,"turns":5},{"damage":26,"enemies":"Automaton","floor":33,"turns":10},{"damage":29,"enemies":"3 Darklings","floor":35,"turns":3},{"damage":10,"enemies":"3 Shapes","floor":37,"turns":3},{"damage":19,"enemies":"Writhing Mass","floor":38,"turns":6},{"damage":5,"enemies":"Sphere and 2 Shapes","floor":41,"turns":3},{"damage":27,"enemies":"Giant Head","floor":45,"turns":7},{"damage":8,"enemies":"Spire Growth","floor":47,"turns":3},{"damage":50,"enemies":"Time Eater","floor":50,"turns":10}],"seed_played":"6106272464238503620","potions_obtained":[{"floor":2,"key":"SkillPotion"},{"floor":5,"key":"FearPotion"},{"floor":13,"key":"LiquidBronze"},{"floor":14,"key":"Fire Potion"}],"is_trial":false,"path_per_floor":["M","M","M","$","M","R","E","R","T","R","E","M","M","M","R","B",null,"M","?","?","?","$","E","M","M","T","$","R","M","?","M","R","B",null,"M","?","M","M","$","R","M","R","T","R","E","?","M","$","R","B"],"character_chosen":"THE_SILENT","items_purchased":["Happy Flower","Matryoshka","Gremlin Horn","Predator","Tiny Chest","Adrenaline","Backflip","PrismaticShard","Dash"],"campfire_rested":5,"item_purchase_floors":[4,22,22,22,22,27,27,39,39],"current_hp_per_floor":[63,63,63,63,63,63,56,56,56,56,56,50,50,43,43,19,70,70,24,24,24,24,21,11,2,2,2,25,25,25,13,28,26,53,24,24,20,9,9,24,23,23,23,38,23,23,23,23,38,0],"gold":78,"neow_bonus":"HUNDRED_GOLD","is_prod":false,"is_daily":false,"chose_seed":false,"campfire_upgraded":5,"win_rate":0,"timestamp":1541796176,"path_taken":["M","M","M","$","M","R","E","R","T","R","E","M","M","M","R","BOSS","M","?","?","?","$","E","M","M","T","$","R","M","?","M","R","BOSS","M","?","?","?","$","R","?","R","T","R","E","?","M","$","R","BOSS"],"build_version":"2018-11-08","purchased_purges":2,"victory":false,"max_hp_per_floor":[70,70,70,70,70,70,70,70,70,70,70,70,70,70,70,70,70,70,70,70,70,70,77,77,77,77,77,77,77,53,53,53,53,53,53,53,53,53,53,53,53,53,53,53,53,53,53,53,53,53],"card_choices":[{"not_picked":["Deadly Poison","Deflect"],"picked":"Dagger Throw","floor":1},{"not_picked":["Bane","Dagger Throw"],"picked":"All Out Attack","floor":2},{"not_picked":["Eviscerate","Dagger Throw"],"picked":"After Image","floor":3},{"not_picked":["Dagger Throw","Dagger Spray"],"picked":"Dash","floor":5},{"not_picked":["Slice","Deflect"],"picked":"A Thousand Cuts","floor":7},{"not_picked":["Calculated Gamble","All Out Attack"],"picked":"Flying Knee","floor":11},{"not_picked":["Flying Knee","Outmaneuver"],"picked":"Backflip","floor":12},{"not_picked":["Prepared","Setup"],"picked":"Acrobatics","floor":13},{"not_picked":["Dagger Throw","Outmaneuver"],"picked":"Night Terror","floor":14},{"not_picked":["Venomology","Unload"],"picked":"Storm of Steel","floor":16},{"not_picked":["Riddle With Holes","Tactician"],"picked":"Backstab","floor":18},{"not_picked":["Tactician+1","Heel Hook"],"picked":"Reflex+1","floor":19},{"not_picked":["PiercingWail","Outmaneuver"],"picked":"Flying Knee","floor":23},{"not_picked":["Sucker Punch","PiercingWail"],"picked":"Escape Plan","floor":24},{"not_picked":["Choke","Slice"],"picked":"Dodge and Roll","floor":25},{"not_picked":["Prepared","Dagger Throw+1"],"picked":"Terror","floor":29},{"not_picked":["Calculated Gamble","Terror"],"picked":"All Out Attack+1","floor":31},{"not_picked":["Wraith Form v2","Envenom"],"picked":"Storm of Steel","floor":33},{"not_picked":["Deadly Poison","Dash"],"picked":"Blur","floor":35},{"not_picked":["Dagger Throw+1","Dagger Spray+1"],"picked":"Backstab+1","floor":37},{"not_picked":["Flying Knee+1","Deadly Poison"],"picked":"Infinite Blades+1","floor":38},{"not_picked":["Deflect","Rupture"],"picked":"Beam Cell+1","floor":41},{"not_picked":["Defragment+1","Thunderclap","Thunder Strike"],"picked":"SKIP","floor":45},{"not_picked":["Compile Driver+1","Darkness+1","Chill"],"picked":"SKIP","floor":47},{"not_picked":["Deadly Poison","Deep Breath+1"],"picked":"Cloak And Dagger+1","floor":49}],"player_experience":108325,"relics_obtained":[{"floor":7,"key":"MawBank"},{"floor":9,"key":"Oddly Smooth Stone"},{"floor":11,"key":"Letter Opener"},{"floor":19,"key":"The Specimen"},{"floor":19,"key":"Darkstone Periapt"},{"floor":23,"key":"Strawberry"},{"floor":26,"key":"Boot"},{"floor":26,"key":"Bottled Tornado"},{"floor":43,"key":"Mercury Hourglass"},{"floor":43,"key":"Bag of Marbles"},{"floor":45,"key":"Dream Catcher"}],"event_choices":[{"damage_healed":0,"gold_gain":0,"player_choice":"Fight","damage_taken":0,"max_hp_gain":0,"max_hp_loss":0,"event_name":"Colosseum","floor":19,"gold_loss":0},{"damage_healed":0,"gold_gain":0,"player_choice":"Fought Nobs","damage_taken":0,"max_hp_gain":0,"max_hp_loss":0,"event_name":"Colosseum","floor":19,"gold_loss":0},{"damage_healed":0,"gold_gain":99,"player_choice":"Stole From Cult","damage_taken":0,"max_hp_gain":0,"max_hp_loss":0,"event_name":"Nest","floor":20,"gold_loss":0},{"damage_healed":0,"gold_gain":0,"player_choice":"Opened","damage_taken":0,"relics_obtained":["The Courier"],"max_hp_gain":0,"max_hp_loss":0,"event_name":"The Mausoleum","floor":21,"gold_loss":0},{"damage_healed":0,"gold_gain":0,"player_choice":"Became a vampire","damage_taken":0,"max_hp_gain":0,"max_hp_loss":24,"event_name":"Vampires","floor":30,"gold_loss":0,"cards_obtained":["Bite","Bite","Bite","Bite","Bite"]},{"damage_healed":0,"gold_gain":0,"player_choice":"Upgraded","damage_taken":0,"max_hp_gain":0,"max_hp_loss":0,"event_name":"Upgrade Shrine","floor":36,"gold_loss":0,"cards_upgraded":["After Image"]},{"damage_healed":0,"gold_gain":0,"player_choice":"Ignored","damage_taken":0,"max_hp_gain":0,"max_hp_loss":0,"event_name":"Mysterious Sphere","floor":46,"gold_loss":0}],"is_beta":true,"boss_relics":[{"not_picked":["Black Star","Snecko Eye"],"picked":"Sozu"},{"not_picked":["Fusion Hammer","White Beast Statue"],"picked":"Ring of the Serpent"}],"items_purged_floors":[4,27],"is_endless":false,"potions_floor_spawned":[2,5,13,14,18,19,19,29,31,35,41,45,47],"killed_by":"Time Eater","ascension_level":2}