{"gold_per_floor":[114,114,133,133,105,105,134,144,223,223,249,266,266,284,284,355,355,369,369,369,394,414,414,425,425,471,471,396,396],"floor_reached":29,"playtime":791,"items_purged":[],"score":512,"play_id":"59d429dd-d647-4723-a1c9-4710d01ec647","local_time":"20190218220458","is_ascension_mode":true,"campfire_choices":[{"data":"Armaments","floor":6.0,"key":"SMITH"},{"data":"Bash","floor":10.0,"key":"SMITH"},{"data":"Pommel Strike","floor":15,"key":"SMITH"},{"floor":23,"key":"REST"},{"data":"Dual Wield","floor":25,"key":"SMITH"}],"neow_cost":"NONE","seed_source_timestamp":447574192455767,"circlet_count":0,"master_deck":["AscendersBane","Strike_R","Strike_R","Strike_R","Strike_R","Defend_R","Defend_R","Defend_R","Defend_R","Bash+1","Perfected Strike","Armaments+1","Cleave","Dual Wield+1","Pommel Strike+1","Intimidate","Clothesline","Perfected Strike"],"special_seed":0,"relics":["Burning Blood","NeowsBlessing","Pen Nib","Mercury Hourglass","Omamori","Snecko Eye","Mummified Hand","Red Mask","Vajra","Nilry\u0027s Codex"],"potions_floor_usage":[11,14,21,29,29],"damage_taken":[{"damage":0.0,"enemies":"Small Slimes","floor":1.0,"turns":1.0},{"damage":0.0,"enemies":"Cultist","floor":3.0,"turns":1.0},{"damage":0.0,"enemies":"Lagavulin","floor":7.0,"turns":1.0},{"damage":2.0,"enemies":"Jaw Worm","floor":8.0,"turns":4.0},{"damage":8,"enemies":"Gremlin Nob","floor":11,"turns":3},{"damage":6,"enemies":"Looter","floor":12,"turns":3},{"damage":7,"enemies":"Exordium Wildlife","floor":14,"turns":6},{"damage":39,"enemies":"The Guardian","floor":16,"turns":9},{"damage":24,"enemies":"Shell Parasite","floor":18,"turns":4},{"damage":10,"enemies":"Masked Bandits","floor":21,"turns":3},{"damage":11,"enemies":"Spheric Guardian","floor":22,"turns":3},{"damage":8,"enemies":"Snecko","floor":24,"turns":3},{"damage":24,"enemies":"Book of Stabbing","floor":29,"turns":2}],"seed_played":"4786876542109384767","potions_obtained":[{"floor":1.0,"key":"FearPotion"},{"floor":12,"key":"SkillPotion"},{"floor":14,"key":"LiquidBronze"},{"floor":16,"key":"LiquidBronze"},{"floor":22,"key":"Fruit Juice"}],"is_trial":false,"path_per_floor":["M","?","M","$","$","R","E","M","T","R","E","M","?","M","R","B",null,"M","?","?","?","M","R","M","R","T","?","?","E"],"character_chosen":"IRONCLAD","items_purchased":["Cleave"],"campfire_rested":1,"item_purchase_floors":[5],"current_hp_per_floor":[74,63,69,69,69,69,75,75,75,75,73,73,73,72,72,39,66,48,27,27,23,18,42,40,40,40,19,19,0],"gold":396,"neow_bonus":"THREE_ENEMY_KILL","is_prod":false,"is_daily":false,"chose_seed":false,"campfire_upgraded":4,"win_rate":0,"timestamp":1550545498,"path_taken":["M","?","M","?","$","R","E","M","T","R","E","?","?","M","R","BOSS","M","?","?","?","?","R","M","R","T","?","?","E"],"build_version":"2019-02-06","purchased_purges":0,"victory":false,"max_hp_per_floor":[75,75,75,75,75,75,75,75,75,75,75,75,75,75,75,75,75,75,80,80,80,80,80,80,80,80,80,80,85],"card_choices":[{"not_picked":["Dropkick","Flex"],"picked":"Perfected Strike","floor":1.0},{"not_picked":["Havoc","Spot Weakness"],"picked":"Armaments","floor":3.0},{"not_picked":["Second Wind","Wild Strike"],"picked":"Cleave","floor":7.0},{"not_picked":["Twin Strike","Warcry"],"picked":"Dual Wield","floor":8.0},{"not_picked":["Anger","Dual Wield"],"picked":"Pommel Strike","floor":11},{"not_picked":["Anger","Flex","Second Wind"],"picked":"SKIP","floor":12},{"not_picked":["Reckless Charge","Warcry"],"picked":"Intimidate","floor":14},{"not_picked":["Inflame","Twin Strike"],"picked":"Clothesline","floor":18},{"not_picked":["Thunderclap","Armaments"],"picked":"Perfected Strike","floor":22},{"not_picked":["Cleave","Reckless Charge","Headbutt"],"picked":"SKIP","floor":24}],"player_experience":945952,"relics_obtained":[{"floor":7.0,"key":"Pen Nib"},{"floor":9.0,"key":"Mercury Hourglass"},{"floor":11,"key":"Omamori"},{"floor":21,"key":"Red Mask"},{"floor":26,"key":"Vajra"},{"floor":27,"key":"Nilry\u0027s Codex"}],"event_choices":[{"damage_healed":0.0,"max_hp_gain":0.0,"max_hp_loss":0.0,"gold_gain":0.0,"event_name":"Wheel of Change","player_choice":"Damaged","floor":2.0,"gold_loss":0.0,"damage_taken":11.0},{"cards_removed":["Strike_R"],"damage_healed":0,"gold_gain":0,"player_choice":"Offered Basic","damage_taken":0,"max_hp_gain":0,"max_hp_loss":0,"event_name":"Bonfire Elementals","floor":13,"gold_loss":0},{"damage_healed":0,"gold_gain":0,"player_choice":"Shed Blood","damage_taken":26,"max_hp_gain":5,"max_hp_loss":0,"event_name":"Forgotten Altar","floor":19,"gold_loss":0},{"damage_healed":0,"gold_gain":0,"player_choice":"Opened","damage_taken":0,"relics_obtained":["Mummified Hand"],"max_hp_gain":0,"max_hp_loss":0,"event_name":"The Mausoleum","floor":20,"gold_loss":0,"cards_obtained":["Writhe"]},{"damage_healed":0,"gold_gain":0,"player_choice":"Fought Bandits","damage_taken":0,"max_hp_gain":0,"max_hp_loss":0,"event_name":"Masked Bandits","floor":21,"gold_loss":0},{"damage_healed":0,"gold_gain":0,"player_choice":"Obtained Book","damage_taken":21,"max_hp_gain":0,"max_hp_loss":0,"event_name":"Cursed Tome","floor":27,"gold_loss":0},{"cards_removed":["Cleave"],"damage_healed":0,"gold_gain":0,"player_choice":"Gave Gold","damage_taken":0,"max_hp_gain":0,"max_hp_loss":0,"event_name":"Beggar","floor":28,"gold_loss":75}],"is_beta":true,"boss_relics":[{"not_picked":["Empty Cage","Lizard Tail"],"picked":"Snecko Eye"}],"items_purged_floors":[],"is_endless":false,"potions_floor_spawned":[1,12,14,16,22],"killed_by":"Book of Stabbing","ascension_level":20}