{"gold_per_floor":[109,109,184,207,147,147,166,46,46,80,80,118,118,137,137,137],"floor_reached":16,"playtime":580,"items_purged":[],"score":216,"play_id":"583ebee0-2b8e-47cb-b92f-369ad10ec57f","local_time":"20180922134901","is_ascension_mode":true,"campfire_choices":[{"data":"Bash","floor":6.0,"key":"SMITH"},{"data":"True Grit","floor":11.0,"key":"SMITH"},{"data":"1","floor":15.0,"key":"LIFT"}],"neow_cost":"NONE","seed_source_timestamp":795212877656924,"circlet_count":0,"master_deck":["Strike_R","Strike_R","Strike_R","Strike_R","Strike_R","Defend_R","Defend_R","Defend_R","Defend_R","Bash+1","AscendersBane","Metallicize","True Grit+1","Armaments","Shrug It Off","Second Wind","Thunderclap","Wild Strike"],"special_seed":0,"relics":["Burning Blood","Centennial Puzzle","Golden Idol","Vajra","Bottled Tornado","Girya"],"potions_floor_usage":[16],"damage_taken":[{"damage":0.0,"enemies":"2 Louse","floor":1.0,"turns":4.0},{"damage":6.0,"enemies":"Jaw Worm","floor":4.0,"turns":5.0},{"damage":2.0,"enemies":"Small Slimes","floor":7.0,"turns":5.0},{"damage":6.0,"enemies":"Gremlin Nob","floor":10.0,"turns":3.0},{"damage":6.0,"enemies":"Lagavulin","floor":12.0,"turns":8.0},{"damage":16.0,"enemies":"Exordium Thugs","floor":14.0,"turns":5.0},{"damage":24,"enemies":"Slime Boss","floor":16,"turns":7}],"seed_played":"9181557288474477435","potions_obtained":[{"floor":10.0,"key":"AttackPotion"},{"floor":14.0,"key":"Weak Potion"}],"is_trial":false,"path_per_floor":["M","?","?","M","$","R","M","$","T","E","R","E","$","M","R"],"character_chosen":"IRONCLAD","items_purchased":["AttackPotion","Shrug It Off","AttackPotion"],"campfire_rested":0,"item_purchase_floors":[5,8,8],"current_hp_per_floor":[74,48,37,37,37,37,41,41,41,41,41,41,41,31,31,7],"gold":137,"neow_bonus":"RANDOM_COMMON_RELIC","is_prod":false,"is_daily":false,"chose_seed":false,"campfire_upgraded":2,"win_rate":0,"timestamp":1537638541,"path_taken":["M","?","?","M","?","R","M","?","T","E","R","E","?","M","R","BOSS"],"build_version":"2018-09-20","purchased_purges":0,"victory":false,"max_hp_per_floor":[75,75,75,75,75,75,75,75,75,75,75,75,75,75,75,75],"card_choices":[{"not_picked":["Cleave","Headbutt"],"picked":"Metallicize","floor":1.0},{"not_picked":["Seeing Red","Wild Strike"],"picked":"True Grit","floor":4.0},{"not_picked":["Corruption","Inflame"],"picked":"Armaments","floor":7.0},{"not_picked":["Sever Soul","Heavy Blade"],"picked":"Second Wind","floor":10.0},{"not_picked":["Cleave","Ghostly Armor"],"picked":"Thunderclap","floor":12.0},{"not_picked":["Warcry","Shockwave"],"picked":"Wild Strike","floor":14.0}],"player_experience":896384,"relics_obtained":[{"floor":9.0,"key":"Vajra"},{"floor":10.0,"key":"Bottled Tornado"},{"floor":12.0,"key":"Girya"}],"event_choices":[{"event_name":"Golden Idol","player_choice":"Take Damage","floor":2.0,"damage_taken":0.0},{"event_name":"World of Goop","player_choice":"Gather Gold","floor":3.0,"damage_taken":0.0}],"is_beta":false,"boss_relics":[],"items_purged_floors":[],"is_endless":false,"potions_floor_spawned":[10,14],"killed_by":"Slime Boss","ascension_level":20}