{"gold_per_floor":[113,113,63,82,96,96,96,96,121,133,178,210,222,234,246,387,399,425,562,574,586,598],"floor_reached":22,"playtime":869,"items_purged":[],"score":198,"play_id":"1ca757e7-4d47-485e-a3ad-f6cc0eae5656","local_time":"20181124131516","is_ascension_mode":true,"campfire_choices":[{"data":"Echo Form","floor":6,"key":"SMITH"},{"floor":8,"key":"REST"},{"floor":15,"key":"REST"}],"neow_cost":"NONE","seed_source_timestamp":215589560118674,"circlet_count":0,"master_deck":["Strike_B","Strike_B","Defend_B","Defend_B","Defend_B","Defend_B","Zap","Dualcast","Echo Form+1","Loop","Undo","White Noise","Redo","Sunder","Electrodynamics","BootSequence","Coolheaded"],"relics":["Cracked Core","Matryoshka","Bloody Idol","MawBank","PreservedInsect","Dodecahedron","Cursed Key","Cables","Ginger"],"potions_floor_usage":[19],"damage_taken":[{"damage":0,"enemies":"Small Slimes","floor":1,"turns":3},{"damage":7,"enemies":"Jaw Worm","floor":4,"turns":3},{"damage":13,"enemies":"2 Louse","floor":5,"turns":3},{"damage":21,"enemies":"Gremlin Nob","floor":11,"turns":4},{"damage":0,"enemies":"Looter","floor":12,"turns":3},{"damage":35,"enemies":"Slime Boss","floor":16,"turns":7},{"damage":2,"enemies":"Chosen","floor":18,"turns":4},{"damage":25,"enemies":"Colosseum Slavers","floor":19,"turns":3},{"damage":44,"enemies":"Colosseum Nobs","floor":19,"turns":4},{"damage":15,"enemies":"Shell Parasite","floor":22,"turns":7}],"seed_played":"5814756859917491036","potions_obtained":[{"floor":1,"key":"Ancient Potion"},{"floor":11,"key":"Poison Potion"},{"floor":12,"key":"SpeedPotion"},{"floor":18,"key":"FocusPotion"}],"is_trial":false,"path_per_floor":["M","?","?","M","M","R","?","R","T","$","E","M","$","?","R","B",null,"M","?","?","$","M"],"character_chosen":"DEFECT","items_purchased":[],"campfire_rested":2,"item_purchase_floors":[],"current_hp_per_floor":[75,63,63,56,43,43,25,47,47,47,26,26,26,26,48,13,75,73,4,4,9,0],"gold":598,"neow_bonus":"ONE_RANDOM_RARE_CARD","is_prod":false,"is_daily":false,"chose_seed":false,"campfire_upgraded":1,"win_rate":0,"timestamp":1543083316,"path_taken":["M","?","?","M","?","R","?","R","T","$","E","M","$","?","R","BOSS","M","?","?","?","M"],"build_version":"2018-11-15","purchased_purges":0,"victory":false,"max_hp_per_floor":[75,75,75,75,75,75,75,75,75,75,75,75,75,75,75,75,75,75,75,75,75,75],"card_choices":[{"not_picked":["Blizzard","Scrape"],"picked":"Loop","floor":1},{"not_picked":["Compile Driver","Gash"],"picked":"Undo","floor":4},{"not_picked":["BootSequence","Go for the Eyes"],"picked":"White Noise","floor":5},{"not_picked":["Beam Cell","Go for the Eyes"],"picked":"Redo","floor":11},{"not_picked":["Rip and Tear","Gash","Beam Cell"],"picked":"SKIP","floor":12},{"not_picked":["Echo Form","Seek"],"picked":"Electrodynamics","floor":16},{"not_picked":["Stack","Melter"],"picked":"BootSequence","floor":18},{"not_picked":["Sweeping Beam","Leap"],"picked":"Coolheaded","floor":19}],"player_experience":139306,"relics_obtained":[{"floor":9,"key":"MawBank"},{"floor":9,"key":"PreservedInsect"},{"floor":11,"key":"Dodecahedron"},{"floor":19,"key":"Cables"},{"floor":19,"key":"Ginger"}],"event_choices":[{"damage_healed":0,"gold_gain":0,"player_choice":"Success","damage_taken":12,"relics_obtained":["Matryoshka"],"max_hp_gain":0,"max_hp_loss":0,"event_name":"Scrap Ooze","floor":2,"gold_loss":0},{"cards_removed":["Strike_B"],"damage_healed":0,"gold_gain":0,"player_choice":"Card Removal","damage_taken":0,"max_hp_gain":0,"max_hp_loss":0,"event_name":"The Cleric","floor":3,"gold_loss":50},{"damage_healed":0,"gold_gain":0,"player_choice":"Take Damage","damage_taken":18,"relics_obtained":["Golden Idol"],"max_hp_gain":0,"max_hp_loss":0,"event_name":"Golden Idol","floor":7,"gold_loss":0},{"damage_healed":0,"gold_gain":0,"cards_transformed":["Strike_B"],"player_choice":"Change","damage_taken":0,"max_hp_gain":0,"max_hp_loss":0,"event_name":"Living Wall","floor":14,"gold_loss":0,"cards_obtained":["Sunder"]},{"damage_healed":0,"gold_gain":0,"player_choice":"Fight","damage_taken":0,"max_hp_gain":0,"max_hp_loss":0,"event_name":"Colosseum","floor":19,"gold_loss":0},{"damage_healed":0,"gold_gain":0,"player_choice":"Fought Nobs","damage_taken":0,"max_hp_gain":0,"max_hp_loss":0,"event_name":"Colosseum","floor":19,"gold_loss":0},{"damage_healed":0,"gold_gain":0,"player_choice":"Gave Idol","damage_taken":0,"relics_obtained":["Bloody Idol"],"max_hp_gain":0,"max_hp_loss":0,"event_name":"Forgotten Altar","floor":20,"relics_lost":["Golden Idol"],"gold_loss":0}],"is_beta":true,"boss_relics":[{"not_picked":["Snecko Eye","Eternal Feather"],"picked":"Cursed Key"}],"items_purged_floors":[],"is_endless":false,"potions_floor_spawned":[1,11,12,18],"killed_by":"Shell Parasite","ascension_level":2}