{"gold_per_floor":[115,115,135,135,154,154,164,164,164,196,196,227,227,262,262,355,355,373,298,298,298],"floor_reached":21,"playtime":677,"items_purged":[],"score":390,"play_id":"5931799c-5af1-4b15-89c8-06a87c2763ea","local_time":"20190228212217","is_ascension_mode":true,"campfire_choices":[{"data":"Bash","floor":6,"key":"SMITH"},{"floor":11,"key":"REST"},{"data":"Inflame","floor":15,"key":"SMITH"}],"neow_cost":"NONE","seed_source_timestamp":519431933863127,"circlet_count":0,"master_deck":["AscendersBane","Strike_R","Strike_R","Strike_R","Strike_R","Strike_R","Defend_R","Defend_R","Defend_R","Defend_R","Bash+1","Fiend Fire","Pommel Strike","Inflame+1","Thunderclap","Anger","Offering+1","Pommel Strike","Dark Embrace","Decay","Decay","Armaments+1","Iron Wave+1"],"relics":["Burning Blood","Sundial","Boot","Toxic Egg 2","Bag of Preparation","Peace Pipe","Golden Idol","Mercury Hourglass","Calling Bell","Ancient Tea Set","Self Forming Clay","Prayer Wheel"],"potions_floor_usage":[12,12,18],"damage_taken":[{"damage":4,"enemies":"Small Slimes","floor":1,"turns":3},{"damage":1,"enemies":"Cultist","floor":3,"turns":3},{"damage":0,"enemies":"2 Louse","floor":5,"turns":3},{"damage":21,"enemies":"Exordium Wildlife","floor":7,"turns":5},{"damage":35,"enemies":"3 Sentries","floor":10,"turns":6},{"damage":14,"enemies":"Lagavulin","floor":12,"turns":5},{"damage":14,"enemies":"Gremlin Nob","floor":14,"turns":3},{"damage":41,"enemies":"Hexaghost","floor":16,"turns":6},{"damage":28,"enemies":"Chosen","floor":18,"turns":4},{"damage":32,"enemies":"Colosseum Slavers","floor":20,"turns":5},{"damage":0,"enemies":"Shell Parasite","floor":21,"turns":1}],"seed_played":"9083926357307863863","potions_obtained":[{"floor":3,"key":"FearPotion"},{"floor":10,"key":"Block Potion"},{"floor":12,"key":"Block Potion"},{"floor":16,"key":"LiquidBronze"}],"is_trial":false,"path_per_floor":["M","?","M","?","M","R","M","T","T","E","R","E","?","E","R","B",null,"M","?","?","M"],"character_chosen":"IRONCLAD","items_purchased":[],"campfire_rested":1,"item_purchase_floors":[],"current_hp_per_floor":[70,70,75,80,80,80,65,65,65,36,60,52,52,44,44,9,56,34,34,8,8],"gold":298,"neow_bonus":"ONE_RANDOM_RARE_CARD","is_prod":false,"is_daily":false,"chose_seed":false,"campfire_upgraded":2,"win_rate":0,"timestamp":1551406937,"path_taken":["M","?","?","?","M","R","M","?","T","E","R","E","?","E","R","BOSS","M","?","?","M"],"build_version":"2019-02-06","purchased_purges":0,"victory":false,"max_hp_per_floor":[75,75,75,80,80,80,80,80,80,80,80,80,72,72,72,72,72,72,72,72,72],"card_choices":[{"not_picked":["Havoc","Corruption"],"picked":"Pommel Strike","floor":1},{"not_picked":["Metallicize","Ghostly Armor"],"picked":"Inflame","floor":3},{"not_picked":["Havoc","Flex"],"picked":"Thunderclap","floor":5},{"not_picked":["Thunderclap","Blood for Blood"],"picked":"Anger","floor":7},{"not_picked":["Warcry+1","Havoc+1"],"picked":"Offering+1","floor":10},{"not_picked":["Havoc+1","Iron Wave"],"picked":"Pommel Strike","floor":12},{"not_picked":["Pommel Strike","Blood for Blood","Sword Boomerang"],"picked":"SKIP","floor":14},{"not_picked":["Berserk","Bludgeon"],"picked":"Dark Embrace","floor":16},{"not_picked":["Perfected Strike","Clothesline"],"picked":"Armaments+1","floor":18},{"not_picked":["Whirlwind","Twin Strike"],"picked":"Iron Wave+1","floor":18}],"player_experience":1009956,"relics_obtained":[{"floor":2,"key":"Sundial"},{"floor":8,"key":"Boot"},{"floor":9,"key":"Toxic Egg 2"},{"floor":10,"key":"Bag of Preparation"},{"floor":12,"key":"Peace Pipe"},{"floor":14,"key":"Mercury Hourglass"},{"floor":17,"key":"Ancient Tea Set"},{"floor":17,"key":"Self Forming Clay"},{"floor":17,"key":"Prayer Wheel"}],"event_choices":[{"damage_healed":0,"gold_gain":0,"player_choice":"Relic","damage_taken":0,"max_hp_gain":0,"max_hp_loss":0,"event_name":"Wheel of Change","floor":2,"gold_loss":0},{"damage_healed":0,"gold_gain":0,"player_choice":"Donut","damage_taken":0,"max_hp_gain":5,"max_hp_loss":0,"event_name":"Big Fish","floor":4,"gold_loss":0},{"damage_healed":0,"gold_gain":0,"player_choice":"Lose Max HP","damage_taken":0,"relics_obtained":["Golden Idol"],"max_hp_gain":0,"max_hp_loss":8,"event_name":"Golden Idol","floor":13,"gold_loss":0},{"cards_removed":["Writhe"],"damage_healed":0,"gold_gain":0,"player_choice":"Gave Gold","damage_taken":0,"max_hp_gain":0,"max_hp_loss":0,"event_name":"Beggar","floor":19,"gold_loss":75},{"damage_healed":0,"gold_gain":0,"player_choice":"Fight","damage_taken":0,"max_hp_gain":0,"max_hp_loss":0,"event_name":"Colosseum","floor":20,"gold_loss":0},{"damage_healed":0,"gold_gain":0,"player_choice":"Fled From Nobs","damage_taken":0,"max_hp_gain":0,"max_hp_loss":0,"event_name":"Colosseum","floor":20,"gold_loss":0}],"is_beta":true,"boss_relics":[{"not_picked":["Coffee Dripper","Mark of Pain"],"picked":"Calling Bell"}],"items_purged_floors":[],"is_endless":false,"potions_floor_spawned":[3,10,12,16],"killed_by":"Shell Parasite","ascension_level":20}