{"gold_per_floor":[18,37,55,55,55,70,70,87,87,87,87,119,119,136,136,213,213,230,246,246,266,281,314,314,264,289,289,323,323,52,52,52,125,125,145,145,145,161,436,436],"floor_reached":40,"playtime":2155,"items_purged":["Dualcast","Defend_B"],"score":834,"play_id":"83b5445f-b50b-4b65-961b-1af704e8e067","local_time":"20190315074237","is_ascension_mode":true,"campfire_choices":[{"data":"1","floor":7,"key":"LIFT"},{"data":"2","floor":10,"key":"LIFT"},{"floor":13,"key":"REST"},{"data":"3","floor":15,"key":"LIFT"},{"floor":24,"key":"REST"},{"data":"Glacier","floor":27,"key":"SMITH"},{"data":"Defend_B","floor":29,"key":"PURGE"},{"data":"Coolheaded","floor":32,"key":"SMITH"}],"neow_cost":"NO_GOLD","seed_source_timestamp":100190147417388,"circlet_count":0,"master_deck":["AscendersBane","Defend_B","Defend_B","Rebound","Cold Snap","Streamline","Glacier+1","Beam Cell","Gash","Electrodynamics","All For One","Streamline","Gash","Bite","Bite","Bite","Bite","Bite","Steam","Gash","Coolheaded+1","Steam","Gash","Machine Learning","Hologram","Regret"],"relics":["Cracked Core","Girya","Peace Pipe","Cables","Bottled Lightning","Nuclear Battery","Smiling Mask","Strawberry","Ice Cream","Ancient Tea Set","Fusion Hammer"],"potions_floor_usage":[6,18,21,23,28,28,40],"damage_taken":[{"damage":0,"enemies":"2 Louse","floor":1,"turns":1},{"damage":10,"enemies":"Small Slimes","floor":2,"turns":3},{"damage":2,"enemies":"Jaw Worm","floor":3,"turns":4},{"damage":15,"enemies":"Exordium Thugs","floor":6,"turns":4},{"damage":0,"enemies":"Large Slime","floor":8,"turns":5},{"damage":2,"enemies":"Lagavulin","floor":12,"turns":7},{"damage":0,"enemies":"Blue Slaver","floor":14,"turns":3},{"damage":5,"enemies":"The Guardian","floor":16,"turns":12},{"damage":0,"enemies":"3 Byrds","floor":18,"turns":3},{"damage":2,"enemies":"Spheric Guardian","floor":19,"turns":3},{"damage":18,"enemies":"Snake Plant","floor":21,"turns":3},{"damage":11,"enemies":"Cultist and Chosen","floor":22,"turns":4},{"damage":25,"enemies":"Book of Stabbing","floor":23,"turns":5},{"damage":6,"enemies":"Slavers","floor":28,"turns":6},{"damage":51,"enemies":"Champ","floor":33,"turns":7},{"damage":9,"enemies":"3 Shapes","floor":35,"turns":5},{"damage":15,"enemies":"Orb Walker","floor":38,"turns":4},{"damage":41,"enemies":"Nemesis","floor":40,"turns":3}],"seed_played":"-2937632947760252696","potions_obtained":[{"floor":2,"key":"FearPotion"},{"floor":8,"key":"SneckoOil"},{"floor":12,"key":"LiquidBronze"},{"floor":14,"key":"PowerPotion"},{"floor":18,"key":"Energy Potion"},{"floor":22,"key":"Weak Potion"},{"floor":23,"key":"SpeedPotion"},{"floor":35,"key":"FocusPotion"}],"is_trial":false,"path_per_floor":["M","M","M","?","?","M","R","M","T","R","?","E","R","M","R","B",null,"M","M","?","M","M","E","R","$","T","R","E","R","$","?","R","B",null,"M","?","?","M","?","E"],"character_chosen":"DEFECT","items_purchased":["Ancient Tea Set","Steam"],"campfire_rested":2,"item_purchase_floors":[30,30],"current_hp_per_floor":[64,54,52,41,34,19,19,19,19,19,19,17,38,38,38,33,62,62,60,49,35,32,13,27,27,34,34,38,38,38,38,38,1,42,39,39,39,32,32,0],"gold":436,"neow_bonus":"ONE_RARE_RELIC","is_prod":false,"is_daily":false,"chose_seed":false,"campfire_upgraded":2,"win_rate":0,"timestamp":1552650157,"path_taken":["M","M","M","?","?","M","R","M","T","R","?","E","R","M","R","BOSS","M","M","?","M","M","E","R","?","T","R","E","R","$","?","R","BOSS","M","?","?","?","?","E"],"build_version":"2019-02-06","purchased_purges":2,"victory":false,"max_hp_per_floor":[71,71,71,71,71,71,71,71,71,71,71,71,71,71,71,71,71,71,71,49,49,49,49,49,49,56,56,56,56,56,56,56,56,56,56,56,56,56,56,56],"card_choices":[{"not_picked":["Compile Driver","Darkness"],"picked":"Rebound","floor":1},{"not_picked":["Coolheaded","Compile Driver"],"picked":"Cold Snap","floor":2},{"not_picked":["Compile Driver","Reprogram"],"picked":"Streamline","floor":3},{"not_picked":["Leap","Stack"],"picked":"Glacier","floor":6},{"not_picked":["Recycle","Skim"],"picked":"Beam Cell","floor":8},{"not_picked":["Auto Shields","Coolheaded"],"picked":"Gash","floor":12},{"not_picked":["Force Field","Turbo"],"picked":"Electrodynamics","floor":14},{"not_picked":["Reboot","Rainbow"],"picked":"All For One","floor":16},{"not_picked":["Chill","Static Discharge"],"picked":"Streamline","floor":18},{"not_picked":["Fusion","Genetic Algorithm+1"],"picked":"Gash","floor":19},{"not_picked":["Cold Snap","Fusion"],"picked":"Steam","floor":21},{"not_picked":["Conserve Battery","Steam+1"],"picked":"Gash","floor":22},{"not_picked":["Streamline","Coolheaded+1","Biased Cognition"],"picked":"SKIP","floor":23},{"not_picked":["Rebound+1","Leap"],"picked":"Coolheaded","floor":28},{"not_picked":["Electrodynamics","Multi-Cast"],"picked":"Machine Learning","floor":33},{"not_picked":["Reinforced Body","Turbo+1"],"picked":"Go for the Eyes","floor":35},{"not_picked":["Conserve Battery+1","Gash+1"],"picked":"Hologram","floor":38}],"player_experience":517326,"relics_obtained":[{"floor":9,"key":"Cables"},{"floor":12,"key":"Bottled Lightning"},{"floor":23,"key":"Smiling Mask"},{"floor":26,"key":"Strawberry"},{"floor":28,"key":"Ice Cream"}],"event_choices":[{"damage_healed":0,"gold_gain":0,"player_choice":"Success","damage_taken":11,"relics_obtained":["Peace Pipe"],"max_hp_gain":0,"max_hp_loss":0,"event_name":"Scrap Ooze","floor":4,"gold_loss":0},{"cards_removed":["Zap"],"damage_healed":0,"gold_gain":0,"player_choice":"Card Removal","damage_taken":7,"max_hp_gain":0,"max_hp_loss":0,"event_name":"Golden Wing","floor":5,"gold_loss":0},{"damage_healed":0,"gold_gain":0,"player_choice":"Ignored","damage_taken":0,"max_hp_gain":0,"max_hp_loss":0,"event_name":"Shining Light","floor":11,"gold_loss":0},{"damage_healed":0,"gold_gain":0,"player_choice":"Became a vampire","damage_taken":0,"max_hp_gain":0,"max_hp_loss":22,"event_name":"Vampires","floor":20,"gold_loss":0,"cards_obtained":["Bite","Bite","Bite","Bite","Bite"]},{"damage_healed":0,"gold_gain":0,"player_choice":"Read","damage_taken":0,"max_hp_gain":0,"max_hp_loss":0,"event_name":"The Library","floor":31,"gold_loss":0,"cards_obtained":["Gash"]},{"damage_healed":0,"gold_gain":0,"player_choice":"Ignored","damage_taken":0,"max_hp_gain":0,"max_hp_loss":0,"event_name":"Mysterious Sphere","floor":36,"gold_loss":0},{"cards_removed":["Go for the Eyes"],"damage_healed":0,"gold_gain":0,"player_choice":"Removed Attack","damage_taken":0,"max_hp_gain":0,"max_hp_loss":0,"event_name":"Falling","floor":37,"gold_loss":0},{"damage_healed":0,"gold_gain":275,"player_choice":"Desecrate","damage_taken":0,"max_hp_gain":0,"max_hp_loss":0,"event_name":"Golden Shrine","floor":39,"gold_loss":0,"cards_obtained":["Regret"]}],"is_beta":true,"boss_relics":[{"not_picked":["White Beast Statue","Snecko Eye"],"picked":"Nuclear Battery"},{"not_picked":["Runic Dome","Calling Bell"],"picked":"Fusion Hammer"}],"items_purged_floors":[25,30],"is_endless":false,"potions_floor_spawned":[2,8,12,14,16,18,19,22,23,35],"killed_by":"Nemesis","ascension_level":17}