{"gold_per_floor":[110,110,128,78,78,109,109,142,142,160,160,160,172,192,192,288,288,303,31,43,57,108,120,148,160],"floor_reached":25,"playtime":977,"items_purged":["Strike_B"],"score":250,"play_id":"c0b980ed-aa48-4163-93a6-6dbbeba91ee5","local_time":"20181110144059","is_ascension_mode":true,"campfire_choices":[{"data":"Sunder","floor":7,"key":"SMITH"},{"data":"Defragment","floor":11,"key":"SMITH"},{"data":"Genetic Algorithm","floor":15,"key":"SMITH"},{"data":"Hologram","floor":23,"key":"SMITH"}],"neow_cost":"NONE","seed_source_timestamp":140620302732,"circlet_count":0,"master_deck":["Strike_B+1","Defend_B","Defend_B+1","Defend_B","Defend_B","Zap","Dualcast","Sunder+1","Defragment+1","Hologram+1","Fusion","Ball Lightning","Leap","Genetic Algorithm+1","Core Surge","Cold Snap+1","Storm","Chaos+1","Storm"],"relics":["Cracked Core","NeowsBlessing","Pear","Ornamental Fan","Coffee Dripper","Runic Capacitor","MawBank"],"potions_floor_usage":[13,16,16],"damage_taken":[{"damage":0,"enemies":"2 Louse","floor":1,"turns":1},{"damage":0,"enemies":"Cultist","floor":3,"turns":1},{"damage":0,"enemies":"Gremlin Nob","floor":6,"turns":1},{"damage":29,"enemies":"3 Sentries","floor":8,"turns":6},{"damage":8,"enemies":"Small Slimes","floor":10,"turns":2},{"damage":5,"enemies":"Looter","floor":13,"turns":2},{"damage":0,"enemies":"Large Slime","floor":14,"turns":4},{"damage":17,"enemies":"The Guardian","floor":16,"turns":9},{"damage":20,"enemies":"Spheric Guardian","floor":18,"turns":4},{"damage":6,"enemies":"3 Byrds","floor":20,"turns":4},{"damage":29,"enemies":"Snake Plant","floor":21,"turns":5},{"damage":9,"enemies":"Snecko","floor":24,"turns":4},{"damage":24,"enemies":"Gremlin Leader","floor":25,"turns":4}],"seed_played":"4166309497078013912","potions_obtained":[{"floor":1,"key":"Energy Potion"},{"floor":6,"key":"FearPotion"},{"floor":10,"key":"SkillPotion"},{"floor":12,"key":"AttackPotion"},{"floor":13,"key":"Swift Potion"},{"floor":21,"key":"Ancient Potion"},{"floor":24,"key":"LiquidBronze"}],"is_trial":false,"path_per_floor":["M","?","M","?","?","E","R","E","T","M","R","?","M","M","R","B",null,"M","$","M","M","T","R","M","E"],"character_chosen":"DEFECT","items_purchased":["Runic Capacitor"],"campfire_rested":0,"item_purchase_floors":[19],"current_hp_per_floor":[75,75,75,75,60,70,70,41,41,33,33,33,28,28,28,11,85,65,65,59,30,30,30,21,0],"gold":160,"neow_bonus":"THREE_ENEMY_KILL","is_prod":false,"is_daily":false,"chose_seed":false,"campfire_upgraded":4,"win_rate":0,"timestamp":1541878859,"path_taken":["M","?","?","?","?","E","R","E","T","M","R","?","M","M","R","BOSS","M","$","M","M","?","R","M","E"],"build_version":"2018-11-08","purchased_purges":1,"victory":false,"max_hp_per_floor":[75,75,75,75,75,85,85,85,85,85,85,85,85,85,85,85,85,85,85,85,85,85,85,85,85],"card_choices":[{"not_picked":["Doom and Gloom","Reprogram"],"picked":"Sunder","floor":1},{"not_picked":["Go for the Eyes","Turbo"],"picked":"Defragment","floor":3},{"not_picked":["Biased Cognition","Steam"],"picked":"Hologram","floor":6},{"not_picked":["Steam","Cold Snap"],"picked":"Fusion","floor":8},{"not_picked":["Turbo","Cold Snap"],"picked":"Ball Lightning","floor":10},{"not_picked":["Lockon","Cold Snap"],"picked":"Leap","floor":13},{"not_picked":["Skim","Force Field"],"picked":"Genetic Algorithm","floor":14},{"not_picked":["Reboot","Multi-Cast"],"picked":"Core Surge","floor":16},{"not_picked":["Redo","Streamline"],"picked":"Cold Snap+1","floor":18},{"not_picked":["Cold Snap","Beam Cell"],"picked":"Storm","floor":20},{"not_picked":["Sunder","Stack"],"picked":"Chaos+1","floor":21},{"not_picked":["Rebound+1","Compile Driver+1"],"picked":"Storm","floor":24}],"player_experience":124017,"relics_obtained":[{"floor":6,"key":"Pear"},{"floor":8,"key":"Ornamental Fan"},{"floor":22,"key":"MawBank"}],"event_choices":[{"cards_removed":["Strike_B"],"damage_healed":0,"gold_gain":0,"player_choice":"Offered Basic","damage_taken":0,"max_hp_gain":0,"max_hp_loss":0,"event_name":"Bonfire Elementals","floor":2,"gold_loss":0},{"cards_removed":["Strike_B"],"damage_healed":0,"gold_gain":0,"player_choice":"Card Removal","damage_taken":0,"max_hp_gain":0,"max_hp_loss":0,"event_name":"The Cleric","floor":4,"gold_loss":50},{"damage_healed":0,"gold_gain":0,"player_choice":"Entered Light","damage_taken":15,"max_hp_gain":0,"max_hp_loss":0,"event_name":"Shining Light","floor":5,"gold_loss":0,"cards_upgraded":["Defend_B","Strike_B"]},{"damage_healed":0,"gold_gain":0,"player_choice":"Got Potions","damage_taken":0,"max_hp_gain":0,"max_hp_loss":0,"event_name":"Lab","floor":12,"gold_loss":0}],"is_beta":true,"boss_relics":[{"not_picked":["Nuclear Battery","Eternal Feather"],"picked":"Coffee Dripper"}],"items_purged_floors":[19],"is_endless":false,"potions_floor_spawned":[1,6,10,13,21,24],"killed_by":"Gremlin Leader","ascension_level":1}