{"gold_per_floor":[109,127,52,71,89,89,100,429,478,478,497,48,59,76,76,76],"floor_reached":16,"playtime":665,"items_purged":["Strike_B"],"score":186,"play_id":"f384a910-486c-4ef9-8460-a5f3e8379147","local_time":"20190308004422","is_ascension_mode":true,"campfire_choices":[{"data":"Zap","floor":6,"key":"SMITH"},{"floor":15,"key":"REST"}],"neow_cost":"NONE","seed_source_timestamp":172364566772208,"circlet_count":0,"master_deck":["AscendersBane","Strike_B","Strike_B","Strike_B","Defend_B","Defend_B","Defend_B","Defend_B","Zap+1","Dualcast","Leap","Scrape+1","Capacitor","Sunder","Coolheaded","Gash","Core Surge","Defragment","Cold Snap","Streamline","Hologram","Creative AI"],"relics":["Cracked Core","Strawberry","Old Coin","Dream Catcher","Membership Card","Kunai","Omamori"],"potions_floor_usage":[4,8,8,14],"damage_taken":[{"damage":1,"enemies":"Cultist","floor":1,"turns":3},{"damage":0,"enemies":"Small Slimes","floor":2,"turns":3},{"damage":4,"enemies":"Jaw Worm","floor":4,"turns":3},{"damage":7,"enemies":"Looter","floor":5,"turns":3},{"damage":0,"enemies":"Large Slime","floor":7,"turns":4},{"damage":28,"enemies":"Gremlin Nob","floor":8,"turns":4},{"damage":13,"enemies":"Blue Slaver","floor":11,"turns":2},{"damage":6,"enemies":"3 Louse","floor":13,"turns":3},{"damage":7,"enemies":"Lots of Slimes","floor":14,"turns":3},{"damage":32,"enemies":"The Guardian","floor":16,"turns":9}],"seed_played":"6781339786349855541","potions_obtained":[{"floor":1,"key":"Swift Potion"},{"floor":2,"key":"Weak Potion"},{"floor":7,"key":"AttackPotion"},{"floor":13,"key":"SkillPotion"}],"is_trial":false,"path_per_floor":["M","M","$","M","M","R","M","E","T","?","M","$","M","M","R","B"],"character_chosen":"DEFECT","items_purchased":["Membership Card","Kunai","Defragment","Cold Snap","Omamori"],"campfire_rested":1,"item_purchase_floors":[12,12,12,12,12],"current_hp_per_floor":[70,70,70,66,59,59,59,31,31,31,18,18,12,5,28,0],"gold":76,"neow_bonus":"RANDOM_COMMON_RELIC","is_prod":false,"is_daily":false,"chose_seed":false,"campfire_upgraded":1,"win_rate":0,"timestamp":1552023862,"path_taken":["M","M","?","M","M","R","?","E","T","?","M","$","?","M","R","BOSS"],"build_version":"2019-02-06","purchased_purges":1,"victory":false,"max_hp_per_floor":[78,78,78,78,78,78,78,78,78,78,78,78,78,78,78,78],"card_choices":[{"not_picked":["Scrape","Coolheaded"],"picked":"Leap","floor":1},{"not_picked":["Barrage","Force Field"],"picked":"Scrape","floor":2},{"not_picked":["Sweeping Beam","Melter"],"picked":"Capacitor","floor":4},{"not_picked":["Barrage","Hologram"],"picked":"Sunder","floor":5},{"not_picked":["Genetic Algorithm","Chaos"],"picked":"Coolheaded","floor":7},{"not_picked":["Tempest","Coolheaded"],"picked":"Gash","floor":8},{"not_picked":["Doom and Gloom","Leap"],"picked":"Core Surge","floor":11},{"not_picked":["Leap","Conserve Battery"],"picked":"Streamline","floor":13},{"not_picked":["Hello World","Skim"],"picked":"Hologram","floor":14},{"not_picked":["Force Field","Recycle"],"picked":"Creative AI","floor":15}],"player_experience":446563,"relics_obtained":[{"floor":8,"key":"Old Coin"},{"floor":9,"key":"Dream Catcher"}],"event_choices":[{"damage_healed":0,"gold_gain":0,"player_choice":"Upgraded","damage_taken":0,"max_hp_gain":0,"max_hp_loss":0,"event_name":"Upgrade Shrine","floor":10,"gold_loss":0,"cards_upgraded":["Scrape"]}],"is_beta":true,"boss_relics":[],"items_purged_floors":[3],"is_endless":false,"potions_floor_spawned":[1,2,7,13],"killed_by":"The Guardian","ascension_level":15}