{"gold_per_floor":[119,194,5,305,338,338,444,444,444,444,507,151,212,281,281,382,432,471,471,746,225,202,202,202,267,294,306,363,375],"floor_reached":29,"playtime":1706,"items_purged":["Strike_G","Regret"],"score":463,"play_id":"1427653d-d5bc-4845-a6b2-6abfa6694ce3","local_time":"20190314132547","is_ascension_mode":true,"campfire_choices":[{"data":"HandOfGreed","floor":6,"key":"SMITH"},{"floor":8,"key":"REST"},{"data":"Cloak And Dagger","floor":15,"key":"SMITH"},{"data":"Burst","floor":23,"key":"SMITH"},{"data":"Ghostly","floor":27,"key":"SMITH"}],"neow_cost":"NONE","seed_source_timestamp":34828439283194,"circlet_count":0,"master_deck":["AscendersBane","Defend_G","Defend_G","Defend_G","Defend_G","Defend_G","Strike_G","Strike_G","Strike_G","Strike_G","Survivor","Neutralize","Poisoned Stab","HandOfGreed+1","Quick Slash","Dodge and Roll","Prepared+1","Cloak And Dagger+1","Quick Slash","Adrenaline","Quick Slash","Ghostly+1","Ghostly","Ghostly","Ghostly","Burst+1","Footwork","Backflip","Backflip"],"relics":["Ring of the Snake","Regal Pillow","Old Coin","Vajra","Sundial","Kunai","Tiny House","DollysMirror","Paper Crane","MawBank"],"potions_floor_usage":[7,16,16,22,28],"damage_taken":[{"damage":1,"enemies":"2 Louse","floor":1,"turns":3},{"damage":0,"enemies":"Jaw Worm","floor":5,"turns":4},{"damage":22,"enemies":"3 Sentries","floor":7,"turns":8},{"damage":1,"enemies":"Small Slimes","floor":11,"turns":6},{"damage":0,"enemies":"2 Fungi Beasts","floor":13,"turns":5},{"damage":3,"enemies":"3 Louse","floor":14,"turns":5},{"damage":30,"enemies":"Hexaghost","floor":16,"turns":11},{"damage":15,"enemies":"Spheric Guardian","floor":18,"turns":6},{"damage":1,"enemies":"2 Thieves","floor":22,"turns":5},{"damage":18,"enemies":"Shelled Parasite and Fungi","floor":25,"turns":8},{"damage":7,"enemies":"Snake Plant","floor":28,"turns":9},{"damage":19,"enemies":"Slavers","floor":29,"turns":8}],"seed_played":"2597844262177505004","potions_obtained":[{"floor":1,"key":"SteroidPotion"},{"floor":5,"key":"FearPotion"},{"floor":13,"key":"SteroidPotion"},{"floor":17,"key":"Explosive Potion"},{"floor":22,"key":"LiquidBronze"},{"floor":25,"key":"Block Potion"}],"is_trial":false,"path_per_floor":["M","?","$","?","M","R","E","R","T","?","M","$","M","M","R","B",null,"M","?","?","$","M","R","T","M","T","R","M","E"],"character_chosen":"THE_SILENT","items_purchased":["HandOfGreed","Kunai","DollysMirror","Burst","Footwork"],"campfire_rested":1,"item_purchase_floors":[3,12,21,21,21],"current_hp_per_floor":[58,47,47,42,42,42,20,54,54,59,58,58,58,55,55,25,65,50,38,38,38,37,37,37,19,19,19,12,0],"gold":375,"neow_bonus":"RANDOM_COMMON_RELIC","is_prod":false,"is_daily":false,"chose_seed":false,"campfire_upgraded":4,"win_rate":0,"timestamp":1552584347,"path_taken":["M","?","$","?","M","R","E","R","T","?","M","$","M","M","R","BOSS","M","?","?","$","?","R","?","M","T","R","M","E"],"build_version":"2019-02-06","purchased_purges":2,"victory":false,"max_hp_per_floor":[66,66,66,66,66,66,66,66,66,71,71,71,71,71,71,71,76,76,38,38,38,38,38,38,38,38,38,38,38],"card_choices":[{"not_picked":["Finisher","Expertise"],"picked":"Poisoned Stab","floor":1},{"not_picked":["Dagger Throw","Eviscerate"],"picked":"Quick Slash","floor":5},{"not_picked":["Skewer","Corpse Explosion"],"picked":"Dodge and Roll","floor":7},{"not_picked":["Eviscerate","Dagger Throw"],"picked":"Prepared","floor":11},{"not_picked":["Slice","Backflip"],"picked":"Cloak And Dagger","floor":13},{"not_picked":["Flying Knee","Acrobatics"],"picked":"Quick Slash","floor":14},{"not_picked":["Corpse Explosion","Storm of Steel"],"picked":"Adrenaline","floor":16},{"not_picked":["Underhanded Strike","Distraction"],"picked":"Quick Slash","floor":18},{"not_picked":["Poisoned Stab","Dodge and Roll","Choke"],"picked":"SKIP","floor":22},{"not_picked":["Backstab","Finisher+1"],"picked":"Backflip","floor":25},{"not_picked":["Tools of the Trade","Poisoned Stab"],"picked":"Backflip","floor":28}],"player_experience":505532,"relics_obtained":[{"floor":7,"key":"Vajra"},{"floor":9,"key":"Sundial"},{"floor":24,"key":"Paper Crane"},{"floor":26,"key":"MawBank"}],"event_choices":[{"damage_healed":0,"gold_gain":75,"player_choice":"Gather Gold","damage_taken":11,"max_hp_gain":0,"max_hp_loss":0,"event_name":"World of Goop","floor":2,"gold_loss":0},{"damage_healed":0,"gold_gain":0,"player_choice":"Success","damage_taken":5,"relics_obtained":["Old Coin"],"max_hp_gain":0,"max_hp_loss":0,"event_name":"Scrap Ooze","floor":4,"gold_loss":0},{"damage_healed":0,"gold_gain":0,"player_choice":"Donut","damage_taken":0,"max_hp_gain":5,"max_hp_loss":0,"event_name":"Big Fish","floor":10,"gold_loss":0},{"damage_healed":0,"gold_gain":0,"player_choice":"Became a Ghost","damage_taken":0,"max_hp_gain":0,"max_hp_loss":38,"event_name":"Ghosts","floor":19,"gold_loss":0,"cards_obtained":["Ghostly","Ghostly","Ghostly"]},{"damage_healed":0,"gold_gain":275,"player_choice":"Desecrate","damage_taken":0,"max_hp_gain":0,"max_hp_loss":0,"event_name":"Golden Shrine","floor":20,"gold_loss":0,"cards_obtained":["Regret"]}],"is_beta":true,"boss_relics":[{"not_picked":["HoveringKite","Snecko Eye"],"picked":"Tiny House"}],"items_purged_floors":[12,21],"is_endless":false,"potions_floor_spawned":[1,5,13,22,25],"killed_by":"Slavers","ascension_level":17}