{"gold_per_floor":[218,218,293,139,154,182,6,26,26,44,97,97,117,135,135,212,212,223,35,54,54,54,85,85,112,164,164,198,198,248,24,24,101,151,169,169,169,181,181,181,181,181,235,235,253,288,288,20,20,20],"floor_reached":51,"playtime":4787,"items_purged":["Strike_B","Scrape"],"score":1390,"play_id":"47baa3f3-ab69-4090-8def-2ff2984c95c1","local_time":"20190103103349","is_ascension_mode":true,"campfire_choices":[{"floor":12.0,"key":"REST"},{"data":"Zap","floor":15.0,"key":"SMITH"},{"data":"Apotheosis","floor":24.0,"key":"SMITH"},{"data":"Seek","floor":27.0,"key":"SMITH"},{"data":"Creative AI","floor":29.0,"key":"SMITH"},{"data":"Hologram","floor":32.0,"key":"SMITH"},{"data":"Double Energy","floor":40.0,"key":"SMITH"},{"data":"Storm","floor":44.0,"key":"SMITH"},{"data":"Echo Form","floor":47.0,"key":"SMITH"},{"data":"Skim","floor":49.0,"key":"SMITH"}],"neow_cost":"NONE","seed_source_timestamp":0,"circlet_count":0,"master_deck":["AscendersBane","Zap+1","Dualcast","Hologram+1","White Noise","Self Repair","Coolheaded","Amplify","Leap","FTL","Seek+1","Skim+1","Compile Driver+1","Creative AI+1","Buffer","Ball Lightning","Steam","Apotheosis+1","Ghostly","Ghostly","Ghostly","Ghostly","Ghostly","Glacier","Compile Driver","Storm+1","Echo Form+1","Go for the Eyes+1","Double Energy+1","Coolheaded+1","Seek+1","Force Field"],"special_seed":0,"relics":["Cracked Core","Orichalcum","Mercury Hourglass","Symbiotic Virus","Omamori","Pandora\u0027s Box","Bottled Flame","Ornamental Fan","PreservedInsect","Juzu Bracelet","Regal Pillow","Bag of Preparation","Tiny House","The Courier","Blue Candle","Lantern","Art of War","DollysMirror"],"potions_floor_usage":[],"damage_taken":[{"damage":8.0,"enemies":"Small Slimes","floor":1.0,"turns":4.0},{"damage":3.0,"enemies":"2 Louse","floor":5.0,"turns":3.0},{"damage":46.0,"enemies":"Lagavulin","floor":6.0,"turns":8.0},{"damage":2.0,"enemies":"Jaw Worm","floor":8.0,"turns":5.0},{"damage":5.0,"enemies":"2 Fungi Beasts","floor":10.0,"turns":3.0},{"damage":5.0,"enemies":"Blue Slaver","floor":13.0,"turns":3.0},{"damage":7.0,"enemies":"Large Slime","floor":14.0,"turns":3.0},{"damage":24.0,"enemies":"Slime Boss","floor":16.0,"turns":11.0},{"damage":11.0,"enemies":"Spheric Guardian","floor":18.0,"turns":4.0},{"damage":13.0,"enemies":"2 Thieves","floor":20.0,"turns":3.0},{"damage":0.0,"enemies":"Book of Stabbing","floor":23.0,"turns":5.0},{"damage":0.0,"enemies":"Slavers","floor":25.0,"turns":4.0},{"damage":0.0,"enemies":"Gremlin Leader","floor":28.0,"turns":6.0},{"damage":0.0,"enemies":"Automaton","floor":33.0,"turns":9.0},{"damage":0.0,"enemies":"3 Darklings","floor":35.0,"turns":3.0},{"damage":0.0,"enemies":"3 Shapes","floor":38.0,"turns":4.0},{"damage":0.0,"enemies":"Sphere and 2 Shapes","floor":45.0,"turns":4.0},{"damage":0.0,"enemies":"Nemesis","floor":46.0,"turns":9.0},{"damage":20,"enemies":"Donu and Deca","floor":50,"turns":7}],"seed_played":"3744250485322299721","potions_obtained":[{"floor":1.0,"key":"Ancient Potion"},{"floor":5.0,"key":"Dexterity Potion"},{"floor":16.0,"key":"Block Potion"},{"floor":23.0,"key":"PowerPotion"},{"floor":34.0,"key":"Regen Potion"},{"floor":45.0,"key":"SmokeBomb"}],"is_trial":false,"path_per_floor":["M","?","?","$","M","E","$","M","T","M","T","R","M","M","R","B",null,"M","$","M","?","?","E","R","E","T","R","E","E","R","T","$","R","B",null,"M","?","?","M","?","R","?","T","T","R","M","E","R","$","R","B",null],"character_chosen":"DEFECT","items_purchased":["Orichalcum","Self Repair","Coolheaded","Apotheosis","Storm","Bag of Preparation","DollysMirror","Force Field"],"campfire_rested":1,"item_purchase_floors":[4,7,7,19,31,31,48,48],"current_hp_per_floor":[60,65,54,54,51,5,5,10,10,12,12,36,45,45,45,28,67,63,63,70,70,40,40,40,40,40,40,40,40,40,40,40,40,45,45,45,45,45,41,41,41,41,41,41,45,45,45,45,45,25],"gold":20,"neow_bonus":"HUNDRED_GOLD","is_prod":false,"is_daily":false,"chose_seed":false,"campfire_upgraded":9,"win_rate":0,"timestamp":1546529629,"path_taken":["M","?","?","$","M","E","$","M","T","M","?","R","M","M","R","BOSS","M","$","M","?","?","E","R","E","T","R","E","R","?","?","R","BOSS","M","?","?","M","?","R","?","?","T","R","M","E","R","$","R","BOSS"],"build_version":"2018-12-20","purchased_purges":2,"victory":true,"max_hp_per_floor":[75,80,80,80,80,80,80,80,80,80,80,80,80,80,80,80,80,80,80,80,80,40,40,40,40,40,40,40,40,40,40,40,40,45,45,45,45,45,45,45,45,45,45,45,45,45,45,45,45,45],"card_choices":[{"not_picked":["Barrage","Go for the Eyes"],"picked":"Hologram","floor":1.0},{"not_picked":["Sweeping Beam","Undo"],"picked":"White Noise","floor":5.0},{"not_picked":["Sweeping Beam","Turbo","Beam Cell"],"picked":"SKIP","floor":6.0},{"not_picked":["Streamline","Stack","Steam Power"],"picked":"SKIP","floor":8.0},{"not_picked":["Steam","Gash"],"picked":"Amplify","floor":10.0},{"not_picked":["Stack","Streamline"],"picked":"Leap","floor":13.0},{"not_picked":["Sweeping Beam","Auto Shields"],"picked":"FTL","floor":14.0},{"not_picked":["Amplify","All For One"],"picked":"Seek","floor":16.0},{"not_picked":["Barrage","Double Energy"],"picked":"Steam","floor":18.0},{"not_picked":["Steam Power+1","Skim","Compile Driver"],"picked":"SKIP","floor":20.0},{"not_picked":["Rebound","Melter+1"],"picked":"Glacier","floor":23.0},{"not_picked":["Scrape","Leap","Hello World"],"picked":"SKIP","floor":25.0},{"not_picked":["Scrape","Gash"],"picked":"Compile Driver","floor":28.0},{"not_picked":["Buffer","Electrodynamics"],"picked":"Echo Form","floor":33.0},{"not_picked":["Sweeping Beam","Static Discharge"],"picked":"Go for the Eyes+1","floor":34.0},{"not_picked":["Streamline","Undo","Static Discharge+1"],"picked":"SKIP","floor":35.0},{"not_picked":["Static Discharge","Consume"],"picked":"Double Energy","floor":38.0},{"not_picked":["Ball Lightning","Darkness","Glacier"],"picked":"SKIP","floor":45.0},{"not_picked":["Steam Power","Compile Driver"],"picked":"Coolheaded+1","floor":46.0}],"player_experience":402247,"relics_obtained":[{"floor":6.0,"key":"Mercury Hourglass"},{"floor":9.0,"key":"Symbiotic Virus"},{"floor":11.0,"key":"Omamori"},{"floor":23.0,"key":"Bottled Flame"},{"floor":25.0,"key":"Ornamental Fan"},{"floor":26.0,"key":"PreservedInsect"},{"floor":28.0,"key":"Juzu Bracelet"},{"floor":30.0,"key":"Regal Pillow"},{"floor":42.0,"key":"Blue Candle"},{"floor":43.0,"key":"Lantern"},{"floor":46.0,"key":"Art of War"}],"event_choices":[{"damage_healed":0.0,"max_hp_gain":5.0,"max_hp_loss":0.0,"gold_gain":0.0,"event_name":"Big Fish","player_choice":"Donut","floor":2.0,"gold_loss":0.0,"damage_taken":0.0},{"damage_healed":0.0,"max_hp_gain":0.0,"max_hp_loss":0.0,"gold_gain":75.0,"event_name":"World of Goop","player_choice":"Gather Gold","floor":3.0,"gold_loss":0.0,"damage_taken":11.0},{"damage_healed":0.0,"max_hp_gain":0.0,"max_hp_loss":0.0,"gold_gain":0.0,"event_name":"Beggar","player_choice":"Ignored","floor":21.0,"gold_loss":0.0,"damage_taken":0.0},{"damage_healed":0.0,"max_hp_gain":0.0,"max_hp_loss":40.0,"gold_gain":0.0,"event_name":"Ghosts","player_choice":"Became a Ghost","floor":22.0,"gold_loss":0.0,"damage_taken":0.0,"cards_obtained":["Ghostly","Ghostly","Ghostly","Ghostly","Ghostly"]},{"cards_removed":["Hyperbeam"],"damage_healed":0.0,"max_hp_gain":0.0,"max_hp_loss":0.0,"gold_gain":0.0,"event_name":"Falling","player_choice":"Removed Attack","floor":36.0,"gold_loss":0.0,"damage_taken":0.0},{"damage_healed":0.0,"max_hp_gain":0.0,"max_hp_loss":0.0,"gold_gain":0.0,"event_name":"Tomb of Lord Red Mask","player_choice":"Ignored","floor":37.0,"gold_loss":0.0,"damage_taken":0.0},{"damage_healed":0.0,"max_hp_gain":0.0,"max_hp_loss":0.0,"gold_gain":0.0,"event_name":"Wheel of Change","player_choice":"Damaged","floor":39.0,"gold_loss":0.0,"damage_taken":4.0},{"damage_healed":0.0,"max_hp_gain":0.0,"max_hp_loss":0.0,"gold_gain":0.0,"event_name":"WeMeetAgain","player_choice":"Gave Potion","floor":41.0,"gold_loss":0.0,"damage_taken":0.0,"relics_obtained":["The Courier"]}],"is_beta":false,"boss_relics":[{"not_picked":["Calling Bell","White Beast Statue"],"picked":"Pandora\u0027s Box"},{"not_picked":["Black Star","Orrery"],"picked":"Tiny House"}],"items_purged_floors":[7,48],"is_endless":false,"potions_floor_spawned":[1,5,16,18,23,25,45],"ascension_level":13}