{"gold_per_floor":[210,224,237,10,10,39,39,67,67,67,67,87,55,96,96,96],"floor_reached":16,"playtime":1249,"items_purged":["Strike_B"],"score":195,"play_id":"dfe95951-fbc1-4f4e-8240-c7a8df10f6a6","local_time":"20190220155436","is_ascension_mode":true,"campfire_choices":[{"data":"Zap","floor":7,"key":"SMITH"},{"floor":10,"key":"REST"},{"data":"Loop","floor":15,"key":"SMITH"}],"neow_cost":"NONE","seed_source_timestamp":18849100109897,"circlet_count":0,"master_deck":["AscendersBane","Strike_B","Strike_B","Defend_B","Defend_B","Defend_B","Defend_B","Zap+1","Dualcast","Loop+1","Steam","Cold Snap","Self Repair","Cold Snap","Self Repair","Heatsinks"],"relics":["Cracked Core","DataDisk","Strawberry","Peace Pipe","Gremlin Horn","Golden Idol","Dream Catcher"],"potions_floor_usage":[6,6,12],"damage_taken":[{"damage":0,"enemies":"Small Slimes","floor":1,"turns":3},{"damage":9,"enemies":"2 Louse","floor":2,"turns":3},{"damage":8,"enemies":"Jaw Worm","floor":3,"turns":4},{"damage":28,"enemies":"Gremlin Nob","floor":6,"turns":5},{"damage":20,"enemies":"Lagavulin","floor":8,"turns":8},{"damage":12,"enemies":"Exordium Wildlife","floor":12,"turns":48},{"damage":15,"enemies":"3 Sentries","floor":14,"turns":11},{"damage":35,"enemies":"Slime Boss","floor":16,"turns":7}],"seed_played":"3261461014224969158","potions_obtained":[{"floor":1,"key":"Fire Potion"},{"floor":3,"key":"EssenceOfSteel"},{"floor":8,"key":"PowerPotion"}],"is_trial":false,"path_per_floor":["M","M","M","$","?","E","R","E","T","R","?","M","?","E","R","B"],"character_chosen":"DEFECT","items_purchased":["DataDisk"],"campfire_rested":1,"item_purchase_floors":[4],"current_hp_per_floor":[68,59,51,51,44,23,23,10,10,34,34,29,29,28,28,0],"gold":96,"neow_bonus":"HUNDRED_GOLD","is_prod":false,"is_daily":false,"chose_seed":false,"campfire_upgraded":2,"win_rate":0,"timestamp":1550696076,"path_taken":["M","M","M","$","?","E","R","E","T","R","?","M","?","E","R","BOSS"],"build_version":"2019-02-06","purchased_purges":1,"victory":false,"max_hp_per_floor":[75,75,75,75,75,82,82,82,82,82,76,76,76,76,76,76],"card_choices":[{"not_picked":["Scrape","Gash"],"picked":"Loop","floor":1},{"not_picked":["Aggregate","Recycle"],"picked":"Steam","floor":2},{"not_picked":["Hologram","Leap"],"picked":"Cold Snap","floor":3},{"not_picked":["Auto Shields","Steam"],"picked":"Self Repair","floor":6},{"not_picked":["Amplify","Go for the Eyes"],"picked":"Cold Snap","floor":8},{"not_picked":["Darkness","Cold Snap"],"picked":"Self Repair","floor":12},{"not_picked":["Reprogram","Force Field"],"picked":"Heatsinks","floor":14}],"player_experience":402852,"relics_obtained":[{"floor":6,"key":"Strawberry"},{"floor":8,"key":"Peace Pipe"},{"floor":9,"key":"Gremlin Horn"},{"floor":14,"key":"Dream Catcher"}],"event_choices":[{"cards_removed":["Strike_B"],"damage_healed":0,"gold_gain":0,"player_choice":"Card Removal","damage_taken":7,"max_hp_gain":0,"max_hp_loss":0,"event_name":"Golden Wing","floor":5,"gold_loss":0},{"damage_healed":0,"gold_gain":0,"player_choice":"Lose Max HP","damage_taken":0,"relics_obtained":["Golden Idol"],"max_hp_gain":0,"max_hp_loss":6,"event_name":"Golden Idol","floor":11,"gold_loss":0},{"damage_healed":0,"gold_gain":0,"player_choice":"Left Gold","damage_taken":0,"max_hp_gain":0,"max_hp_loss":0,"event_name":"World of Goop","floor":13,"gold_loss":32}],"is_beta":true,"boss_relics":[],"items_purged_floors":[4],"is_endless":false,"potions_floor_spawned":[1,3,8],"killed_by":"Slime Boss","ascension_level":13}