{"gold_per_floor":[114,132,132,8,8,42,42,60,134,160,160,175,175,190,190,289,289,307,325,344,0,20,46,46,74,74,89,89,14,45,61,61,163,163,182,182,1181,279,298,326,326,351,351,379,379,398,414,430,430,430],"floor_reached":51,"playtime":3028,"items_purged":["Strike_R","Normality"],"score":1486,"play_id":"588b2543-17d2-442a-a929-a2cae883e08b","local_time":"20190206235540","is_ascension_mode":true,"campfire_choices":[{"data":"Uppercut","floor":7,"key":"SMITH"},{"data":"Shrug It Off","floor":13,"key":"SMITH"},{"data":"Flame Barrier","floor":15,"key":"SMITH"},{"data":"Barricade","floor":24,"key":"SMITH"},{"data":"Havoc","floor":28,"key":"SMITH"},{"data":"Inflame","floor":32,"key":"SMITH"},{"data":"Mayhem","floor":45,"key":"SMITH"},{"data":"Corruption","floor":49,"key":"SMITH"}],"neow_cost":"NONE","seed_source_timestamp":237060489938292,"circlet_count":0,"master_deck":["AscendersBane","Strike_R","Strike_R+1","Strike_R","Defend_R+1","Defend_R","Defend_R","Defend_R+1","Bash","Cleave+1","Uppercut+1","Shrug It Off+1","Thunderclap+1","Pommel Strike+1","Uppercut+1","Headbutt+1","Flame Barrier+1","Barricade+1","Shrug It Off","Iron Wave+1","Iron Wave+1","Havoc+1","Flame Barrier","Inflame+1","Whirlwind+1","Demon Form","Mayhem+1","Normality","Corruption+1","Purity","Offering","Pommel Strike+1","Body Slam+1"],"relics":["Burning Blood","NeowsBlessing","War Paint","Molten Egg 2","Meat on the Bone","Bag of Preparation","Coffee Dripper","Anchor","Boot","Pen Nib","Ancient Tea Set","Singing Bowl","Mummified Hand","Mark of Pain","Frozen Eye","Gambling Chip","Bag of Marbles","Regal Pillow","Bottled Tornado","Centennial Puzzle","Strawberry","Turnip"],"potions_floor_usage":[10,16,20,22,23,46,50,50],"damage_taken":[{"damage":0,"enemies":"Jaw Worm","floor":1,"turns":1},{"damage":0,"enemies":"Small Slimes","floor":2,"turns":1},{"damage":0,"enemies":"Lagavulin","floor":6,"turns":1},{"damage":0,"enemies":"Cultist","floor":8,"turns":3},{"damage":26,"enemies":"3 Sentries","floor":10,"turns":5},{"damage":0,"enemies":"Looter","floor":12,"turns":3},{"damage":0,"enemies":"3 Louse","floor":14,"turns":2},{"damage":49,"enemies":"Hexaghost","floor":16,"turns":10},{"damage":14,"enemies":"2 Thieves","floor":18,"turns":4},{"damage":4,"enemies":"Chosen","floor":19,"turns":5},{"damage":14,"enemies":"Centurion and Healer","floor":20,"turns":8},{"damage":0,"enemies":"Snake Plant","floor":22,"turns":5},{"damage":31,"enemies":"Book of Stabbing","floor":23,"turns":6},{"damage":2,"enemies":"Gremlin Leader","floor":25,"turns":9},{"damage":0,"enemies":"Chosen and Byrds","floor":27,"turns":4},{"damage":24,"enemies":"Slavers","floor":30,"turns":4},{"damage":0,"enemies":"Centurion and Healer","floor":31,"turns":4},{"damage":0,"enemies":"Automaton","floor":33,"turns":9},{"damage":7,"enemies":"3 Shapes","floor":35,"turns":3},{"damage":26,"enemies":"3 Darklings","floor":39,"turns":3},{"damage":0,"enemies":"Giant Head","floor":40,"turns":6},{"damage":8,"enemies":"Nemesis","floor":42,"turns":5},{"damage":0,"enemies":"Giant Head","floor":44,"turns":7},{"damage":0,"enemies":"Spire Growth","floor":46,"turns":5},{"damage":0,"enemies":"Maw","floor":47,"turns":6},{"damage":6,"enemies":"3 Darklings","floor":48,"turns":4},{"damage":54,"enemies":"Awakened One","floor":50,"turns":8}],"seed_played":"455518880978087558","potions_obtained":[{"floor":2,"key":"Poison Potion"},{"floor":6,"key":"Regen Potion"},{"floor":14,"key":"Explosive Potion"},{"floor":16,"key":"Regen Potion"},{"floor":20,"key":"EssenceOfSteel"},{"floor":22,"key":"Poison Potion"},{"floor":30,"key":"Ancient Potion"},{"floor":35,"key":"Regen Potion"},{"floor":48,"key":"LiquidBronze"}],"is_trial":false,"path_per_floor":["M","M","?","$","?","E","R","M","T","E","?","M","R","M","R","B",null,"M","M","M","$","M","E","R","E","T","M","R","?","E","M","R","B",null,"M","?","?","$","M","E","T","E","T","E","R","M","M","M","R","B",null],"character_chosen":"IRONCLAD","items_purchased":["Shrug It Off","Anchor","Boot","Havoc","Frozen Eye","Gambling Chip","Bag of Marbles","Corruption","Purity"],"campfire_rested":0,"item_purchase_floors":[4,21,21,21,38,38,38,38,38],"current_hp_per_floor":[78,80,62,62,67,73,73,79,79,59,42,60,60,66,66,50,76,68,70,76,76,82,57,57,61,61,67,67,67,51,57,57,63,81,82,82,82,82,64,72,72,70,77,83,83,91,97,99,99,65],"gold":430,"neow_bonus":"THREE_ENEMY_KILL","is_prod":false,"is_daily":false,"chose_seed":false,"campfire_upgraded":8,"win_rate":0,"timestamp":1549515340,"path_taken":["M","M","?","$","?","E","R","M","T","E","?","M","R","M","R","BOSS","M","M","M","$","M","E","R","E","T","M","R","?","E","M","R","BOSS","M","?","?","$","M","E","?","E","T","E","R","?","M","M","R","BOSS"],"build_version":"2019-01-23","purchased_purges":2,"victory":true,"max_hp_per_floor":[80,80,80,80,85,85,85,85,85,85,85,85,85,85,85,85,85,85,85,85,85,85,85,85,85,85,85,85,85,87,87,87,87,87,89,89,89,89,91,93,93,93,100,100,100,102,102,104,104,104],"card_choices":[{"not_picked":["Twin Strike","Blood for Blood"],"picked":"Cleave","floor":1},{"not_picked":["Clash","Pommel Strike"],"picked":"Uppercut","floor":2},{"not_picked":["Power Through","Havoc"],"picked":"Thunderclap","floor":6},{"not_picked":["Headbutt+1","True Grit"],"picked":"Pommel Strike+1","floor":8},{"not_picked":["Anger+1","Cleave+1"],"picked":"Uppercut+1","floor":10},{"not_picked":["Warcry","Cleave+1"],"picked":"Headbutt+1","floor":12},{"not_picked":["Whirlwind+1","Power Through"],"picked":"Flame Barrier","floor":14},{"not_picked":["Exhume","Limit Break"],"picked":"Barricade","floor":16},{"not_picked":["Dual Wield","Combust"],"picked":"Shrug It Off","floor":18},{"not_picked":["Perfected Strike+1","Heavy Blade+1"],"picked":"Iron Wave+1","floor":19},{"not_picked":["Anger+1","Infernal Blade"],"picked":"Iron Wave+1","floor":20},{"not_picked":["Heavy Blade+1","Pummel+1","Havoc"],"picked":"SKIP","floor":22},{"not_picked":["Uppercut+1","Sentinel","Rupture"],"picked":"SKIP","floor":23},{"not_picked":["Clothesline+1","Power Through+1"],"picked":"Flame Barrier","floor":25},{"not_picked":["Brutality","True Grit"],"picked":"Inflame","floor":27},{"not_picked":["Reckless Charge+1","Thunderclap+1","Seeing Red"],"picked":"Singing Bowl","floor":30},{"not_picked":["Combust","Perfected Strike+1"],"picked":"Whirlwind+1","floor":31},{"not_picked":["Immolate+1","Double Tap"],"picked":"Demon Form","floor":33},{"not_picked":["Clash+1","Reckless Charge+1","Heavy Blade+1"],"picked":"Singing Bowl","floor":35},{"not_picked":["Chrysalis","Discovery"],"picked":"Mayhem","floor":36},{"not_picked":["Spot Weakness+1","Iron Wave+1","Warcry"],"picked":"Singing Bowl","floor":39},{"not_picked":["Demon Form","Anger+1","Clothesline+1"],"picked":"Singing Bowl","floor":40},{"not_picked":["Rage","Armaments"],"picked":"Offering","floor":42},{"not_picked":["Flex","Clothesline+1"],"picked":"Pommel Strike+1","floor":44},{"not_picked":["Sword Boomerang+1","Barricade","Headbutt+1"],"picked":"Singing Bowl","floor":46},{"not_picked":["Seeing Red","Bloodletting"],"picked":"Body Slam+1","floor":47},{"not_picked":["Rupture","Thunderclap+1","Headbutt+1"],"picked":"Singing Bowl","floor":48}],"player_experience":365259,"relics_obtained":[{"floor":6,"key":"Molten Egg 2"},{"floor":9,"key":"Meat on the Bone"},{"floor":10,"key":"Bag of Preparation"},{"floor":23,"key":"Pen Nib"},{"floor":25,"key":"Ancient Tea Set"},{"floor":26,"key":"Singing Bowl"},{"floor":30,"key":"Mummified Hand"},{"floor":40,"key":"Regal Pillow"},{"floor":41,"key":"Bottled Tornado"},{"floor":42,"key":"Centennial Puzzle"},{"floor":43,"key":"Strawberry"},{"floor":44,"key":"Turnip"}],"event_choices":[{"damage_healed":0,"gold_gain":0,"player_choice":"Success","damage_taken":18,"relics_obtained":["War Paint"],"max_hp_gain":0,"max_hp_loss":0,"event_name":"Scrap Ooze","floor":3,"gold_loss":0},{"damage_healed":0,"gold_gain":0,"player_choice":"Donut","damage_taken":0,"max_hp_gain":5,"max_hp_loss":0,"event_name":"Big Fish","floor":5,"gold_loss":0},{"damage_healed":0,"gold_gain":0,"player_choice":"Entered Light","damage_taken":17,"max_hp_gain":0,"max_hp_loss":0,"event_name":"Shining Light","floor":11,"gold_loss":0,"cards_upgraded":["Strike_R","Cleave"]},{"cards_removed":["Strike_R"],"damage_healed":0,"gold_gain":0,"player_choice":"Gave Gold","damage_taken":0,"max_hp_gain":0,"max_hp_loss":0,"event_name":"Beggar","floor":29,"gold_loss":75},{"damage_healed":0,"gold_gain":0,"player_choice":"Memory 1","damage_taken":0,"max_hp_gain":0,"max_hp_loss":0,"event_name":"SensoryStone","floor":36,"gold_loss":0},{"damage_healed":0,"gold_gain":999,"player_choice":"Gold","damage_taken":0,"max_hp_gain":0,"max_hp_loss":0,"event_name":"MindBloom","floor":37,"gold_loss":0,"cards_obtained":["Normality","Normality"]}],"is_beta":true,"boss_relics":[{"not_picked":["Empty Cage","Busted Crown"],"picked":"Coffee Dripper"},{"not_picked":["Velvet Choker","Snecko Eye"],"picked":"Mark of Pain"}],"items_purged_floors":[4,38],"is_endless":false,"potions_floor_spawned":[2,6,14,16,18,20,22,30,33,35,39,40,48],"ascension_level":12}