{"gold_per_floor":[112,112,128,19,119,119,152,163,189,201,53,67,129,157,157,255,255,245,245,67,67,86,86,120,120,120,120,135,135,135,149,149,149],"floor_reached":33,"playtime":1262,"items_purged":["Strike_G"],"score":355,"play_id":"51e9d69f-a403-4e4c-a5a2-48166221a484","local_time":"20190314035828","is_ascension_mode":true,"campfire_choices":[{"data":"Noxious Fumes","floor":6,"key":"SMITH"},{"data":"Bane","floor":15,"key":"SMITH"},{"floor":23,"key":"REST"},{"floor":27,"key":"REST"},{"floor":29,"key":"REST"},{"floor":32,"key":"REST"}],"neow_cost":"NONE","seed_source_timestamp":42723554895372,"circlet_count":0,"master_deck":["Defend_G+1","Defend_G+1","Defend_G+1","Defend_G+1","Defend_G+1","Strike_G+1","Strike_G+1","Strike_G+1","Survivor","Neutralize","Backstab","Dagger Spray","Dagger Spray","Noxious Fumes+1","Deadly Poison","Bane+1","Die Die Die","Envenom","Grand Finale","Catalyst","Well Laid Plans","RitualDagger","Backflip","Shame","Dodge and Roll"],"relics":["Ring of the Snake","NeowsBlessing","Regal Pillow","Bag of Preparation","Turnip","Orrery","Orichalcum","Smiling Mask","Vajra","The Courier"],"potions_floor_usage":[12,14,14,18,24,28],"damage_taken":[{"damage":0,"enemies":"2 Louse","floor":1,"turns":1},{"damage":0,"enemies":"Cultist","floor":3,"turns":1},{"damage":0,"enemies":"Lagavulin","floor":7,"turns":1},{"damage":0,"enemies":"Small Slimes","floor":8,"turns":1},{"damage":1,"enemies":"Looter","floor":10,"turns":3},{"damage":0,"enemies":"Blue Slaver","floor":12,"turns":3},{"damage":4,"enemies":"Gremlin Nob","floor":13,"turns":3},{"damage":0,"enemies":"3 Sentries","floor":14,"turns":2},{"damage":51,"enemies":"Slime Boss","floor":16,"turns":9},{"damage":27,"enemies":"2 Thieves","floor":18,"turns":4},{"damage":13,"enemies":"Chosen","floor":22,"turns":6},{"damage":54,"enemies":"Slavers","floor":24,"turns":7},{"damage":14,"enemies":"Centurion and Healer","floor":28,"turns":8},{"damage":50,"enemies":"3 Cultists","floor":31,"turns":6},{"damage":65,"enemies":"Automaton","floor":33,"turns":6}],"seed_played":"-7793990769594976496","potions_obtained":[{"floor":1,"key":"Explosive Potion"},{"floor":8,"key":"EssenceOfSteel"},{"floor":13,"key":"Block Potion"},{"floor":16,"key":"PowerPotion"},{"floor":18,"key":"GhostInAJar"},{"floor":24,"key":"SpeedPotion"}],"is_trial":false,"path_per_floor":["M","?","M","$","?","R","E","M","T","M","$","M","?","E","R","B",null,"M","?","$","?","M","R","E","?","T","R","M","R","?","M","R","B"],"character_chosen":"THE_SILENT","items_purchased":["Noxious Fumes","Die Die Die","Orichalcum","Backflip"],"campfire_rested":4,"item_purchase_floors":[4,11,20,20],"current_hp_per_floor":[70,70,70,70,70,70,70,70,70,69,69,69,65,65,65,14,70,43,37,37,37,24,60,6,6,6,42,28,64,64,14,50,0],"gold":149,"neow_bonus":"THREE_ENEMY_KILL","is_prod":false,"is_daily":false,"chose_seed":false,"campfire_upgraded":2,"win_rate":0,"timestamp":1552561108,"path_taken":["M","?","?","?","?","R","E","M","T","M","$","?","?","E","R","BOSS","M","?","$","?","M","R","E","?","T","R","M","R","?","M","R","BOSS"],"build_version":"2019-01-23","purchased_purges":1,"victory":false,"max_hp_per_floor":[70,70,70,70,70,70,70,70,70,70,70,70,70,70,70,70,70,70,70,70,70,70,70,70,70,70,70,70,70,70,70,70,70],"card_choices":[{"not_picked":["Caltrops","Poisoned Stab"],"picked":"Backstab","floor":1},{"not_picked":["Sucker Punch","Flying Knee"],"picked":"Dagger Spray","floor":3},{"not_picked":["Backflip","Terror","Flying Knee"],"picked":"SKIP","floor":7},{"not_picked":["Wraith Form v2","Endless Agony"],"picked":"Deadly Poison","floor":8},{"not_picked":["Backflip","Deadly Poison"],"picked":"Bane","floor":10},{"not_picked":["Endless Agony","Deflect","Accuracy"],"picked":"SKIP","floor":12},{"not_picked":["Storm of Steel","Choke","Outmaneuver"],"picked":"SKIP","floor":14},{"not_picked":["Grand Finale","Die Die Die"],"picked":"Envenom","floor":16},{"not_picked":["Distraction","Skewer"],"picked":"Grand Finale","floor":17},{"not_picked":["Distraction","Eviscerate"],"picked":"Catalyst","floor":17},{"not_picked":["Expertise","Dodge and Roll"],"picked":"Well Laid Plans","floor":17},{"not_picked":["Dagger Throw","Acrobatics","Flying Knee"],"picked":"SKIP","floor":18},{"not_picked":["Well Laid Plans+1","Skewer","Quick Slash"],"picked":"SKIP","floor":22},{"not_picked":["Underhanded Strike","Choke"],"picked":"Dodge and Roll","floor":24},{"not_picked":["Slice","Reflex+1","Prepared"],"picked":"SKIP","floor":28},{"not_picked":["Cloak And Dagger","Blade Dance","Eviscerate"],"picked":"SKIP","floor":31}],"player_experience":342511,"relics_obtained":[{"floor":7,"key":"Regal Pillow"},{"floor":13,"key":"Bag of Preparation"},{"floor":14,"key":"Turnip"},{"floor":24,"key":"Vajra"},{"floor":26,"key":"The Courier"}],"event_choices":[{"damage_healed":0,"gold_gain":0,"cards_transformed":["Strike_G"],"player_choice":"Transformed","damage_taken":0,"max_hp_gain":0,"max_hp_loss":0,"event_name":"Transmorgrifier","floor":2,"gold_loss":0,"cards_obtained":["Dagger Spray"]},{"damage_healed":0,"gold_gain":100,"player_choice":"Pray","damage_taken":0,"max_hp_gain":0,"max_hp_loss":0,"event_name":"Golden Shrine","floor":5,"gold_loss":0},{"damage_healed":0,"gold_gain":0,"player_choice":"Searched \u00271\u0027 times","damage_taken":0,"max_hp_gain":0,"max_hp_loss":0,"event_name":"Dead Adventurer","floor":13,"gold_loss":0},{"damage_healed":0,"gold_gain":0,"player_choice":"Joined the Cult","damage_taken":6,"max_hp_gain":0,"max_hp_loss":0,"event_name":"Nest","floor":19,"gold_loss":0,"cards_obtained":["RitualDagger"]},{"damage_healed":0,"gold_gain":0,"player_choice":"Stole Relic","damage_taken":0,"relics_obtained":["Smiling Mask"],"max_hp_gain":0,"max_hp_loss":0,"event_name":"Addict","floor":21,"gold_loss":0,"cards_obtained":["Shame"]},{"damage_healed":0,"gold_gain":0,"player_choice":"Ignored","damage_taken":0,"max_hp_gain":0,"max_hp_loss":0,"event_name":"Vampires","floor":25,"gold_loss":0},{"damage_healed":0,"gold_gain":0,"player_choice":"Simplicity","damage_taken":0,"max_hp_gain":0,"max_hp_loss":0,"event_name":"Back to Basics","floor":30,"gold_loss":0,"cards_upgraded":["Defend_G","Defend_G","Defend_G","Defend_G","Defend_G","Strike_G","Strike_G","Strike_G"]}],"is_beta":false,"boss_relics":[{"not_picked":["Busted Crown","Philosopher\u0027s Stone"],"picked":"Orrery"}],"items_purged_floors":[4],"is_endless":false,"potions_floor_spawned":[1,8,13,16,18,24],"killed_by":"Automaton","ascension_level":2}