{"gold_per_floor":[367,75,89,100,169,169,195,215,215,215,250,283,283,297,297,386,386,405,405,405,455,468,468,509,434,434,434,167,206,218,274,286,391,403,431,568,580,611,87,130,144,144,144,187,187],"floor_reached":45,"playtime":2193,"items_purged":["Strike_B","Strike_B","Shame"],"score":1145,"play_id":"b9f91c03-7db4-4475-9a5b-23c4d65b0229","local_time":"20181028085203","is_ascension_mode":true,"campfire_choices":[{"floor":6.0,"key":"REST"},{"data":"Zap","floor":10.0,"key":"SMITH"},{"data":"Defragment","floor":15.0,"key":"SMITH"},{"data":"Dualcast","floor":23.0,"key":"SMITH"},{"floor":27.0,"key":"REST"},{"floor":30.0,"key":"REST"},{"data":"Electrodynamics","floor":32.0,"key":"SMITH"},{"data":"Hologram","floor":42.0,"key":"SMITH"}],"neow_cost":"PERCENT_DAMAGE","seed_source_timestamp":0,"circlet_count":0,"master_deck":["Strike_B","Defend_B","Defend_B","Defend_B","Defend_B","Zap+1","Dualcast+1","AscendersBane","Sweeping Beam","Cold Snap","All For One","Defragment+1","Chill","Go for the Eyes+1","Electrodynamics+1","BootSequence","Rebound+1","Chill+1","Self Repair","Defragment+1","Parasite","Ball Lightning+1","Conserve Battery","Stack+1","Loop+1","Hologram+1","Ball Lightning+1"],"special_seed":0,"relics":["Cracked Core","Lantern","Omamori","Pantograph","Molten Egg 2","Matryoshka","Golden Idol","Busted Crown","Orichalcum","Prayer Wheel","Gremlin Horn","Dodecahedron","Anchor","MawBank","Frozen Egg 2","Calling Bell","Art of War","Letter Opener","Turnip","Calipers","Kunai","Mercury Hourglass","Symbiotic Virus","Blue Candle","Bottled Tornado"],"potions_floor_usage":[44,44],"damage_taken":[{"damage":1.0,"enemies":"Cultist","floor":1.0,"turns":3.0},{"damage":0.0,"enemies":"Small Slimes","floor":3.0,"turns":2.0},{"damage":4.0,"enemies":"2 Louse","floor":4.0,"turns":2.0},{"damage":6.0,"enemies":"Gremlin Nob","floor":7.0,"turns":3.0},{"damage":7.0,"enemies":"Looter","floor":8.0,"turns":3.0},{"damage":19.0,"enemies":"Lagavulin","floor":11.0,"turns":6.0},{"damage":19.0,"enemies":"Lagavulin Event","floor":12.0,"turns":5.0},{"damage":3.0,"enemies":"Blue Slaver","floor":14.0,"turns":4.0},{"damage":12.0,"enemies":"Hexaghost","floor":16.0,"turns":9.0},{"damage":8.0,"enemies":"Spheric Guardian","floor":18.0,"turns":4.0},{"damage":10.0,"enemies":"Shell Parasite","floor":22.0,"turns":6.0},{"damage":4.0,"enemies":"Slavers","floor":24.0,"turns":4.0},{"damage":40.0,"enemies":"Book of Stabbing","floor":29.0,"turns":6.0},{"damage":7.0,"enemies":"Slavers","floor":31.0,"turns":3.0},{"damage":32.0,"enemies":"Automaton","floor":33.0,"turns":12.0},{"damage":20.0,"enemies":"3 Darklings","floor":35.0,"turns":4.0},{"damage":16.0,"enemies":"Mind Bloom Boss Battle","floor":36.0,"turns":8.0},{"damage":1.0,"enemies":"3 Shapes","floor":38.0,"turns":5.0},{"damage":10.0,"enemies":"Reptomancer","floor":40.0,"turns":6.0},{"damage":0.0,"enemies":"Maw","floor":41.0,"turns":8.0},{"damage":45,"enemies":"Giant Head","floor":44,"turns":9},{"damage":35,"enemies":"Spire Growth","floor":45,"turns":3}],"seed_played":"-6029280476380637227","potions_obtained":[{"floor":4.0,"key":"GamblersBrew"},{"floor":7.0,"key":"FairyPotion"},{"floor":8.0,"key":"FocusPotion"},{"floor":16.0,"key":"GamblersBrew"},{"floor":18.0,"key":"FocusPotion"},{"floor":29.0,"key":"PowerPotion"},{"floor":33.0,"key":"Strength Potion"},{"floor":35.0,"key":"Swift Potion"},{"floor":41.0,"key":"SneckoOil"}],"is_trial":false,"path_per_floor":["M","$","M","M","?","R","E","M","T","R","E","?","?","M","R","B",null,"M","?","?","?","M","R","E","?","T","R","$","E","R","E","R","B",null,"M","?","?","M","$","E","M","R","T","E"],"character_chosen":"DEFECT","items_purchased":["Lantern","FearPotion","Anchor","Kunai","Loop+1","Hologram"],"campfire_rested":3,"item_purchase_floors":[2,2,28,39,39,39],"current_hp_per_floor":[45,45,45,41,41,62,56,49,49,49,30,11,11,8,8,21,59,51,51,51,51,41,41,37,37,37,58,58,25,46,46,46,46,65,52,62,57,63,63,60,67,67,67,29,0],"gold":187,"neow_bonus":"TWO_FIFTY_GOLD","is_prod":false,"is_daily":false,"chose_seed":false,"campfire_upgraded":5,"win_rate":0,"timestamp":1540731123,"path_taken":["M","$","M","M","?","R","E","M","T","R","E","?","?","?","R","BOSS","M","?","?","?","?","R","E","?","T","R","$","E","R","E","R","BOSS","M","?","?","M","$","E","M","R","T","E","?"],"build_version":"2018-10-25v2","purchased_purges":3,"victory":false,"max_hp_per_floor":[71,71,71,71,71,71,71,71,71,71,71,71,71,71,71,71,71,71,71,71,71,71,71,71,71,71,71,71,71,71,71,71,71,71,71,71,71,71,71,71,71,71,71,71,71],"card_choices":[{"not_picked":["Barrage","Gash"],"picked":"Sweeping Beam","floor":1.0},{"not_picked":["Steam","Auto Shields"],"picked":"Doom and Gloom","floor":3.0},{"not_picked":["Steam","Blizzard"],"picked":"Cold Snap","floor":4.0},{"not_picked":["Compile Driver","Conserve Battery"],"picked":"All For One","floor":7.0},{"not_picked":["Scrape","Hologram"],"picked":"Defragment","floor":8.0},{"not_picked":["Stack","Lockon"],"picked":"Chill","floor":11.0},{"not_picked":["Auto Shields","White Noise"],"picked":"Go for the Eyes+1","floor":12.0},{"not_picked":["Recycle","Double Energy","Hello World"],"picked":"SKIP","floor":14.0},{"not_picked":["Amplify","Echo Form"],"picked":"Electrodynamics","floor":16.0},{"not_picked":["Turbo"],"picked":"SKIP","floor":18.0},{"not_picked":[],"picked":"Chill+1","floor":22.0},{"not_picked":[],"picked":"Self Repair","floor":24.0},{"not_picked":["Rebound+1"],"picked":"SKIP","floor":29.0},{"not_picked":[],"picked":"Defragment","floor":31.0},{"not_picked":[],"picked":"Ball Lightning+1","floor":35.0},{"not_picked":[],"picked":"Conserve Battery","floor":35.0},{"not_picked":[],"picked":"Stack+1","floor":38.0},{"not_picked":["Redo"],"picked":"SKIP","floor":38.0},{"not_picked":["Darkness+1"],"picked":"SKIP","floor":40.0},{"not_picked":["Turbo+1"],"picked":"SKIP","floor":41.0},{"not_picked":["Rip and Tear+1"],"picked":"SKIP","floor":41.0},{"not_picked":[],"picked":"Ball Lightning+1","floor":44}],"player_experience":1044065,"relics_obtained":[{"floor":7.0,"key":"Omamori"},{"floor":9.0,"key":"Pantograph"},{"floor":11.0,"key":"Molten Egg 2"},{"floor":12.0,"key":"Matryoshka"},{"floor":24.0,"key":"Prayer Wheel"},{"floor":26.0,"key":"Gremlin Horn"},{"floor":26.0,"key":"Dodecahedron"},{"floor":29.0,"key":"MawBank"},{"floor":31.0,"key":"Frozen Egg 2"},{"floor":34.0,"key":"Art of War"},{"floor":34.0,"key":"Letter Opener"},{"floor":34.0,"key":"Turnip"},{"floor":36.0,"key":"Calipers"},{"floor":40.0,"key":"Mercury Hourglass"},{"floor":43.0,"key":"Symbiotic Virus"},{"floor":43.0,"key":"Blue Candle"},{"floor":44,"key":"Bottled Tornado"}],"event_choices":[{"damage_healed":0.0,"max_hp_gain":0.0,"max_hp_loss":0.0,"gold_gain":69.0,"event_name":"Golden Wing","player_choice":"Gained Gold","floor":5.0,"gold_loss":0.0,"damage_taken":0.0},{"damage_healed":0.0,"max_hp_gain":0.0,"max_hp_loss":0.0,"gold_gain":30.0,"event_name":"Dead Adventurer","player_choice":"Searched \u00273\u0027 times","floor":12.0,"gold_loss":0.0,"damage_taken":0.0},{"damage_healed":0.0,"max_hp_gain":0.0,"max_hp_loss":0.0,"gold_gain":0.0,"event_name":"Golden Idol","player_choice":"Take Wound","floor":13.0,"gold_loss":0.0,"damage_taken":0.0,"relics_obtained":["Golden Idol"],"cards_obtained":["Injury"]},{"damage_healed":0.0,"max_hp_gain":0.0,"max_hp_loss":0.0,"gold_gain":0.0,"event_name":"Match and Keep!","player_choice":"2 cards matched","floor":19.0,"gold_loss":0.0,"damage_taken":0.0,"cards_obtained":["BootSequence","Rebound"]},{"cards_removed":["Doom and Gloom"],"damage_healed":0.0,"max_hp_gain":0.0,"max_hp_loss":0.0,"gold_gain":0.0,"event_name":"WeMeetAgain","player_choice":"Gave Card","floor":20.0,"gold_loss":0.0,"damage_taken":0.0,"relics_obtained":["Orichalcum"]},{"damage_healed":0.0,"max_hp_gain":0.0,"max_hp_loss":0.0,"gold_gain":50.0,"event_name":"Nest","player_choice":"Stole From Cult","floor":21.0,"gold_loss":0.0,"damage_taken":0.0},{"cards_removed":["Strike_B"],"damage_healed":0.0,"max_hp_gain":0.0,"max_hp_loss":0.0,"gold_gain":0.0,"event_name":"Beggar","player_choice":"Gave Gold","floor":25.0,"gold_loss":75.0,"damage_taken":0.0},{"damage_healed":0.0,"max_hp_gain":0.0,"max_hp_loss":0.0,"gold_gain":0.0,"event_name":"MindBloom","player_choice":"Fight","floor":36.0,"gold_loss":0.0,"damage_taken":0.0},{"damage_healed":0.0,"max_hp_gain":0.0,"max_hp_loss":0.0,"gold_gain":0.0,"event_name":"SensoryStone","player_choice":"Memory 2","floor":37.0,"gold_loss":0.0,"damage_taken":5.0}],"is_beta":false,"boss_relics":[{"not_picked":["Orrery","Philosopher\u0027s Stone"],"picked":"Busted Crown"},{"not_picked":["Runic Dome","Velvet Choker"],"picked":"Calling Bell"}],"items_purged_floors":[2,28,39],"is_endless":false,"potions_floor_spawned":[4,7,8,16,18,29,33,35,41],"killed_by":"Spire Growth","ascension_level":20}