{"gold_per_floor":[109,125,144,0,13,13,48,60,107,107,123,123,153,167,167,271,271,287,307,319,330,348,348,378,378,378,398,411,411,100,124,124,124],"floor_reached":33,"playtime":1689,"items_purged":["Decay"],"score":395,"play_id":"9ae590cd-549d-48dc-bf3f-e2168e8458aa","local_time":"20190201183051","is_ascension_mode":true,"campfire_choices":[{"data":"Iron Wave","floor":6,"key":"SMITH"},{"data":"Havoc","floor":10,"key":"SMITH"},{"data":"Flame Barrier","floor":15,"key":"SMITH"},{"data":"Dark Embrace","floor":23,"key":"SMITH"},{"floor":25,"key":"REST"},{"data":"Iron Wave","floor":32,"key":"SMITH"}],"neow_cost":"NONE","seed_source_timestamp":87984636270246,"circlet_count":0,"master_deck":["AscendersBane","Strike_R+1","Strike_R+1","Strike_R","Strike_R","Strike_R","Defend_R","Defend_R","Defend_R","Defend_R","Bash","Impatience","Carnage","Iron Wave+1","Clash","Iron Wave+1","Dark Embrace+1","Havoc+1","Thunderclap","Headbutt","Flame Barrier+1","Demon Form","True Grit+1","Dropkick+1","Shockwave+1","Spot Weakness","Iron Wave","Dramatic Entrance","Doubt"],"relics":["Burning Blood","Bag of Marbles","Smiling Mask","Happy Flower","Shuriken","Omamori","Cursed Key","Tiny Chest","Meat on the Bone","WingedGreaves","Membership Card","Whetstone"],"potions_floor_usage":[5,7,16,18,22,33],"damage_taken":[{"damage":11,"enemies":"Jaw Worm","floor":1,"turns":5},{"damage":13,"enemies":"Small Slimes","floor":2,"turns":4},{"damage":1,"enemies":"Cultist","floor":3,"turns":3},{"damage":1,"enemies":"Large Slime","floor":5,"turns":7},{"damage":30,"enemies":"3 Sentries","floor":7,"turns":8},{"damage":5,"enemies":"Exordium Thugs","floor":8,"turns":4},{"damage":3,"enemies":"Blue Slaver","floor":11,"turns":2},{"damage":30,"enemies":"Lagavulin","floor":13,"turns":4},{"damage":0,"enemies":"Large Slime","floor":14,"turns":4},{"damage":13,"enemies":"The Guardian","floor":16,"turns":11},{"damage":17,"enemies":"2 Thieves","floor":18,"turns":2},{"damage":2,"enemies":"3 Byrds","floor":19,"turns":4},{"damage":23,"enemies":"Cultist and Chosen","floor":20,"turns":5},{"damage":16,"enemies":"Snecko","floor":21,"turns":5},{"damage":8,"enemies":"Centurion and Healer","floor":22,"turns":5},{"damage":16,"enemies":"Snake Plant","floor":27,"turns":3},{"damage":20,"enemies":"Snecko","floor":28,"turns":4},{"damage":76,"enemies":"Automaton","floor":33,"turns":6}],"seed_played":"8395751834614333035","potions_obtained":[{"floor":2,"key":"SkillPotion"},{"floor":5,"key":"SkillPotion"},{"floor":7,"key":"GamblersBrew"},{"floor":11,"key":"Explosive Potion"},{"floor":19,"key":"Explosive Potion"},{"floor":20,"key":"EssenceOfSteel"},{"floor":22,"key":"BloodPotion"}],"is_trial":false,"path_per_floor":["M","M","M","$","M","R","E","M","T","R","M","?","E","M","R","B",null,"M","M","M","M","M","R","?","R","T","M","M","T","$","T","R","B"],"character_chosen":"IRONCLAD","items_purchased":["Bag of Marbles","Membership Card","Dramatic Entrance","Energy Potion"],"campfire_rested":1,"item_purchase_floors":[4,30,30,30],"current_hp_per_floor":[67,60,65,65,70,70,46,47,47,47,50,47,23,29,29,22,66,55,59,42,32,30,30,30,54,54,56,54,54,54,54,54,0],"gold":124,"neow_bonus":"RANDOM_COLORLESS","is_prod":false,"is_daily":false,"chose_seed":false,"campfire_upgraded":5,"win_rate":0,"timestamp":1549063851,"path_taken":["M","M","M","$","M","R","E","M","T","R","M","?","E","M","R","BOSS","M","M","M","M","M","R","?","R","T","M","M","?","$","?","R","BOSS"],"build_version":"2019-01-23","purchased_purges":1,"victory":false,"max_hp_per_floor":[80,80,80,80,80,80,80,80,80,80,80,80,80,80,80,80,80,80,80,80,80,80,80,80,80,80,80,80,80,80,80,80,80],"card_choices":[{"not_picked":["Headbutt","Perfected Strike"],"picked":"Carnage","floor":1},{"not_picked":["Perfected Strike","Burning Pact"],"picked":"Iron Wave","floor":2},{"not_picked":["Headbutt","Burning Pact"],"picked":"Clash","floor":3},{"not_picked":["Pommel Strike","Perfected Strike"],"picked":"Iron Wave","floor":5},{"not_picked":["Entrench","Sever Soul"],"picked":"Dark Embrace","floor":7},{"not_picked":["Pommel Strike","Armaments"],"picked":"Havoc","floor":8},{"not_picked":["Carnage","Clothesline"],"picked":"Thunderclap","floor":11},{"not_picked":["Havoc","Reckless Charge"],"picked":"Headbutt","floor":13},{"not_picked":["Battle Trance","Wild Strike"],"picked":"Flame Barrier","floor":14},{"not_picked":["Impervious","Juggernaut"],"picked":"Demon Form","floor":16},{"not_picked":["Intimidate","Shrug It Off"],"picked":"True Grit+1","floor":18},{"not_picked":["Shrug It Off+1","Power Through+1"],"picked":"Dropkick+1","floor":19},{"not_picked":["Headbutt","Heavy Blade","Hemokinesis"],"picked":"SKIP","floor":20},{"not_picked":["Corruption","Burning Pact"],"picked":"Shockwave+1","floor":21},{"not_picked":["Cleave+1","Sword Boomerang","Clothesline"],"picked":"SKIP","floor":22},{"not_picked":["Carnage","True Grit"],"picked":"Spot Weakness","floor":27},{"not_picked":["Inflame","Clash"],"picked":"Iron Wave","floor":28}],"player_experience":316642,"relics_obtained":[{"floor":7,"key":"Smiling Mask"},{"floor":9,"key":"Happy Flower"},{"floor":13,"key":"Omamori"},{"floor":26,"key":"Meat on the Bone"},{"floor":29,"key":"WingedGreaves"},{"floor":31,"key":"Whetstone"}],"event_choices":[{"damage_healed":0,"gold_gain":0,"player_choice":"Success","damage_taken":3,"relics_obtained":["Shuriken"],"max_hp_gain":0,"max_hp_loss":0,"event_name":"Scrap Ooze","floor":12,"gold_loss":0},{"damage_healed":0,"gold_gain":0,"player_choice":"Opened","damage_taken":0,"relics_obtained":["Tiny Chest"],"max_hp_gain":0,"max_hp_loss":0,"event_name":"The Mausoleum","floor":24,"gold_loss":0,"cards_obtained":["Writhe"]}],"is_beta":true,"boss_relics":[{"not_picked":["Black Star","Pandora\u0027s Box"],"picked":"Cursed Key"}],"items_purged_floors":[30],"is_endless":false,"potions_floor_spawned":[2,5,7,11,19,20,22],"killed_by":"Automaton","ascension_level":10}