{"gold_per_floor":[116,191,191,191,19,36,36,47,74,74,74,103,122,139,139,139],"floor_reached":16,"playtime":525,"items_purged":[],"score":200,"play_id":"d41a7f77-1912-4144-87cf-7b3cff661f76","local_time":"20190324093420","is_ascension_mode":true,"campfire_choices":[{"data":"Zap","floor":7,"key":"SMITH"},{"floor":15,"key":"DIG"}],"neow_cost":"NONE","seed_source_timestamp":968983170823245,"circlet_count":0,"master_deck":["AscendersBane","Strike_B","Strike_B","Strike_B","Strike_B","Defend_B","Defend_B","Defend_B","Defend_B","Zap+1","Dualcast","Genetic Algorithm","Ball Lightning","Coolheaded+1","Decay","Gash","Go for the Eyes"],"relics":["Cracked Core","Lantern","Incense Burner","Art of War","Pen Nib","Shovel","Potion Belt"],"potions_floor_usage":[12,14],"damage_taken":[{"damage":12,"enemies":"2 Louse","floor":1,"turns":3},{"damage":6,"enemies":"Jaw Worm","floor":6,"turns":3},{"damage":0,"enemies":"Small Slimes","floor":8,"turns":6},{"damage":9,"enemies":"Lagavulin","floor":12,"turns":6},{"damage":1,"enemies":"Gremlin Gang","floor":13,"turns":4},{"damage":1,"enemies":"Exordium Thugs","floor":14,"turns":3},{"damage":25,"enemies":"Hexaghost","floor":16,"turns":7}],"seed_played":"-7967069585108754711","potions_obtained":[{"floor":1,"key":"Swift Potion"},{"floor":8,"key":"EssenceOfSteel"}],"is_trial":false,"path_per_floor":["M","?","?","?","$","M","R","M","T","?","?","E","M","M","R","B"],"character_chosen":"DEFECT","items_purchased":["Art of War"],"campfire_rested":0,"item_purchase_floors":[5],"current_hp_per_floor":[52,41,41,34,34,28,28,28,28,28,28,19,18,17,17,0],"gold":139,"neow_bonus":"RANDOM_COMMON_RELIC","is_prod":false,"is_daily":false,"chose_seed":false,"campfire_upgraded":1,"win_rate":0,"timestamp":1553434460,"path_taken":["M","?","?","?","$","?","R","M","T","?","?","E","?","M","R","BOSS"],"build_version":"2019-03-15","purchased_purges":0,"victory":false,"max_hp_per_floor":[71,71,71,71,71,71,71,71,71,71,71,71,71,71,71,71],"card_choices":[{"not_picked":["Compile Driver","Conserve Battery"],"picked":"Genetic Algorithm","floor":1},{"not_picked":["Melter","Multi-Cast"],"picked":"Ball Lightning","floor":6},{"not_picked":["Reinforced Body","Gash"],"picked":"Coolheaded","floor":8},{"not_picked":["Coolheaded","Double Energy","Stack"],"picked":"SKIP","floor":12},{"not_picked":["Streamline","Beam Cell"],"picked":"Gash","floor":13},{"not_picked":["Lockon","Steam"],"picked":"Go for the Eyes","floor":14}],"player_experience":1216792,"relics_obtained":[{"floor":9,"key":"Pen Nib"},{"floor":12,"key":"Shovel"},{"floor":15,"key":"Potion Belt"}],"event_choices":[{"damage_healed":0,"gold_gain":75,"player_choice":"Gather Gold","damage_taken":11,"max_hp_gain":0,"max_hp_loss":0,"event_name":"World of Goop","floor":2,"gold_loss":0},{"damage_healed":0,"gold_gain":0,"player_choice":"Box","damage_taken":0,"relics_obtained":["Incense Burner"],"max_hp_gain":0,"max_hp_loss":0,"event_name":"Big Fish","floor":3,"gold_loss":0,"cards_obtained":["Regret"]},{"cards_removed":["Regret"],"damage_healed":0,"gold_gain":0,"player_choice":"Card Removal","damage_taken":7,"max_hp_gain":0,"max_hp_loss":0,"event_name":"Golden Wing","floor":4,"gold_loss":0},{"damage_healed":0,"gold_gain":0,"player_choice":"Grow","damage_taken":0,"max_hp_gain":0,"max_hp_loss":0,"event_name":"Living Wall","floor":10,"gold_loss":0,"cards_upgraded":["Coolheaded"]},{"damage_healed":0,"gold_gain":0,"player_choice":"Cursed","damage_taken":0,"max_hp_gain":0,"max_hp_loss":0,"event_name":"Wheel of Change","floor":11,"gold_loss":0,"cards_obtained":["Decay"]}],"is_beta":true,"boss_relics":[],"items_purged_floors":[],"is_endless":false,"potions_floor_spawned":[1,8],"killed_by":"Hexaghost","ascension_level":20}