{"path_per_floor":["M","M","M","$","?","R","$","E","T","R","?","M","M","?","R","B",null,"M","M","M","$","?","E"],"character_chosen":"THE_SILENT","items_purchased":["Crippling Poison","Dagger Throw","Flying Knee"],"gold_per_floor":[117,135,150,38,38,38,16,48,48,48,48,58,73,73,73,174,174,155,169,180,35,35,66],"floor_reached":24,"campfire_rested":2,"playtime":2352,"current_hp_per_floor":[70,70,65,65,65,65,65,25,25,46,46,39,39,39,60,40,70,59,59,59,59,59,8],"items_purged":["Strike_G","Strike_G"],"gold":66,"play_id":"c39659dc-3ac0-4c71-b985-620c97d1b542","is_prod":false,"is_daily":false,"campfire_rituals":0,"campfire_upgraded":1,"is_hardmode":false,"path_taken":["M","M","M","$","?","R","$","E","T","R","?","M","M","?","R","BOSS","M","M","M","$","?","E","M"],"build_version":"2018-01-11-PROD2","purchased_purges":2,"victory":false,"master_deck":["Defend_G","Defend_G","Defend_G","Defend_G","Defend_G","Strike_G","Strike_G","Strike_G","Survivor","Neutralize","Crippling Poison","Poisoned Stab","Prepared","Crippling Poison","Dagger Throw","Escape Plan","Escape Plan","Poisoned Stab","Adrenaline","Catalyst","Outmaneuver","Envenom","Flying Knee","Decay"],"max_hp_per_floor":[70,70,70,70,70,70,70,70,70,70,70,70,70,70,70,70,70,70,70,70,70,70,70],"relics":["Ring of the Snake","Ice Cream","Bottled Flame","Runic Pyramid","Toxic Egg"],"campfire_meditates":0,"card_choices":[{"not_picked":["Prepared","Dodge and Roll"],"picked":"Crippling Poison"},{"not_picked":["Flying Knee","Backflip"],"picked":"Poisoned Stab"},{"not_picked":["Dagger Spray","Acrobatics"],"picked":"Prepared"},{"not_picked":["Corpse Explosion","Finisher"],"picked":"Escape Plan"},{"not_picked":["Dodge and Roll","Blade Dance"],"picked":"Escape Plan"},{"not_picked":["Bane","Skewer"],"picked":"Poisoned Stab"},{"not_picked":["Tools of the Trade","Night Terror"],"picked":"Adrenaline"},{"not_picked":["Deflect","Finisher"],"picked":"Catalyst"},{"not_picked":["Dodge and Roll","Deadly Poison"],"picked":"Outmaneuver"},{"not_picked":["Slice","Escape Plan"],"picked":"Envenom"}],"player_experience":17303,"potions_floor_usage":[16,23],"damage_taken":[{"damage":0,"enemies":"Jaw Worm","floor":1,"turns":5},{"damage":0,"enemies":"Cultist","floor":2,"turns":4},{"damage":5,"enemies":"2 Louse","floor":3,"turns":3},{"damage":40,"enemies":"3 Sentries","floor":8,"turns":11},{"damage":7,"enemies":"Looter","floor":12,"turns":3},{"damage":0,"enemies":"Red Slaver","floor":13,"turns":4},{"damage":20,"enemies":"Hexaghost","floor":16,"turns":8},{"damage":11,"enemies":"2 Thieves","floor":18,"turns":4},{"damage":0,"enemies":"Shell Parasite","floor":19,"turns":4},{"damage":0,"enemies":"Chosen and Byrds","floor":20,"turns":6},{"damage":51,"enemies":"Slavers","floor":23,"turns":8},{"damage":16,"enemies":"Slaver and Parasite","floor":24,"turns":1}],"event_choices":[{"event_name":"Living Wall","player_choice":"Grow","floor":5,"damage_taken":0},{"event_name":"Dead Adventurer","player_choice":"Searched \u00270\u0027 times","floor":11,"damage_taken":0},{"event_name":"Accursed Blacksmith","player_choice":"Forge","floor":14,"damage_taken":0},{"event_name":"Forgotten Altar","player_choice":"Smashed Altar","floor":22,"damage_taken":0}],"boss_relics":[{"not_picked":["Velvet Choker","Sozu"],"picked":"Runic Pyramid"}],"potions_floor_spawned":[3,12,16,19,20],"seed_played":"8275763112564305630","killed_by":"Slaver and Parasite","is_trial":false}