{"gold_per_floor":[118,293,313,388,115,115,141,160,187,12,22,22,41,57,57,154,154,169,134,146,146],"floor_reached":21,"playtime":1198,"items_purged":["Doubt","Strike_R"],"score":280,"play_id":"3eeefea9-bb64-4f55-a14a-eabaaa3e08e2","local_time":"20181110160023","is_ascension_mode":true,"campfire_choices":[{"data":"True Grit","floor":6,"key":"SMITH"},{"data":"Barricade","floor":15,"key":"SMITH"}],"neow_cost":"TEN_PERCENT_HP_LOSS","seed_source_timestamp":4681465176226,"circlet_count":0,"master_deck":["Strike_R","Strike_R","Strike_R","Defend_R","Defend_R","Defend_R","Defend_R","Bash","Barricade+1","Whirlwind","True Grit+1","Rage","Spot Weakness","Ghostly Armor","Iron Wave","Metallicize","Shrug It Off","Power Through","Demon Form","Iron Wave","Shrug It Off","Shrug It Off"],"relics":["Burning Blood","Strange Spoon","Oddly Smooth Stone","Art of War","Mark of Pain"],"potions_floor_usage":[7,16,21,21],"damage_taken":[{"damage":6,"enemies":"Cultist","floor":1,"turns":3},{"damage":4,"enemies":"Small Slimes","floor":3,"turns":3},{"damage":46,"enemies":"3 Sentries","floor":7,"turns":7},{"damage":6,"enemies":"2 Louse","floor":8,"turns":3},{"damage":2,"enemies":"Exordium Wildlife","floor":11,"turns":3},{"damage":0,"enemies":"3 Louse","floor":13,"turns":2},{"damage":3,"enemies":"Red Slaver","floor":14,"turns":6},{"damage":0,"enemies":"Hexaghost","floor":16,"turns":15},{"damage":24,"enemies":"3 Byrds","floor":18,"turns":6},{"damage":12,"enemies":"2 Thieves","floor":19,"turns":5},{"damage":19,"enemies":"Shelled Parasite and Fungi","floor":20,"turns":12},{"damage":17,"enemies":"Colosseum Slavers","floor":21,"turns":7},{"damage":51,"enemies":"Colosseum Nobs","floor":21,"turns":3}],"seed_played":"-1083185898646435134","potions_obtained":[{"floor":3,"key":"Explosive Potion"},{"floor":7,"key":"GamblersBrew"},{"floor":8,"key":"SmokeBomb"},{"floor":11,"key":"LiquidBronze"},{"floor":19,"key":"FearPotion"},{"floor":20,"key":"Regen Potion"}],"is_trial":false,"path_per_floor":["M","?","M","?","$","R","E","M","T","$","M","?","M","M","R","B",null,"M","M","M","?"],"character_chosen":"IRONCLAD","items_purchased":["Strange Spoon","Ghostly Armor"],"campfire_rested":0,"item_purchase_floors":[5,10],"current_hp_per_floor":[72,72,72,61,61,61,21,21,21,21,25,25,31,34,34,40,72,54,48,35,0],"gold":146,"neow_bonus":"THREE_RARE_CARDS","is_prod":false,"is_daily":false,"chose_seed":false,"campfire_upgraded":2,"win_rate":0,"timestamp":1541883623,"path_taken":["M","?","M","?","$","R","E","M","T","$","M","?","M","M","R","BOSS","M","M","M","?"],"build_version":"2018-11-08","purchased_purges":2,"victory":false,"max_hp_per_floor":[72,72,72,72,72,72,72,72,72,72,72,72,72,72,72,72,72,72,72,72,72],"card_choices":[{"not_picked":["Dark Embrace","Fiend Fire"],"picked":"Barricade","floor":0},{"not_picked":["Clothesline","Fire Breathing"],"picked":"Whirlwind","floor":1},{"not_picked":["Thunderclap","Armaments"],"picked":"True Grit","floor":3},{"not_picked":["Reckless Charge","Clash"],"picked":"Rage","floor":7},{"not_picked":["Searing Blow","Warcry"],"picked":"Spot Weakness","floor":8},{"not_picked":["Evolve","Rampage"],"picked":"Iron Wave","floor":11},{"not_picked":["Carnage","Havoc"],"picked":"Shrug It Off","floor":13},{"not_picked":["Intimidate","Combust"],"picked":"Power Through","floor":14},{"not_picked":["Barricade","Double Tap"],"picked":"Demon Form","floor":16},{"not_picked":["Wild Strike","Rage"],"picked":"Iron Wave","floor":18},{"not_picked":["Cleave","Armaments"],"picked":"Shrug It Off","floor":19},{"not_picked":["Bloodletting","Clash"],"picked":"Shrug It Off","floor":20}],"player_experience":127940,"relics_obtained":[{"floor":7,"key":"Oddly Smooth Stone"},{"floor":9,"key":"Art of War"}],"event_choices":[{"damage_healed":0,"gold_gain":175,"player_choice":"AGREE","damage_taken":0,"max_hp_gain":0,"max_hp_loss":0,"event_name":"Liars Game","floor":2,"gold_loss":0,"cards_obtained":["Doubt"]},{"damage_healed":0,"gold_gain":75,"player_choice":"Gather Gold","damage_taken":11,"max_hp_gain":0,"max_hp_loss":0,"event_name":"World of Goop","floor":4,"gold_loss":0},{"damage_healed":0,"gold_gain":0,"cards_transformed":["Strike_R"],"player_choice":"Change","damage_taken":0,"max_hp_gain":0,"max_hp_loss":0,"event_name":"Living Wall","floor":12,"gold_loss":0,"cards_obtained":["Metallicize"]},{"damage_healed":0,"gold_gain":0,"player_choice":"Fight","damage_taken":0,"max_hp_gain":0,"max_hp_loss":0,"event_name":"Colosseum","floor":21,"gold_loss":0},{"damage_healed":0,"gold_gain":0,"player_choice":"Fought Nobs","damage_taken":0,"max_hp_gain":0,"max_hp_loss":0,"event_name":"Colosseum","floor":21,"gold_loss":0}],"is_beta":true,"boss_relics":[{"not_picked":["Eternal Feather","Sozu"],"picked":"Mark of Pain"}],"items_purged_floors":[5,10],"is_endless":false,"potions_floor_spawned":[3,7,8,11,19,20,21],"killed_by":"Colosseum Nobs","ascension_level":4}