{"gold_per_floor":[19,37,49,68,85,85,115,115,115,115,126,152,163,163,163,239,239,258,270,281,281],"floor_reached":21,"playtime":892,"items_purged":[],"score":389,"play_id":"b2b0e94d-e390-43a1-b1bc-39bfac1cd3fa","local_time":"20190314114049","is_ascension_mode":true,"campfire_choices":[{"data":"Zap","floor":6,"key":"SMITH"},{"data":"Streamline","floor":8,"key":"SMITH"},{"data":"Conserve Battery","floor":10,"key":"SMITH"},{"data":"Capacitor","floor":15,"key":"SMITH"}],"neow_cost":"NO_GOLD","seed_source_timestamp":29349008451842,"circlet_count":0,"master_deck":["AscendersBane","Strike_B","Strike_B","Defend_B","Defend_B","Defend_B","Defend_B","Zap+1","Dualcast","Conserve Battery+1","Sweeping Beam","Streamline+1","Melter","Streamline","Capacitor+1","Echo Form","Chaos+1"],"relics":["Cracked Core","Art of War","Bag of Preparation","Singing Bowl","Sozu"],"potions_floor_usage":[12,16],"damage_taken":[{"damage":0,"enemies":"2 Louse","floor":1,"turns":3},{"damage":2,"enemies":"Jaw Worm","floor":2,"turns":5},{"damage":9,"enemies":"Small Slimes","floor":3,"turns":3},{"damage":1,"enemies":"Blue Slaver","floor":4,"turns":4},{"damage":6,"enemies":"Red Slaver","floor":5,"turns":3},{"damage":9,"enemies":"2 Fungi Beasts","floor":11,"turns":3},{"damage":0,"enemies":"3 Sentries","floor":12,"turns":6},{"damage":0,"enemies":"Exordium Wildlife","floor":13,"turns":2},{"damage":53,"enemies":"The Guardian","floor":16,"turns":11},{"damage":24,"enemies":"2 Thieves","floor":18,"turns":3},{"damage":14,"enemies":"Shell Parasite","floor":19,"turns":3},{"damage":5,"enemies":"Sentry and Sphere","floor":20,"turns":3},{"damage":27,"enemies":"Shelled Parasite and Fungi","floor":21,"turns":2}],"seed_played":"7706149391964187464","potions_obtained":[{"floor":3,"key":"SkillPotion"},{"floor":4,"key":"Ancient Potion"},{"floor":13,"key":"SkillPotion"}],"is_trial":false,"path_per_floor":["M","M","M","M","M","R","?","R","T","R","M","E","M","?","R","B",null,"M","M","M","M"],"character_chosen":"DEFECT","items_purchased":[],"campfire_rested":0,"item_purchase_floors":[],"current_hp_per_floor":[64,62,53,52,46,46,46,46,46,46,37,39,39,63,63,10,57,33,21,18,0],"gold":281,"neow_bonus":"REMOVE_TWO","is_prod":false,"is_daily":false,"chose_seed":false,"campfire_upgraded":4,"win_rate":0,"timestamp":1552578049,"path_taken":["M","M","M","M","M","R","?","R","T","R","M","E","M","?","R","BOSS","M","M","M","M"],"build_version":"2019-02-06","purchased_purges":0,"victory":false,"max_hp_per_floor":[71,71,71,71,71,71,71,71,71,71,71,73,73,73,73,73,73,73,75,77,77],"card_choices":[{"not_picked":["Rebound","Steam"],"picked":"Conserve Battery","floor":1},{"not_picked":["Turbo","Conserve Battery"],"picked":"Sweeping Beam","floor":2},{"not_picked":["Redo","Compile Driver"],"picked":"Streamline","floor":3},{"not_picked":["Static Discharge","Lockon"],"picked":"Melter","floor":4},{"not_picked":["Compile Driver","Recycle","Barrage"],"picked":"SKIP","floor":5},{"not_picked":["Tempest","Double Energy"],"picked":"Streamline","floor":11},{"not_picked":["Amplify","Aggregate","Stack"],"picked":"Singing Bowl","floor":12},{"not_picked":["Static Discharge","Redo"],"picked":"Capacitor","floor":13},{"not_picked":["Thunder Strike","Rainbow"],"picked":"Echo Form","floor":16},{"not_picked":["Conserve Battery","Compile Driver"],"picked":"Chaos+1","floor":18},{"not_picked":["Hello World","Ball Lightning","Chill"],"picked":"Singing Bowl","floor":19},{"not_picked":["Rebound","Stack","Turbo"],"picked":"Singing Bowl","floor":20}],"player_experience":500161,"relics_obtained":[{"floor":9,"key":"Bag of Preparation"},{"floor":12,"key":"Singing Bowl"}],"event_choices":[{"damage_healed":0,"gold_gain":30,"player_choice":"Searched \u00272\u0027 times","damage_taken":0,"relics_obtained":["Art of War"],"max_hp_gain":0,"max_hp_loss":0,"event_name":"Dead Adventurer","floor":7,"gold_loss":0},{"damage_healed":24,"gold_gain":0,"player_choice":"Banana","damage_taken":0,"max_hp_gain":0,"max_hp_loss":0,"event_name":"Big Fish","floor":14,"gold_loss":0}],"is_beta":true,"boss_relics":[{"not_picked":["Snecko Eye","Coffee Dripper"],"picked":"Sozu"}],"items_purged_floors":[],"is_endless":false,"potions_floor_spawned":[3,4,11,13,19],"killed_by":"Shelled Parasite and Fungi","ascension_level":17}