{"gold_per_floor":[99,99,125,141,141,172,172,205,232,307,321,321,338,348,348,348],"floor_reached":16,"playtime":412,"items_purged":[],"score":142,"play_id":"ab1772bc-f059-4985-888a-272405c62b22","local_time":"20190306040733","is_ascension_mode":true,"campfire_choices":[{"data":"Dagger Throw","floor":7,"key":"SMITH"},{"data":"Poisoned Stab","floor":15,"key":"SMITH"}],"neow_cost":"NONE","seed_source_timestamp":44124241299632,"circlet_count":0,"master_deck":["Defend_G","Defend_G","Defend_G+1","Defend_G","Defend_G+1","Strike_G","Strike_G+1","Strike_G","Strike_G","Strike_G","Survivor","Neutralize+1","Dagger Throw+1","Dagger Spray+1","Poisoned Stab+1"],"relics":["Ring of the Snake","NeowsBlessing","Potion Belt","War Paint","Snake Skull","Pen Nib"],"potions_floor_usage":[8,8],"damage_taken":[{"damage":0,"enemies":"2 Louse","floor":1,"turns":1},{"damage":0,"enemies":"Jaw Worm","floor":4,"turns":1},{"damage":0,"enemies":"Lagavulin","floor":6,"turns":1},{"damage":6,"enemies":"3 Sentries","floor":8,"turns":11},{"damage":0,"enemies":"Small Slimes","floor":11,"turns":3},{"damage":2,"enemies":"Looter","floor":13,"turns":3},{"damage":0,"enemies":"Gremlin Gang","floor":14,"turns":1},{"damage":45,"enemies":"The Guardian","floor":16,"turns":11}],"seed_played":"9075314338275040989","potions_obtained":[{"floor":4,"key":"Energy Potion"},{"floor":6,"key":"SpeedPotion"}],"is_trial":false,"path_per_floor":["M","?","T","M","?","E","R","E","T","?","M","?","M","M","R","B"],"character_chosen":"THE_SILENT","items_purchased":[],"campfire_rested":0,"item_purchase_floors":[],"current_hp_per_floor":[70,70,70,70,75,75,75,69,69,62,62,47,45,45,45,0],"gold":348,"neow_bonus":"THREE_ENEMY_KILL","is_prod":false,"is_daily":false,"chose_seed":false,"campfire_upgraded":2,"win_rate":0,"timestamp":1551874053,"path_taken":["M","?","?","M","?","E","R","E","T","?","?","?","M","M","R","BOSS"],"build_version":"2019-01-23","purchased_purges":0,"victory":false,"max_hp_per_floor":[70,70,70,70,75,75,75,75,75,75,75,75,75,75,75,75],"card_choices":[{"not_picked":["Setup","Endless Agony","Sucker Punch"],"picked":"SKIP","floor":1},{"not_picked":["Flechettes","Underhanded Strike","Quick Slash"],"picked":"SKIP","floor":4},{"not_picked":["Predator","Tools of the Trade"],"picked":"Dagger Throw","floor":6},{"not_picked":["Concentrate","Dodge and Roll","Slice"],"picked":"SKIP","floor":8},{"not_picked":["Terror","Backflip"],"picked":"Dagger Spray","floor":11},{"not_picked":["Predator","Deflect","Dodge and Roll"],"picked":"SKIP","floor":13},{"not_picked":["Distraction","Underhanded Strike"],"picked":"Poisoned Stab","floor":14}],"player_experience":308533,"relics_obtained":[{"floor":3,"key":"Potion Belt"},{"floor":6,"key":"War Paint"},{"floor":8,"key":"Snake Skull"},{"floor":9,"key":"Pen Nib"}],"event_choices":[{"damage_healed":0,"gold_gain":0,"player_choice":"Grow","damage_taken":0,"max_hp_gain":0,"max_hp_loss":0,"event_name":"Living Wall","floor":2,"gold_loss":0,"cards_upgraded":["Neutralize"]},{"damage_healed":0,"gold_gain":0,"player_choice":"Donut","damage_taken":0,"max_hp_gain":5,"max_hp_loss":0,"event_name":"Big Fish","floor":5,"gold_loss":0},{"damage_healed":0,"gold_gain":75,"player_choice":"Touch","damage_taken":7,"max_hp_gain":0,"max_hp_loss":0,"event_name":"FaceTrader","floor":10,"gold_loss":0},{"damage_healed":0,"gold_gain":0,"player_choice":"Entered Light","damage_taken":15,"max_hp_gain":0,"max_hp_loss":0,"event_name":"Shining Light","floor":12,"gold_loss":0,"cards_upgraded":["Strike_G","Dagger Spray"]}],"is_beta":false,"boss_relics":[],"items_purged_floors":[],"is_endless":false,"potions_floor_spawned":[1,4,6],"killed_by":"The Guardian","ascension_level":1}