{"gold_per_floor":[114,114,189,33,56,95,140,180,205,205,230,251,251,269,269,389,389,410,433,96,121,139,139],"floor_reached":23,"playtime":883,"items_purged":[],"score":264,"play_id":"01149841-a0a9-4370-b29b-d8f79ca946e4","local_time":"20190228040220","is_ascension_mode":true,"campfire_choices":[{"floor":10,"key":"REST"},{"floor":13,"key":"REST"},{"data":"Dagger Spray","floor":15,"key":"SMITH"}],"neow_cost":"NONE","seed_source_timestamp":648189965359507,"circlet_count":0,"master_deck":["Defend_G","Defend_G","Defend_G","Defend_G","Defend_G","Strike_G","Strike_G","Strike_G","Strike_G","Strike_G","Survivor","Neutralize","Flying Knee","Deadly Poison","Sucker Punch","Dagger Spray+1","Adrenaline","Deadly Poison","Bane+1","Bandage Up","Slice+1"],"relics":["Ring of the Snake","NeowsBlessing","Golden Idol","Strawberry","Mango","Lantern","Bronze Scales","Eternal Feather","Bottled Flame"],"potions_floor_usage":[16,21,23,23],"damage_taken":[{"damage":0,"enemies":"Small Slimes","floor":1,"turns":1},{"damage":0,"enemies":"Jaw Worm","floor":5,"turns":1},{"damage":0,"enemies":"Gremlin Nob","floor":6,"turns":1},{"damage":49,"enemies":"Lagavulin","floor":8,"turns":10},{"damage":0,"enemies":"Cultist","floor":11,"turns":3},{"damage":17,"enemies":"Exordium Thugs","floor":12,"turns":5},{"damage":9,"enemies":"Red Slaver","floor":14,"turns":2},{"damage":40,"enemies":"Slime Boss","floor":16,"turns":14},{"damage":27,"enemies":"Shell Parasite","floor":18,"turns":6},{"damage":24,"enemies":"2 Thieves","floor":19,"turns":4},{"damage":9,"enemies":"Centurion and Healer","floor":21,"turns":10},{"damage":13,"enemies":"Snake Plant","floor":22,"turns":3},{"damage":35,"enemies":"Slavers","floor":23,"turns":3}],"seed_played":"-3138024295998590644","potions_obtained":[{"floor":11,"key":"Poison Potion"},{"floor":14,"key":"Dexterity Potion"},{"floor":21,"key":"Ancient Potion"},{"floor":22,"key":"Explosive Potion"}],"is_trial":false,"path_per_floor":["M","?","?","$","M","E","T","E","T","R","M","M","R","M","R","B",null,"M","M","$","M","M","E"],"character_chosen":"THE_SILENT","items_purchased":["Strawberry","Bottled Flame","Bandage Up"],"campfire_rested":2,"item_purchase_floors":[4,20,20],"current_hp_per_floor":[70,53,46,53,53,67,67,18,18,45,45,28,55,46,46,6,91,64,40,40,35,26,0],"gold":139,"neow_bonus":"THREE_ENEMY_KILL","is_prod":false,"is_daily":false,"chose_seed":false,"campfire_upgraded":1,"win_rate":0,"timestamp":1551355340,"path_taken":["M","?","?","$","?","E","?","E","T","R","M","M","R","?","R","BOSS","M","M","$","M","?","E"],"build_version":"2019-01-23","purchased_purges":0,"victory":false,"max_hp_per_floor":[70,70,70,77,77,91,91,91,91,91,91,91,91,91,91,91,91,91,91,91,91,91,91],"card_choices":[{"not_picked":["Flechettes","Endless Agony"],"picked":"Flying Knee","floor":1},{"not_picked":["Distraction","Choke","Backflip"],"picked":"SKIP","floor":5},{"not_picked":["Underhanded Strike","Accuracy","Blade Dance"],"picked":"SKIP","floor":6},{"not_picked":["Flying Knee","Accuracy","Outmaneuver"],"picked":"SKIP","floor":8},{"not_picked":["Poisoned Stab","Dagger Throw"],"picked":"Deadly Poison","floor":11},{"not_picked":["Dodge and Roll","Underhanded Strike"],"picked":"Sucker Punch","floor":12},{"not_picked":["Dodge and Roll","Acrobatics"],"picked":"Dagger Spray","floor":14},{"not_picked":["Wraith Form v2","Tools of the Trade"],"picked":"Adrenaline","floor":16},{"not_picked":["Sucker Punch","Escape Plan"],"picked":"Deadly Poison","floor":18},{"not_picked":["Dagger Spray","Underhanded Strike"],"picked":"Bane+1","floor":19},{"not_picked":["Backflip","Dodge and Roll","Slice"],"picked":"SKIP","floor":21},{"not_picked":["Dodge and Roll","Heel Hook"],"picked":"Slice+1","floor":22}],"player_experience":286436,"relics_obtained":[{"floor":6,"key":"Mango"},{"floor":8,"key":"Lantern"},{"floor":9,"key":"Bronze Scales"}],"event_choices":[{"damage_healed":0,"gold_gain":0,"player_choice":"Take Damage","damage_taken":17,"relics_obtained":["Golden Idol"],"max_hp_gain":0,"max_hp_loss":0,"event_name":"Golden Idol","floor":2,"gold_loss":0},{"damage_healed":0,"gold_gain":75,"player_choice":"Touch","damage_taken":7,"max_hp_gain":0,"max_hp_loss":0,"event_name":"FaceTrader","floor":3,"gold_loss":0}],"is_beta":false,"boss_relics":[{"not_picked":["Velvet Choker","Tiny House"],"picked":"Eternal Feather"}],"items_purged_floors":[],"is_endless":false,"potions_floor_spawned":[11,14,21,22],"killed_by":"Slavers","ascension_level":1}