{"gold_per_floor":[210,210,228,228,228,228,263,277,277,277,302,313,348,368,368,443,443,455,455,210,210,183,183,218,197,197,197,197,209,222,256,256,329,329,345,356,139,157,170,170,18,18,43,43],"floor_reached":44,"playtime":2217,"items_purged":[],"score":932,"play_id":"d97cce63-345f-4171-8423-c2a9bf9a37ee","local_time":"20190224205842","is_ascension_mode":true,"campfire_choices":[{"floor":6.0,"key":"REST"},{"floor":15,"key":"REST"},{"floor":23,"key":"REST"},{"floor":27,"key":"REST"},{"floor":32,"key":"REST"},{"data":"Echo Form","floor":40,"key":"SMITH"},{"data":"Hologram","floor":42,"key":"SMITH"}],"neow_cost":"NONE","seed_source_timestamp":170854741112098,"circlet_count":0,"master_deck":["AscendersBane","Strike_B","Strike_B","Strike_B","Defend_B","Defend_B","Defend_B","Defend_B","Zap","Dualcast","Sweeping Beam","Chaos","Undo","Gash","Skim","Coolheaded","Undo","Core Surge","Sweeping Beam","Electrodynamics","Conserve Battery","Echo Form+1","Reinforced Body","Hologram+1"],"special_seed":0,"relics":["Cracked Core","Du-Vu Doll","The Courier","FossilizedHelix","Symbiotic Virus","Bird Faced Urn","Runic Dome","Membership Card","Regal Pillow","Nilry\u0027s Codex","Boot","Matryoshka","Strawberry","Snecko Eye","DataDisk","OrangePellets","Bronze Scales","Runic Capacitor","Bag of Preparation","Lantern"],"potions_floor_usage":[12,24,31,44],"damage_taken":[{"damage":3.0,"enemies":"Small Slimes","floor":1.0,"turns":3.0},{"damage":0.0,"enemies":"Cultist","floor":3.0,"turns":3.0},{"damage":8.0,"enemies":"Gremlin Nob","floor":7.0,"turns":3.0},{"damage":2.0,"enemies":"Jaw Worm","floor":8.0,"turns":3.0},{"damage":7,"enemies":"Lagavulin","floor":11,"turns":6},{"damage":0,"enemies":"3 Louse","floor":12,"turns":1},{"damage":31,"enemies":"Gremlin Nob","floor":13,"turns":4},{"damage":0,"enemies":"2 Fungi Beasts","floor":14,"turns":4},{"damage":21,"enemies":"The Guardian","floor":16,"turns":13},{"damage":4,"enemies":"Shell Parasite","floor":18,"turns":5},{"damage":13,"enemies":"2 Thieves","floor":22,"turns":4},{"damage":27,"enemies":"Book of Stabbing","floor":24,"turns":6},{"damage":15,"enemies":"Shelled Parasite and Fungi","floor":29,"turns":4},{"damage":0,"enemies":"3 Cultists","floor":30,"turns":4},{"damage":46,"enemies":"Slavers","floor":31,"turns":5},{"damage":66,"enemies":"Collector","floor":33,"turns":9},{"damage":25,"enemies":"3 Darklings","floor":35,"turns":5},{"damage":0,"enemies":"Orb Walker","floor":36,"turns":4},{"damage":0,"enemies":"3 Darklings","floor":38,"turns":5},{"damage":2,"enemies":"Spire Growth","floor":39,"turns":6},{"damage":77,"enemies":"Giant Head","floor":44,"turns":7}],"seed_played":"-4804488749970571130","potions_obtained":[{"floor":1.0,"key":"Fire Potion"},{"floor":7.0,"key":"FearPotion"},{"floor":11,"key":"Explosive Potion"},{"floor":14,"key":"PowerPotion"},{"floor":29,"key":"FocusPotion"},{"floor":31,"key":"SkillPotion"}],"is_trial":false,"path_per_floor":["M","?","M","$","?","R","E","M","T","?","E","M","E","M","R","B",null,"M","?","$","?","M","R","E","$","T","R","?","M","M","E","R","B",null,"M","M","$","M","M","R","$","R","T","E"],"character_chosen":"DEFECT","items_purchased":["Membership Card","Regal Pillow","Fire Potion","DataDisk","OrangePellets","Bronze Scales","Runic Capacitor","Bag of Preparation"],"campfire_rested":5,"item_purchase_floors":[20,20,25,37,37,37,41,41],"current_hp_per_floor":[61,61,61,61,35,56,48,46,46,46,39,39,8,8,29,8,55,51,51,51,30,21,57,32,32,32,68,68,59,61,24,62,4,60,43,47,47,55,57,57,57,57,57,0],"gold":43,"neow_bonus":"HUNDRED_GOLD","is_prod":false,"is_daily":false,"chose_seed":false,"campfire_upgraded":2,"win_rate":0,"timestamp":1551059922,"path_taken":["M","?","?","$","?","R","E","M","T","?","E","M","E","M","R","BOSS","M","?","$","?","M","R","E","?","T","R","?","M","M","E","R","BOSS","M","M","$","M","M","R","$","R","T","E"],"build_version":"2019-02-06","purchased_purges":0,"victory":false,"max_hp_per_floor":[71,71,71,71,71,71,71,71,71,71,71,71,71,71,71,71,71,71,71,71,71,71,71,71,71,71,71,71,71,71,78,78,78,78,78,78,78,78,78,78,78,78,78,78],"card_choices":[{"not_picked":["Heatsinks","Compile Driver"],"picked":"Sweeping Beam","floor":1.0},{"not_picked":["Force Field","Leap"],"picked":"Undo","floor":3.0},{"not_picked":["Blizzard","Redo","Aggregate"],"picked":"SKIP","floor":7.0},{"not_picked":["Tempest","Force Field"],"picked":"Gash","floor":8.0},{"not_picked":["Redo","Chill"],"picked":"Skim","floor":11},{"not_picked":["Turbo","Leap"],"picked":"Coolheaded","floor":12},{"not_picked":["Storm","Redo","Fission"],"picked":"SKIP","floor":13},{"not_picked":["Hologram","FTL"],"picked":"Undo","floor":14},{"not_picked":["Buffer","Creative AI"],"picked":"Core Surge","floor":16},{"not_picked":["Storm+1","Redo+1"],"picked":"Sweeping Beam","floor":18},{"not_picked":["Barrage","Redo","Turbo+1"],"picked":"SKIP","floor":22},{"not_picked":["Beam Cell","Reinforced Body"],"picked":"Electrodynamics","floor":24},{"not_picked":["Rebound+1","Compile Driver","Sweeping Beam+1"],"picked":"SKIP","floor":29},{"not_picked":["Streamline","BootSequence","Lockon"],"picked":"SKIP","floor":30},{"not_picked":["Stack","Beam Cell"],"picked":"Conserve Battery","floor":31},{"not_picked":["Fission","Creative AI"],"picked":"Echo Form","floor":33},{"not_picked":["Stack","Sunder"],"picked":"Reinforced Body","floor":35},{"not_picked":["Rip and Tear","Leap","Turbo"],"picked":"SKIP","floor":36},{"not_picked":["Cold Snap","Stack","Blizzard"],"picked":"SKIP","floor":38},{"not_picked":["Redo","Chaos+1"],"picked":"Hologram","floor":39}],"player_experience":1004395,"relics_obtained":[{"floor":7.0,"key":"The Courier"},{"floor":9.0,"key":"FossilizedHelix"},{"floor":11,"key":"Symbiotic Virus"},{"floor":13,"key":"Bird Faced Urn"},{"floor":21,"key":"Nilry\u0027s Codex"},{"floor":24,"key":"Boot"},{"floor":26,"key":"Matryoshka"},{"floor":31,"key":"Strawberry"},{"floor":43,"key":"Lantern"}],"event_choices":[{"damage_healed":0.0,"max_hp_gain":0.0,"max_hp_loss":0.0,"gold_gain":0.0,"cards_transformed":["Strike_B"],"event_name":"Transmorgrifier","player_choice":"Transformed","floor":2.0,"gold_loss":0.0,"damage_taken":0.0,"cards_obtained":["Chaos"]},{"damage_healed":0.0,"max_hp_gain":0.0,"max_hp_loss":0.0,"gold_gain":0.0,"event_name":"Scrap Ooze","player_choice":"Success","floor":5.0,"gold_loss":0.0,"damage_taken":26.0,"relics_obtained":["Du-Vu Doll"]},{"damage_healed":0.0,"max_hp_gain":0.0,"max_hp_loss":0.0,"gold_gain":0.0,"event_name":"Liars Game","player_choice":"Ignored","floor":10.0,"gold_loss":0.0,"damage_taken":0.0},{"damage_healed":0,"gold_gain":0,"player_choice":"Ignored","damage_taken":0,"max_hp_gain":0,"max_hp_loss":0,"event_name":"Ghosts","floor":19,"gold_loss":0},{"damage_healed":0,"gold_gain":0,"player_choice":"Obtained Book","damage_taken":21,"max_hp_gain":0,"max_hp_loss":0,"event_name":"Cursed Tome","floor":21,"gold_loss":0},{"damage_healed":0,"gold_gain":0,"player_choice":"Ignored","damage_taken":0,"max_hp_gain":0,"max_hp_loss":0,"event_name":"Vampires","floor":28,"gold_loss":0}],"is_beta":true,"boss_relics":[{"not_picked":["Black Star","Sozu"],"picked":"Runic Dome"},{"not_picked":["Philosopher\u0027s Stone","Pandora\u0027s Box"],"picked":"Snecko Eye"}],"items_purged_floors":[],"is_endless":false,"potions_floor_spawned":[1,7,11,14,29,30,31,38],"killed_by":"Giant Head","ascension_level":20}