{"gold_per_floor":[112,187,187,207,219,253,253,275,302,37,72,72,103,83,83,157,157,170,190,190,190,202,202,229,229,229,246,246],"floor_reached":28,"playtime":861,"items_purged":[],"score":558,"play_id":"261aa91d-77bb-40a2-92af-97b6a91f9275","local_time":"20181218155632","is_ascension_mode":true,"campfire_choices":[{"floor":7.0,"key":"REST"},{"floor":12.0,"key":"REST"},{"data":"Apotheosis","floor":15.0,"key":"SMITH"},{"floor":23.0,"key":"REST"}],"neow_cost":"NONE","seed_source_timestamp":0,"circlet_count":0,"master_deck":["AscendersBane","Strike_B","Defend_B","Defend_B","Defend_B","Defend_B","Zap","Dualcast","BootSequence","Ball Lightning","Cold Snap","Sweeping Beam","Ball Lightning","Apotheosis+1","Compile Driver","Ball Lightning","Core Surge","Coolheaded","Go for the Eyes","Capacitor","Conserve Battery+1","Core Surge","Leap"],"special_seed":0,"relics":["Cracked Core","NeowsBlessing","Anchor","Odd Mushroom","Bag of Marbles","Prayer Wheel","Empty Cage","StoneCalendar","Mummified Hand"],"potions_floor_usage":[28],"damage_taken":[{"damage":0.0,"enemies":"Jaw Worm","floor":1.0,"turns":1.0},{"damage":0.0,"enemies":"Cultist","floor":4.0,"turns":1.0},{"damage":0.0,"enemies":"2 Louse","floor":5.0,"turns":1.0},{"damage":37.0,"enemies":"Gremlin Nob","floor":6.0,"turns":4.0},{"damage":11.0,"enemies":"The Mushroom Lair","floor":8.0,"turns":4.0},{"damage":12.0,"enemies":"Lagavulin","floor":11.0,"turns":6.0},{"damage":0.0,"enemies":"Gremlin Nob","floor":13.0,"turns":2.0},{"damage":19.0,"enemies":"Hexaghost","floor":16.0,"turns":8.0},{"damage":3.0,"enemies":"Spheric Guardian","floor":18.0,"turns":3.0},{"damage":11.0,"enemies":"Chosen","floor":19.0,"turns":4.0},{"damage":3.0,"enemies":"Centurion and Healer","floor":22.0,"turns":7.0},{"damage":19.0,"enemies":"Gremlin Leader","floor":24.0,"turns":6.0},{"damage":9,"enemies":"Colosseum Slavers","floor":25,"turns":5},{"damage":14,"enemies":"Snake Plant","floor":27,"turns":4},{"damage":1,"enemies":"Sentry and Sphere","floor":28,"turns":3}],"seed_played":"-4042920477890593199","potions_obtained":[{"floor":4.0,"key":"Strength Potion"},{"floor":8.0,"key":"Energy Potion"},{"floor":11.0,"key":"Regen Potion"},{"floor":13.0,"key":"Fire Potion"},{"floor":14.0,"key":"EntropicBrew"},{"floor":27,"key":"Fire Potion"}],"is_trial":false,"path_per_floor":["M","?","?","M","M","E","R","?","T","$","E","R","E","?","R","B",null,"M","M","?","?","M","R","E","?","T","M","M"],"character_chosen":"DEFECT","items_purchased":["Apotheosis","AttackPotion"],"campfire_rested":3,"item_purchase_floors":[10,10],"current_hp_per_floor":[64,53,53,53,53,16,37,26,26,26,14,35,40,40,40,21,59,56,45,25,25,22,44,25,16,16,2,1],"gold":246,"neow_bonus":"THREE_ENEMY_KILL","is_prod":false,"is_daily":false,"chose_seed":false,"campfire_upgraded":1,"win_rate":0,"timestamp":1545166592,"path_taken":["M","?","?","M","?","E","R","?","T","$","E","R","E","?","R","BOSS","M","M","?","?","M","R","E","?","T","?","M"],"build_version":"2018-12-17","purchased_purges":0,"victory":false,"max_hp_per_floor":[71,71,71,71,71,71,71,71,71,71,71,71,71,71,71,71,71,71,71,76,76,76,76,76,76,76,76,76],"card_choices":[{"not_picked":["Hologram","Reprogram"],"picked":"BootSequence","floor":1.0},{"not_picked":["Rebound","Fusion"],"picked":"Ball Lightning","floor":4.0},{"not_picked":["Chaos","White Noise"],"picked":"Cold Snap","floor":5.0},{"not_picked":["Reinforced Body","Melter"],"picked":"Sweeping Beam","floor":6.0},{"not_picked":["Stack","Turbo"],"picked":"Ball Lightning","floor":8.0},{"not_picked":["Static Discharge","Ball Lightning"],"picked":"Compile Driver","floor":11.0},{"not_picked":["Blizzard","Barrage"],"picked":"Ball Lightning","floor":13.0},{"not_picked":["Machine Learning","Multi-Cast"],"picked":"Core Surge","floor":16.0},{"not_picked":["Reprogram","Auto Shields"],"picked":"Coolheaded","floor":18.0},{"not_picked":["Sweeping Beam+1","Recycle"],"picked":"Go for the Eyes","floor":18.0},{"not_picked":["White Noise","Sweeping Beam"],"picked":"Capacitor","floor":19.0},{"not_picked":["Doom and Gloom","Rip and Tear","Steam Power"],"picked":"SKIP","floor":19.0},{"not_picked":["Rebound","Turbo"],"picked":"Conserve Battery+1","floor":22.0},{"not_picked":["Scrape","Lockon","Heatsinks"],"picked":"SKIP","floor":22.0},{"not_picked":["White Noise","Go for the Eyes"],"picked":"Core Surge","floor":24.0},{"not_picked":["Compile Driver","Turbo"],"picked":"Leap","floor":27},{"not_picked":["Storm","Ball Lightning","Redo"],"picked":"SKIP","floor":27}],"player_experience":908398,"relics_obtained":[{"floor":6.0,"key":"Anchor"},{"floor":8.0,"key":"Odd Mushroom"},{"floor":11.0,"key":"Bag of Marbles"},{"floor":13.0,"key":"Prayer Wheel"},{"floor":24.0,"key":"StoneCalendar"},{"floor":26,"key":"Mummified Hand"}],"event_choices":[{"damage_healed":0.0,"max_hp_gain":0.0,"max_hp_loss":0.0,"gold_gain":75.0,"event_name":"World of Goop","player_choice":"Gather Gold","floor":2.0,"gold_loss":0.0,"damage_taken":11.0},{"cards_removed":["Strike_B"],"damage_healed":0.0,"max_hp_gain":0.0,"max_hp_loss":0.0,"gold_gain":0.0,"event_name":"Purifier","player_choice":"Purged","floor":3.0,"gold_loss":0.0,"damage_taken":0.0},{"damage_healed":0.0,"max_hp_gain":0.0,"max_hp_loss":0.0,"gold_gain":0.0,"event_name":"Mushrooms","player_choice":"Fought Mushrooms","floor":8.0,"gold_loss":0.0,"damage_taken":0.0},{"damage_healed":0.0,"max_hp_gain":0.0,"max_hp_loss":0.0,"gold_gain":0.0,"event_name":"The Woman in Blue","player_choice":"Bought 1 Potion","floor":14.0,"gold_loss":0.0,"damage_taken":0.0},{"damage_healed":0.0,"max_hp_gain":5.0,"max_hp_loss":0.0,"gold_gain":0.0,"event_name":"Forgotten Altar","player_choice":"Shed Blood","floor":20.0,"gold_loss":0.0,"damage_taken":25.0},{"damage_healed":0.0,"max_hp_gain":0.0,"max_hp_loss":0.0,"gold_gain":0.0,"event_name":"Vampires","player_choice":"Ignored","floor":21.0,"gold_loss":0.0,"damage_taken":0.0},{"damage_healed":0,"gold_gain":0,"player_choice":"Fight","damage_taken":0,"max_hp_gain":0,"max_hp_loss":0,"event_name":"Colosseum","floor":25,"gold_loss":0},{"damage_healed":0,"gold_gain":0,"player_choice":"Fled From Nobs","damage_taken":0,"max_hp_gain":0,"max_hp_loss":0,"event_name":"Colosseum","floor":25,"gold_loss":0}],"is_beta":true,"boss_relics":[{"not_picked":["Calling Bell","FrozenCore"],"picked":"Empty Cage"}],"items_purged_floors":[],"is_endless":false,"potions_floor_spawned":[4,8,11,13,16,25,27],"killed_by":"Sentry and Sphere","ascension_level":20}