{"gold_per_floor":[13,13,31,77,77,77,108,108,108,108,119,132,143,162,162,162],"floor_reached":16,"playtime":427,"items_purged":[],"score":128,"play_id":"fa46af72-43b1-406a-aec1-264183d2d10e","local_time":"20190122003251","is_ascension_mode":true,"campfire_choices":[{"data":"Zap","floor":6,"key":"SMITH"},{"data":"Dualcast","floor":8,"key":"SMITH"},{"floor":10,"key":"REST"},{"data":"Beam Cell","floor":15,"key":"SMITH"}],"neow_cost":"NO_GOLD","seed_source_timestamp":26243978735329,"circlet_count":0,"master_deck":["Strike_B","Strike_B","Strike_B","Strike_B","Defend_B","Defend_B","Defend_B","Defend_B","Zap+1","Dualcast+1","Heatsinks","Sweeping Beam","Pain","All For One","Gash","Gash","Beam Cell+1","All For One"],"relics":["Cracked Core","Torii","Regal Pillow","WarpedTongs","Gremlin Horn","Letter Opener"],"potions_floor_usage":[12,16],"damage_taken":[{"damage":2,"enemies":"Jaw Worm","floor":1,"turns":3},{"damage":0,"enemies":"Small Slimes","floor":3,"turns":2},{"damage":42,"enemies":"Gremlin Nob","floor":7,"turns":4},{"damage":1,"enemies":"Cultist","floor":11,"turns":2},{"damage":8,"enemies":"Lots of Slimes","floor":12,"turns":1},{"damage":6,"enemies":"Large Slime","floor":13,"turns":2},{"damage":20,"enemies":"Exordium Wildlife","floor":14,"turns":2},{"damage":45,"enemies":"The Guardian","floor":16,"turns":6}],"seed_played":"-1897737844013423027","potions_obtained":[{"floor":11,"key":"PowerPotion"},{"floor":13,"key":"SpeedPotion"}],"is_trial":false,"path_per_floor":["?","T","?","M","M"],"character_chosen":"DEFECT","items_purchased":[],"campfire_rested":1,"item_purchase_floors":[],"current_hp_per_floor":[73,78,78,78,78,78,36,36,36,75,74,66,60,40,40,0],"gold":162,"neow_bonus":"ONE_RARE_RELIC","is_prod":false,"is_daily":false,"chose_seed":false,"campfire_upgraded":3,"win_rate":0,"timestamp":1548135171,"path_taken":["M","?","M","?","?","R","E","R","T","R","?","M","?","M","R","BOSS"],"build_version":"2019-01-20","purchased_purges":0,"victory":false,"max_hp_per_floor":[75,80,80,80,80,80,80,80,80,80,80,80,80,80,80,80],"card_choices":[{"not_picked":["Beam Cell","Ball Lightning"],"picked":"Heatsinks","floor":1},{"not_picked":["Redo","Rebound"],"picked":"Sweeping Beam","floor":3},{"not_picked":["Rebound","Cold Snap"],"picked":"All For One","floor":7},{"not_picked":["Undo","Rebound"],"picked":"Gash","floor":11},{"not_picked":["FTL","Steam"],"picked":"Gash","floor":12},{"not_picked":["Static Discharge","Rebound"],"picked":"Beam Cell","floor":13},{"not_picked":["Sweeping Beam","Tempest"],"picked":"All For One","floor":14}],"player_experience":247090,"relics_obtained":[{"floor":4,"key":"Regal Pillow"},{"floor":7,"key":"Gremlin Horn"},{"floor":9,"key":"Letter Opener"}],"event_choices":[{"damage_healed":0,"gold_gain":0,"player_choice":"Donut","damage_taken":0,"max_hp_gain":5,"max_hp_loss":0,"event_name":"Big Fish","floor":2,"gold_loss":0},{"damage_healed":0,"gold_gain":0,"player_choice":"Rummage","damage_taken":0,"relics_obtained":["WarpedTongs"],"max_hp_gain":0,"max_hp_loss":0,"event_name":"Accursed Blacksmith","floor":5,"gold_loss":0,"cards_obtained":["Pain"]}],"is_beta":true,"boss_relics":[],"items_purged_floors":[],"is_endless":false,"potions_floor_spawned":[11,13],"killed_by":"The Guardian","ascension_level":5}