{"gold_per_floor":[20,33,53,53,53,53,82,82,82,99,111,172,172,172,172,245,245,258,258,23,23,73,103,103,103],"floor_reached":25,"playtime":1409,"items_purged":[],"score":420,"play_id":"c9e7b98d-a370-444d-8474-6c8d85ab2c9d","local_time":"20190315050243","is_ascension_mode":true,"campfire_choices":[{"data":"Zap","floor":6,"key":"SMITH"},{"data":"Scrape","floor":8,"key":"SMITH"},{"floor":13,"key":"REST"},{"data":"Defragment","floor":15,"key":"SMITH"},{"data":"Seek","floor":24,"key":"SMITH"}],"neow_cost":"NO_GOLD","seed_source_timestamp":91344286214277,"circlet_count":0,"master_deck":["AscendersBane","Strike_B","Defend_B","Defend_B","Defend_B","Defend_B","Zap+1","Dualcast","Go for the Eyes","Seek+1","Gash","Rebound","Self Repair","Scrape+1","Cold Snap","Defragment+1","Melter","Reboot","Scrape","Defragment","Gash+1"],"relics":["Cracked Core","Juzu Bracelet","Bottled Lightning","Gremlin Horn","Tiny Chest","Inserter","Bronze Scales","Darkstone Periapt","Anchor","Du-Vu Doll"],"potions_floor_usage":[10,12,16],"damage_taken":[{"damage":2,"enemies":"Small Slimes","floor":1,"turns":3},{"damage":0,"enemies":"Jaw Worm","floor":2,"turns":4},{"damage":1,"enemies":"Cultist","floor":3,"turns":3},{"damage":28,"enemies":"Gremlin Nob","floor":7,"turns":4},{"damage":1,"enemies":"Exordium Wildlife","floor":10,"turns":3},{"damage":11,"enemies":"Blue Slaver","floor":11,"turns":3},{"damage":14,"enemies":"3 Sentries","floor":12,"turns":7},{"damage":13,"enemies":"Hexaghost","floor":16,"turns":9},{"damage":19,"enemies":"3 Byrds","floor":18,"turns":4},{"damage":18,"enemies":"Gremlin Leader","floor":23,"turns":7},{"damage":25,"enemies":"Book of Stabbing","floor":25,"turns":4}],"seed_played":"-361723189582756979","potions_obtained":[{"floor":3,"key":"Dexterity Potion"},{"floor":10,"key":"FearPotion"},{"floor":12,"key":"Dexterity Potion"}],"is_trial":false,"path_per_floor":["M","M","M","?","?","R","E","R","T","M","M","E","R","?","R","B",null,"M","$","$","T","T","E","R","E"],"character_chosen":"DEFECT","items_purchased":["Defragment","Bronze Scales"],"campfire_rested":1,"item_purchase_floors":[20,20],"current_hp_per_floor":[62,62,61,43,43,43,22,22,22,28,24,17,38,38,38,32,61,42,42,42,42,42,24,24,0],"gold":103,"neow_bonus":"TRANSFORM_TWO_CARDS","is_prod":false,"is_daily":false,"chose_seed":false,"campfire_upgraded":4,"win_rate":0,"timestamp":1552640563,"path_taken":["M","M","M","?","?","R","E","R","T","M","M","E","R","?","R","BOSS","M","?","$","?","?","E","R","E"],"build_version":"2019-02-06","purchased_purges":0,"victory":false,"max_hp_per_floor":[71,71,71,71,71,71,71,71,71,71,71,71,71,71,71,71,71,71,71,71,71,71,71,71,71],"card_choices":[{"not_picked":["Turbo","Chaos"],"picked":"Gash","floor":1},{"not_picked":["Storm","Redo","Double Energy"],"picked":"SKIP","floor":2},{"not_picked":["Storm","Beam Cell"],"picked":"Rebound","floor":3},{"not_picked":["Genetic Algorithm","Chaos"],"picked":"Scrape","floor":7},{"not_picked":["Turbo","Sweeping Beam"],"picked":"Cold Snap","floor":10},{"not_picked":["Steam Power","BootSequence"],"picked":"Defragment","floor":11},{"not_picked":["Turbo","Skim"],"picked":"Melter","floor":12},{"not_picked":["Hyperbeam","Meteor Strike"],"picked":"Reboot","floor":16},{"not_picked":["Hologram","Storm"],"picked":"Scrape","floor":18},{"not_picked":["Blizzard","Compile Driver"],"picked":"Gash+1","floor":23}],"player_experience":508838,"relics_obtained":[{"floor":7,"key":"Bottled Lightning"},{"floor":9,"key":"Gremlin Horn"},{"floor":12,"key":"Tiny Chest"},{"floor":21,"key":"Darkstone Periapt"},{"floor":22,"key":"Anchor"},{"floor":23,"key":"Du-Vu Doll"}],"event_choices":[{"damage_healed":0,"gold_gain":0,"player_choice":"Success","damage_taken":18,"relics_obtained":["Juzu Bracelet"],"max_hp_gain":0,"max_hp_loss":0,"event_name":"Scrap Ooze","floor":4,"gold_loss":0},{"damage_healed":0,"gold_gain":0,"cards_transformed":["Strike_B"],"player_choice":"Change","damage_taken":0,"max_hp_gain":0,"max_hp_loss":0,"event_name":"Living Wall","floor":5,"gold_loss":0,"cards_obtained":["Self Repair"]},{"damage_healed":0,"gold_gain":0,"player_choice":"0 cards matched","damage_taken":0,"max_hp_gain":0,"max_hp_loss":0,"event_name":"Match and Keep!","floor":14,"gold_loss":0,"cards_obtained":[]}],"is_beta":true,"boss_relics":[{"not_picked":["Snecko Eye","Busted Crown"],"picked":"Inserter"}],"items_purged_floors":[],"is_endless":false,"potions_floor_spawned":[3,10,12],"killed_by":"Book of Stabbing","ascension_level":17}