{"path_per_floor":["M","$","M","?","M","R","M","M","T","R","M","M","M","M","R","B",null,"M","?","M","?","?","R","M","$","T","M","E","M","R","M","R"],"character_chosen":"THE_SILENT","items_purchased":["Gremlin Horn","Noxious Fumes","Deadly Poison"],"gold_per_floor":[214,139,153,153,165,165,177,190,190,190,207,222,238,258,258,363,363,377,377,395,395,395,395,413,51,76,95,127,137,137,149,149,149],"floor_reached":33,"campfire_rested":3,"playtime":1208,"current_hp_per_floor":[70,70,70,70,70,70,65,61,61,61,47,44,24,24,45,41,70,61,61,59,46,46,46,46,46,46,22,12,30,52,32,54,0],"items_purged":["Defend_G"],"gold":149,"score":291,"play_id":"20c417a1-f1ea-422f-bd34-f1cd6d7f8d55","local_time":"20180402231753","is_prod":false,"is_daily":false,"is_ascension_mode":false,"campfire_upgraded":3,"timestamp":1522736273,"path_taken":["M","$","M","?","M","R","M","M","T","R","?","M","M","M","R","BOSS","M","?","M","?","?","R","M","$","T","?","E","?","R","M","R","BOSS"],"build_version":"2018-03-29v2","purchased_purges":2,"victory":false,"master_deck":["Defend_G+1","Defend_G+1","Defend_G+1","Defend_G+1","Strike_G+1","Strike_G+1","Strike_G+1","Strike_G+1","Strike_G+1","Survivor","Neutralize+1","Deadly Poison+1","Noxious Fumes+1","Deadly Poison+1","Deadly Poison","Deadly Poison","Noxious Fumes","Deadly Poison","Deadly Poison","Burst","Deadly Poison"],"max_hp_per_floor":[70,70,70,70,70,70,70,70,70,70,70,70,70,70,70,70,70,70,70,70,75,75,75,75,75,75,75,75,75,75,75,75,75],"relics":["Ring of the Snake","Ice Cream","Lizard Tail","Gremlin Horn","Bag of Preparation","Lantern"],"card_choices":[{"not_picked":["Underhanded Strike","Deflect"],"picked":"Deadly Poison","floor":3},{"not_picked":["Reflex","Dagger Throw"],"picked":"Noxious Fumes","floor":8},{"not_picked":["Crippling Poison","PiercingWail"],"picked":"Deadly Poison","floor":12},{"not_picked":["Outmaneuver","PiercingWail"],"picked":"Deadly Poison","floor":20},{"not_picked":["Flying Knee","Outmaneuver"],"picked":"Deadly Poison","floor":24},{"not_picked":["Cloak And Dagger","Dagger Spray"],"picked":"Deadly Poison","floor":27},{"not_picked":["Accuracy","Slice"],"picked":"Burst","floor":28},{"not_picked":["Well Laid Plans","Infinite Blades"],"picked":"Deadly Poison","floor":29}],"player_experience":113106,"potions_floor_usage":[7,11,16,16,24,27,28,31,33],"damage_taken":[{"damage":0,"enemies":"Cultist","floor":1,"turns":6},{"damage":0,"enemies":"2 Louse","floor":3,"turns":4},{"damage":0,"enemies":"Small Slimes","floor":5,"turns":2},{"damage":5,"enemies":"Exordium Thugs","floor":7,"turns":4},{"damage":4,"enemies":"Blue Slaver","floor":8,"turns":4},{"damage":14,"enemies":"Gremlin Gang","floor":11,"turns":4},{"damage":3,"enemies":"3 Louse","floor":12,"turns":3},{"damage":20,"enemies":"Large Slime","floor":13,"turns":5},{"damage":0,"enemies":"Blue Slaver","floor":14,"turns":4},{"damage":4,"enemies":"Hexaghost","floor":16,"turns":8},{"damage":9,"enemies":"Shell Parasite","floor":18,"turns":5},{"damage":2,"enemies":"Chosen","floor":20,"turns":5},{"damage":12,"enemies":"Snake Plant","floor":24,"turns":4},{"damage":24,"enemies":"3 Cultists","floor":27,"turns":5},{"damage":25,"enemies":"Book of Stabbing","floor":28,"turns":5},{"damage":19,"enemies":"Centurion and Healer","floor":29,"turns":5},{"damage":20,"enemies":"Cultist and Chosen","floor":31,"turns":6},{"damage":54,"enemies":"Automaton","floor":33,"turns":6}],"event_choices":[{"event_name":"Living Wall","player_choice":"Grow","floor":4,"damage_taken":0},{"event_name":"Back to Basics","player_choice":"Simplicity","floor":19,"damage_taken":0},{"event_name":"Forgotten Altar","player_choice":"Shed Blood","floor":21,"damage_taken":0},{"event_name":"Drug Dealer","player_choice":"Ignored","floor":22,"damage_taken":0}],"boss_relics":[{"not_picked":["Ectoplasm","Pandora\u0027s Box"],"picked":"Lizard Tail"}],"potions_floor_spawned":[5,7,11,13,14,18,27,29,31],"seed_played":"5577355909544176765","killed_by":"Automaton","ascension_level":0,"is_trial":false}