{"gold_per_floor":[16,16,35,110,121,121,154,154,203,220,220,292,356,374,374,448,448,463,483,238,238,254,327,354,354,354,373,373,399,418,438,438,517,517,537,547,564,581,581,581,615,615,640,640,671,32,32,32,32,32,32],"floor_reached":52,"playtime":3161,"items_purged":["Strike_B"],"score":1895,"play_id":"f8c78fdd-15aa-4b21-bfc5-24300d978f2c","local_time":"20180921203423","is_ascension_mode":true,"campfire_choices":[{"data":"Dualcast","floor":6.0,"key":"SMITH"},{"floor":8.0,"key":"REST"},{"data":"Auto Shields","floor":11.0,"key":"SMITH"},{"data":"Ball Lightning","floor":15.0,"key":"SMITH"},{"data":"Buffer","floor":25.0,"key":"SMITH"},{"floor":28.0,"key":"REST"},{"floor":32.0,"key":"REST"},{"floor":40.0,"key":"REST"},{"data":"Streamline","floor":42.0,"key":"SMITH"},{"floor":47,"key":"REST"},{"floor":49,"key":"REST"}],"neow_cost":"NO_GOLD","seed_source_timestamp":730238664170397,"circlet_count":0,"master_deck":["Strike_B","Strike_B","Strike_B","Defend_B","Defend_B","Defend_B","Zap","Dualcast+1","AscendersBane","Rebound","Ball Lightning+1","Cold Snap","Auto Shields+1","Echo Form","Core Surge","Buffer+1","Glacier","Streamline+1","Echo Form","Compile Driver+1","Cold Snap+1","Core Surge+1","Streamline+1","Streamline+1","Cold Snap+1","Cold Snap+1","Sunder+1","Streamline+1","The Bomb"],"special_seed":0,"relics":["Cracked Core","Orichalcum","Centennial Puzzle","Ornamental Fan","Tiny Chest","Snecko Eye","Oddly Smooth Stone","Symbiotic Virus","Bag of Preparation","Molten Egg 2","Pocketwatch","Orrery","Bag of Marbles","Regal Pillow","Gremlin Horn","Ancient Tea Set","FossilizedHelix","Dodecahedron"],"potions_floor_usage":[50,51],"damage_taken":[{"damage":14.0,"enemies":"Small Slimes","floor":1.0,"turns":3.0},{"damage":4.0,"enemies":"Jaw Worm","floor":3.0,"turns":3.0},{"damage":0.0,"enemies":"2 Louse","floor":5.0,"turns":1.0},{"damage":23.0,"enemies":"Lagavulin","floor":7.0,"turns":5.0},{"damage":0.0,"enemies":"2 Fungi Beasts","floor":10.0,"turns":2.0},{"damage":4.0,"enemies":"3 Sentries","floor":13.0,"turns":5.0},{"damage":0.0,"enemies":"3 Louse","floor":14.0,"turns":2.0},{"damage":24.0,"enemies":"The Guardian","floor":16.0,"turns":11.0},{"damage":16.0,"enemies":"Shell Parasite","floor":18.0,"turns":5.0},{"damage":0.0,"enemies":"Chosen","floor":19.0,"turns":5.0},{"damage":0.0,"enemies":"Centurion and Healer","floor":22.0,"turns":10.0},{"damage":12.0,"enemies":"Slavers","floor":24.0,"turns":6.0},{"damage":15.0,"enemies":"Shelled Parasite and Fungi","floor":27.0,"turns":3.0},{"damage":16.0,"enemies":"Book of Stabbing","floor":29.0,"turns":5.0},{"damage":0.0,"enemies":"3 Cultists","floor":30.0,"turns":4.0},{"damage":0.0,"enemies":"Centurion and Healer","floor":31.0,"turns":4.0},{"damage":12.0,"enemies":"Collector","floor":33.0,"turns":10.0},{"damage":0.0,"enemies":"3 Darklings","floor":35.0,"turns":4.0},{"damage":0.0,"enemies":"Orb Walker","floor":36.0,"turns":3.0},{"damage":22.0,"enemies":"Reptomancer","floor":37.0,"turns":6.0},{"damage":0.0,"enemies":"Transient","floor":38.0,"turns":6.0},{"damage":7.0,"enemies":"Nemesis","floor":41.0,"turns":5.0},{"damage":26,"enemies":"2 Orb Walkers","floor":45,"turns":4},{"damage":3,"enemies":"Time Eater","floor":50,"turns":9},{"damage":12,"enemies":"Donu and Deca","floor":51,"turns":10}],"seed_played":"-4727737276302254744","potions_obtained":[{"floor":3.0,"key":"FearPotion"},{"floor":7.0,"key":"Energy Potion"},{"floor":14.0,"key":"Energy Potion"},{"floor":19.0,"key":"Ancient Potion"},{"floor":31.0,"key":"PowerPotion"},{"floor":35.0,"key":"Dexterity Potion"},{"floor":36.0,"key":"Dexterity Potion"}],"is_trial":false,"path_per_floor":["M","?","M","?","M","R","E","R","T","M","R","T","E","M","R","B",null,"M","M","$","?","M","T","E","R","T","M","R","E","M","M","R","B",null,"M","M","M","M","?","R","E","R","T","T","E","$","R","$","R","B","B"],"character_chosen":"DEFECT","items_purchased":["Oddly Smooth Stone","FossilizedHelix","Dodecahedron"],"campfire_rested":6,"item_purchase_floors":[20,46,46],"current_hp_per_floor":[64,64,60,49,49,49,26,51,51,51,51,51,47,47,47,23,70,54,54,54,54,54,54,42,42,42,27,52,36,36,36,61,49,76,76,76,54,54,44,69,62,62,62,62,36,36,76,76,85,82,70],"gold":32,"neow_bonus":"TWENTY_PERCENT_HP_BONUS","is_prod":false,"is_daily":false,"chose_seed":false,"campfire_upgraded":5,"win_rate":0,"timestamp":1537576463,"path_taken":["M","?","M","?","M","R","E","R","T","M","R","?","E","?","R","BOSS","M","M","$","?","M","?","E","R","T","M","R","E","?","M","R","BOSS","M","?","M","M","?","R","E","R","T","?","E","$","R","?","R","BOSS","BOSS"],"build_version":"2018-09-20","purchased_purges":1,"victory":true,"max_hp_per_floor":[85,85,85,85,85,85,85,85,85,85,85,85,85,85,85,85,85,85,85,85,85,85,85,85,85,85,85,85,85,85,85,85,85,85,85,85,85,85,85,85,85,85,85,85,85,85,85,85,85,85,85],"card_choices":[{"not_picked":["Compile Driver","Force Field"],"picked":"Rebound","floor":1.0},{"not_picked":["White Noise","Redo"],"picked":"Ball Lightning","floor":3.0},{"not_picked":["Hologram","Lockon"],"picked":"Cold Snap","floor":5.0},{"not_picked":["Streamline","BootSequence"],"picked":"Auto Shields","floor":7.0},{"not_picked":["Turbo","Streamline"],"picked":"Echo Form","floor":10.0},{"not_picked":["Redo","Go for the Eyes"],"picked":"Core Surge","floor":13.0},{"not_picked":["Gash","Go for the Eyes","Compile Driver"],"picked":"SKIP","floor":14.0},{"not_picked":["Core Surge","Machine Learning"],"picked":"Buffer","floor":16.0},{"not_picked":["Hologram","Darkness"],"picked":"Glacier","floor":18.0},{"not_picked":["Go for the Eyes","Rip and Tear"],"picked":"Streamline","floor":19.0},{"not_picked":["Compile Driver","Turbo+1","Go for the Eyes"],"picked":"SKIP","floor":22.0},{"not_picked":["Steam","Reinforced Body"],"picked":"Echo Form","floor":24.0},{"not_picked":["Sweeping Beam+1","Aggregate","BootSequence+1"],"picked":"SKIP","floor":27.0},{"not_picked":["BootSequence","Go for the Eyes+1","Blizzard+1"],"picked":"SKIP","floor":29.0},{"not_picked":["Steam+1","Go for the Eyes+1"],"picked":"Compile Driver+1","floor":30.0},{"not_picked":["Leap","BootSequence"],"picked":"Cold Snap+1","floor":31.0},{"not_picked":["Hyperbeam+1","Rainbow"],"picked":"Core Surge+1","floor":33.0},{"not_picked":["Beam Cell+1","Redo"],"picked":"Streamline+1","floor":34.0},{"not_picked":["Consume","Conserve Battery"],"picked":"Streamline+1","floor":34.0},{"not_picked":["Turbo","Beam Cell+1"],"picked":"Cold Snap+1","floor":34.0},{"not_picked":["Go for the Eyes+1","Barrage+1"],"picked":"Cold Snap+1","floor":34.0},{"not_picked":["Leap","Machine Learning","Gash+1"],"picked":"SKIP","floor":35.0},{"not_picked":["Go for the Eyes+1","Coolheaded+1","Stack"],"picked":"SKIP","floor":36.0},{"not_picked":["Compile Driver+1","Reinforced Body"],"picked":"Sunder+1","floor":37.0},{"not_picked":["Ball Lightning+1","Chill"],"picked":"Streamline+1","floor":38.0},{"not_picked":["Flash of Steel+1","Purity"],"picked":"The Bomb","floor":39.0},{"not_picked":["Auto Shields","Conserve Battery","Undo"],"picked":"SKIP","floor":41.0},{"not_picked":["Undo","Hyperbeam+1","FTL+1"],"picked":"SKIP","floor":45}],"player_experience":871100,"relics_obtained":[{"floor":7.0,"key":"Orichalcum"},{"floor":9.0,"key":"Centennial Puzzle"},{"floor":12.0,"key":"Ornamental Fan"},{"floor":13.0,"key":"Tiny Chest"},{"floor":23.0,"key":"Symbiotic Virus"},{"floor":24.0,"key":"Bag of Preparation"},{"floor":26.0,"key":"Molten Egg 2"},{"floor":29.0,"key":"Pocketwatch"},{"floor":41.0,"key":"Bag of Marbles"},{"floor":43.0,"key":"Regal Pillow"},{"floor":44.0,"key":"Gremlin Horn"},{"floor":45,"key":"Ancient Tea Set"}],"event_choices":[{"event_name":"The Cleric","player_choice":"Leave","floor":2.0,"damage_taken":0.0},{"event_name":"World of Goop","player_choice":"Gather Gold","floor":4.0,"damage_taken":0.0},{"event_name":"Purifier","player_choice":"One Purge","floor":21.0,"damage_taken":0.0},{"event_name":"SensoryStone","player_choice":"Memory 3","floor":39.0,"damage_taken":0.0}],"is_beta":false,"boss_relics":[{"not_picked":["Pandora\u0027s Box","Runic Pyramid"],"picked":"Snecko Eye"},{"not_picked":["White Beast Statue","Black Star"],"picked":"Orrery"}],"items_purged_floors":[20],"is_endless":false,"potions_floor_spawned":[3,7,10,14,19,22,31,35,36,38],"ascension_level":20}