{"gold_per_floor":[109,34,34,34,34,34,49,84,108,108,123,138,88,121,121,218,218,228,228,44,44,44,44,44,44,44,44,122,122,134,164,164,164],"floor_reached":33,"playtime":1434,"items_purged":["Defend_G","Strike_G"],"score":375,"play_id":"c7b9968e-62ed-4f13-bae2-e5c9461c2cdc","local_time":"20190117023948","is_ascension_mode":true,"campfire_choices":[{"data":"Madness","floor":6,"key":"SMITH"},{"floor":10,"key":"REST"},{"data":"Caltrops","floor":15,"key":"SMITH"},{"data":"Discovery","floor":23,"key":"SMITH"},{"data":"Ghostly","floor":27,"key":"SMITH"},{"data":"Ghostly","floor":29,"key":"SMITH"},{"data":"Ghostly","floor":32,"key":"SMITH"}],"neow_cost":"NONE","seed_source_timestamp":5976268605400,"circlet_count":0,"master_deck":["Defend_G","Defend_G","Defend_G","Defend_G","Strike_G","Strike_G","Survivor","Neutralize","Madness+1","Backstab","Backstab","Escape Plan","Acrobatics+1","Caltrops+1","Storm of Steel+1","Discovery+1","Dash","Shame","Ghostly+1","Ghostly+1","Ghostly+1","Ghostly","Ghostly","Dagger Throw+1","Dagger Throw"],"relics":["Ring of the Snake","Dodecahedron","Vajra","Regal Pillow","Dream Catcher","Coffee Dripper","Enchiridion","War Paint","Frozen Egg 2","Happy Flower"],"potions_floor_usage":[14,31,31],"damage_taken":[{"damage":2,"enemies":"2 Louse","floor":1,"turns":4},{"damage":0,"enemies":"Cultist","floor":7,"turns":3},{"damage":50,"enemies":"Lagavulin","floor":8,"turns":9},{"damage":0,"enemies":"Small Slimes","floor":11,"turns":2},{"damage":0,"enemies":"Exordium Wildlife","floor":12,"turns":1},{"damage":23,"enemies":"Gremlin Nob","floor":14,"turns":4},{"damage":11,"enemies":"The Guardian","floor":16,"turns":15},{"damage":4,"enemies":"3 Byrds","floor":18,"turns":4},{"damage":0,"enemies":"Chosen","floor":30,"turns":3},{"damage":0,"enemies":"Slavers","floor":31,"turns":4},{"damage":38,"enemies":"Champ","floor":33,"turns":11}],"seed_played":"2484629304523298576","potions_obtained":[{"floor":8,"key":"Weak Potion"},{"floor":16,"key":"GhostInAJar"},{"floor":18,"key":"SkillPotion"}],"is_trial":false,"path_per_floor":["M","$","?","$","?","R","M","E","T","R","M","M","?","E","R","B",null,"M","?","$","?","?","R","?","?","T","R","T","R","M","E","R","B"],"character_chosen":"THE_SILENT","items_purchased":["Discovery"],"campfire_rested":1,"item_purchase_floors":[20],"current_hp_per_floor":[68,68,61,61,61,61,61,11,11,47,47,47,47,24,24,13,70,66,50,50,50,50,50,50,35,35,35,35,35,35,35,35,0],"gold":164,"neow_bonus":"RANDOM_COLORLESS","is_prod":false,"is_daily":false,"chose_seed":false,"campfire_upgraded":6,"win_rate":0,"timestamp":1547710788,"path_taken":["M","$","?","$","?","R","M","E","T","R","M","?","?","E","R","BOSS","M","?","$","?","?","R","?","?","T","R","?","R","?","E","R","BOSS"],"build_version":"2019-01-16","purchased_purges":2,"victory":false,"max_hp_per_floor":[70,70,70,70,70,70,70,70,70,70,70,70,70,70,70,70,70,70,70,70,70,70,70,70,35,35,35,35,35,35,35,35,35],"card_choices":[{"not_picked":["Eviscerate","Poisoned Stab"],"picked":"Backstab","floor":1},{"not_picked":["Poisoned Stab","Cloak And Dagger","Deflect"],"picked":"SKIP","floor":7},{"not_picked":["Slice","Sucker Punch"],"picked":"Backstab","floor":8},{"not_picked":["Dagger Throw","Well Laid Plans"],"picked":"Escape Plan","floor":11},{"not_picked":["Deflect","Skewer"],"picked":"Acrobatics","floor":12},{"not_picked":["Sucker Punch","Deadly Poison"],"picked":"Caltrops","floor":14},{"not_picked":["Phantasmal Killer","Doppelganger"],"picked":"Storm of Steel","floor":16},{"not_picked":["Sucker Punch","Bane","Deflect"],"picked":"SKIP","floor":18},{"not_picked":["Slice","Eviscerate"],"picked":"Dagger Throw+1","floor":30},{"not_picked":["Blur","Dagger Spray+1"],"picked":"Dagger Throw","floor":31}],"player_experience":207368,"relics_obtained":[{"floor":5,"key":"Dodecahedron"},{"floor":8,"key":"Vajra"},{"floor":9,"key":"Regal Pillow"},{"floor":14,"key":"Dream Catcher"},{"floor":19,"key":"Enchiridion"},{"floor":28,"key":"Frozen Egg 2"},{"floor":31,"key":"Happy Flower"}],"event_choices":[{"cards_removed":["Strike_G"],"damage_healed":0,"gold_gain":0,"player_choice":"Card Removal","damage_taken":7,"max_hp_gain":0,"max_hp_loss":0,"event_name":"Golden Wing","floor":3,"gold_loss":0},{"damage_healed":0,"gold_gain":0,"player_choice":"Relic","damage_taken":0,"max_hp_gain":0,"max_hp_loss":0,"event_name":"Wheel of Change","floor":5,"gold_loss":0},{"cards_removed":["Strike_G"],"damage_healed":0,"gold_gain":0,"player_choice":"Card Removal","damage_taken":0,"max_hp_gain":0,"max_hp_loss":0,"event_name":"The Cleric","floor":13,"gold_loss":50},{"damage_healed":0,"gold_gain":0,"player_choice":"Obtained Book","damage_taken":16,"max_hp_gain":0,"max_hp_loss":0,"event_name":"Cursed Tome","floor":19,"gold_loss":0},{"damage_healed":0,"gold_gain":0,"player_choice":"Ignored","damage_taken":0,"max_hp_gain":0,"max_hp_loss":0,"event_name":"Beggar","floor":21,"gold_loss":0},{"damage_healed":0,"gold_gain":0,"player_choice":"Read","damage_taken":0,"max_hp_gain":0,"max_hp_loss":0,"event_name":"The Library","floor":22,"gold_loss":0,"cards_obtained":["Dash"]},{"damage_healed":0,"gold_gain":0,"player_choice":"Stole Relic","damage_taken":0,"relics_obtained":["War Paint"],"max_hp_gain":0,"max_hp_loss":0,"event_name":"Addict","floor":24,"gold_loss":0,"cards_obtained":["Shame"]},{"damage_healed":0,"gold_gain":0,"player_choice":"Became a Ghost","damage_taken":0,"max_hp_gain":0,"max_hp_loss":35,"event_name":"Ghosts","floor":25,"gold_loss":0,"cards_obtained":["Ghostly","Ghostly","Ghostly","Ghostly","Ghostly"]}],"is_beta":true,"boss_relics":[{"not_picked":["Eternal Feather","Orrery"],"picked":"Coffee Dripper"}],"items_purged_floors":[2,20],"is_endless":false,"potions_floor_spawned":[8,16,18],"killed_by":"Champ","ascension_level":4}