{"gold_per_floor":[114,114,114,127,140,140,65,91,91,110,110,128,158,169,169,246,246,259,259,279,78,88,88,88],"floor_reached":24,"playtime":919,"items_purged":["Strike_B","Strike_B"],"score":477,"play_id":"8b8456b3-595f-4e40-a745-b7e0c1ec9b0a","local_time":"20181030200706","is_ascension_mode":true,"campfire_choices":[{"data":"Cold Snap","floor":6.0,"key":"SMITH"},{"data":"Defragment","floor":11.0,"key":"SMITH"},{"data":"Defragment","floor":15.0,"key":"SMITH"},{"floor":23,"key":"REST"}],"neow_cost":"NONE","seed_source_timestamp":39275140525506,"circlet_count":0,"master_deck":["Strike_B","Strike_B","Defend_B","Defend_B","Defend_B","Defend_B","Zap+1","Dualcast","AscendersBane","Cold Snap+1","FTL","Reboot","Defragment+1","Cold Snap","Defragment+1","Reboot","Blind"],"special_seed":0,"relics":["Cracked Core","NeowsBlessing","Du-Vu Doll","Gremlin Horn","Art of War","Velvet Choker"],"potions_floor_usage":[20,24],"damage_taken":[{"damage":0.0,"enemies":"Small Slimes","floor":1.0,"turns":1.0},{"damage":0.0,"enemies":"2 Louse","floor":4.0,"turns":1.0},{"damage":0.0,"enemies":"Jaw Worm","floor":5.0,"turns":1.0},{"damage":18.0,"enemies":"Gremlin Nob","floor":8.0,"turns":3.0},{"damage":0.0,"enemies":"Lots of Slimes","floor":10.0,"turns":2.0},{"damage":2.0,"enemies":"Exordium Wildlife","floor":12.0,"turns":2.0},{"damage":7.0,"enemies":"Lagavulin","floor":13.0,"turns":6.0},{"damage":1.0,"enemies":"Gremlin Gang","floor":14.0,"turns":4.0},{"damage":0.0,"enemies":"The Guardian","floor":16.0,"turns":10.0},{"damage":7.0,"enemies":"Shell Parasite","floor":18.0,"turns":8.0},{"damage":7,"enemies":"3 Byrds","floor":20,"turns":5},{"damage":18,"enemies":"Snake Plant","floor":22,"turns":5},{"damage":29,"enemies":"Slavers","floor":24,"turns":2}],"seed_played":"9124726309469332245","potions_obtained":[{"floor":1.0,"key":"Explosive Potion"},{"floor":5.0,"key":"Explosive Potion"},{"floor":12.0,"key":"Block Potion"},{"floor":16.0,"key":"GamblersBrew"},{"floor":18.0,"key":"Explosive Potion"}],"is_trial":false,"path_per_floor":["M","?","?","M","M","R","$","E","T","M","R","M","E","M","R","B",null,"M","?","M","$","M","R"],"character_chosen":"DEFECT","items_purchased":["Blind"],"campfire_rested":1,"item_purchase_floors":[21],"current_hp_per_floor":[64,64,64,64,64,64,64,46,46,46,46,44,37,36,36,36,62,55,35,28,28,10,32,3],"gold":88,"neow_bonus":"THREE_ENEMY_KILL","is_prod":false,"is_daily":false,"chose_seed":false,"campfire_upgraded":3,"win_rate":0,"timestamp":1540944426,"path_taken":["M","?","?","M","M","R","?","E","T","?","R","M","E","M","R","BOSS","M","?","M","$","M","R","E"],"build_version":"2018-10-29v2","purchased_purges":2,"victory":false,"max_hp_per_floor":[71,71,71,71,71,71,71,71,71,71,71,71,71,71,71,71,71,71,76,76,76,76,76,76],"card_choices":[{"not_picked":["Fusion","Turbo","Scrape"],"picked":"SKIP","floor":1.0},{"not_picked":["Rebound","Beam Cell"],"picked":"Cold Snap","floor":4.0},{"not_picked":["Rebound","Leap"],"picked":"FTL","floor":5.0},{"not_picked":["Redo","Double Energy"],"picked":"Reboot","floor":8.0},{"not_picked":["Sweeping Beam","Ball Lightning"],"picked":"Defragment","floor":10.0},{"not_picked":["Stack","Barrage"],"picked":"Cold Snap","floor":12.0},{"not_picked":["Redo","Stack","Barrage"],"picked":"SKIP","floor":13.0},{"not_picked":["Storm","Coolheaded"],"picked":"Defragment","floor":14.0},{"not_picked":["Rainbow","Meteor Strike"],"picked":"Reboot","floor":16.0},{"not_picked":["Fusion","Barrage","Compile Driver"],"picked":"SKIP","floor":18.0},{"not_picked":["Gash","Barrage","Darkness"],"picked":"SKIP","floor":20},{"not_picked":["Ball Lightning","Chaos","Beam Cell"],"picked":"SKIP","floor":22}],"player_experience":789159,"relics_obtained":[{"floor":8.0,"key":"Du-Vu Doll"},{"floor":9.0,"key":"Gremlin Horn"},{"floor":13.0,"key":"Art of War"}],"event_choices":[{"damage_healed":0.0,"max_hp_gain":0.0,"max_hp_loss":0.0,"gold_gain":0.0,"event_name":"Golden Idol","player_choice":"Ignored","floor":2.0,"gold_loss":0.0,"damage_taken":0.0},{"damage_healed":0.0,"max_hp_gain":0.0,"max_hp_loss":0.0,"gold_gain":0.0,"event_name":"Living Wall","player_choice":"Grow","floor":3.0,"gold_loss":0.0,"damage_taken":0.0,"cards_upgraded":["Zap"]},{"damage_healed":0,"gold_gain":0,"player_choice":"Shed Blood","damage_taken":25,"max_hp_gain":5,"max_hp_loss":0,"event_name":"Forgotten Altar","floor":19,"gold_loss":0}],"is_beta":true,"boss_relics":[{"not_picked":["Astrolabe","Nuclear Battery"],"picked":"Velvet Choker"}],"items_purged_floors":[7,21],"is_endless":false,"potions_floor_spawned":[1,5,12,16,18],"killed_by":"Slavers","ascension_level":17}