{"gold_per_floor":[113,73,90,90,113,113,154,154,154,170,170,345,67,67,67,197,197,221,171,184,199,199,199,4,17,17,17,33,54,54,87,87,87],"floor_reached":33,"playtime":1492,"items_purged":[],"score":278,"play_id":"4a1bda62-68b9-4285-9bec-ac32fc504ed5","local_time":"20190224070119","is_ascension_mode":true,"campfire_choices":[{"data":"Neutralize","floor":6,"key":"SMITH"},{"floor":11,"key":"REST"},{"floor":15,"key":"REST"},{"data":"Noxious Fumes","floor":23,"key":"SMITH"},{"floor":27,"key":"RECALL"},{"floor":32,"key":"REST"}],"neow_cost":"NONE","seed_source_timestamp":312690752653318,"circlet_count":0,"master_deck":["Defend_G","Defend_G","Defend_G","Defend_G","Strike_G","Strike_G","Strike_G","Strike_G","Survivor","Neutralize+1","Night Terror","Dagger Throw","Leg Sweep","Backstab+1","Bouncing Flask+1","Underhanded Strike","Doubt","Noxious Fumes+1","Die Die Die","Dagger Throw","Crippling Poison","Bane+1","Quick Slash","Footwork","Catalyst","Flying Knee+1"],"relics":["Ring of the Serpent","Golden Idol","Turnip","Thread and Needle","Shuriken","Blue Candle","Lee\u0027s Waffle","Meat on the Bone"],"potions_floor_usage":[7,7,16,18,25,29,31],"damage_taken":[{"damage":0,"enemies":"Small Slimes","floor":1,"turns":3},{"damage":0,"enemies":"Cultist","floor":3,"turns":4},{"damage":4,"enemies":"Jaw Worm","floor":5,"turns":6},{"damage":10,"enemies":"3 Sentries","floor":7,"turns":13},{"damage":0,"enemies":"Large Slime","floor":10,"turns":6},{"damage":20,"enemies":"Slime Boss","floor":16,"turns":11},{"damage":6,"enemies":"Chosen","floor":18,"turns":3},{"damage":0,"enemies":"Spheric Guardian","floor":20,"turns":3},{"damage":9,"enemies":"Snecko","floor":21,"turns":6},{"damage":0,"enemies":"Snake Plant","floor":25,"turns":4},{"damage":40,"enemies":"Centurion and Healer","floor":28,"turns":8},{"damage":22,"enemies":"Cultist and Chosen","floor":29,"turns":6},{"damage":13,"enemies":"Gremlin Leader","floor":31,"turns":5},{"damage":53,"enemies":"Automaton","floor":33,"turns":6}],"seed_played":"2731224359250570071","potions_obtained":[{"floor":1,"key":"PowerPotion"},{"floor":2,"key":"Poison Potion"},{"floor":2,"key":"PowerPotion"},{"floor":10,"key":"SkillPotion"},{"floor":16,"key":"Explosive Potion"},{"floor":21,"key":"PowerPotion"},{"floor":28,"key":"SkillPotion"}],"is_trial":false,"path_per_floor":["M","?","M","?","M","R","E","?","T","M","R","?","$","?","R","B",null,"M","?","M","M","?","R","$","M","T","R","M","M","$","E","R","B"],"character_chosen":"THE_SILENT","items_purchased":["Shuriken","Noxious Fumes","Lee\u0027s Waffle"],"campfire_rested":3,"item_purchase_floors":[13,13,24],"current_hp_per_floor":[70,70,70,53,49,49,39,25,25,25,46,46,46,28,49,29,70,64,64,64,55,55,55,77,77,77,77,37,15,15,2,25,0],"gold":87,"neow_bonus":"ONE_RANDOM_RARE_CARD","is_prod":false,"is_daily":false,"chose_seed":false,"campfire_upgraded":2,"win_rate":0,"timestamp":1551020479,"path_taken":["M","?","?","?","M","R","E","?","T","M","R","?","$","?","R","BOSS","M","?","?","M","?","R","?","M","T","R","M","M","$","E","R","BOSS"],"build_version":"2019-01-23","purchased_purges":0,"victory":false,"max_hp_per_floor":[70,70,70,70,70,70,70,70,70,70,70,70,70,70,70,70,70,70,70,70,70,70,70,77,77,77,77,77,77,77,77,77,77],"card_choices":[{"not_picked":["Bane","Setup"],"picked":"Dagger Throw","floor":1},{"not_picked":["PiercingWail","Deadly Poison"],"picked":"Leg Sweep","floor":3},{"not_picked":["Heel Hook","Poisoned Stab"],"picked":"Backstab","floor":5},{"not_picked":["Escape Plan","Blade Dance"],"picked":"Bouncing Flask","floor":7},{"not_picked":["Dodge and Roll","Setup"],"picked":"Underhanded Strike","floor":10},{"not_picked":["Tools of the Trade","Wraith Form v2"],"picked":"Die Die Die","floor":16},{"not_picked":["Sucker Punch","Underhanded Strike"],"picked":"Dagger Throw","floor":18},{"not_picked":["Footwork","Quick Slash"],"picked":"Crippling Poison","floor":20},{"not_picked":["Backflip","Blade Dance"],"picked":"Bane+1","floor":21},{"not_picked":["Caltrops","Quick Slash+1"],"picked":"Catalyst","floor":25},{"not_picked":["Deflect+1","Outmaneuver"],"picked":"Flying Knee+1","floor":28},{"not_picked":["Dodge and Roll","Sucker Punch","Flechettes"],"picked":"SKIP","floor":29},{"not_picked":["Dagger Throw","All Out Attack","Storm of Steel"],"picked":"SKIP","floor":31}],"player_experience":276894,"relics_obtained":[{"floor":7,"key":"Turnip"},{"floor":9,"key":"Thread and Needle"},{"floor":31,"key":"Meat on the Bone"}],"event_choices":[{"damage_healed":0,"gold_gain":0,"player_choice":"Bought 3 Potions","damage_taken":0,"max_hp_gain":0,"max_hp_loss":0,"event_name":"The Woman in Blue","floor":2,"gold_loss":0},{"damage_healed":0,"gold_gain":0,"player_choice":"Take Damage","damage_taken":17,"relics_obtained":["Golden Idol"],"max_hp_gain":0,"max_hp_loss":0,"event_name":"Golden Idol","floor":4,"gold_loss":0},{"damage_healed":0,"gold_gain":0,"player_choice":"Entered Light","damage_taken":14,"max_hp_gain":0,"max_hp_loss":0,"event_name":"Shining Light","floor":8,"gold_loss":0,"cards_upgraded":["Backstab","Bouncing Flask"]},{"damage_healed":0,"gold_gain":175,"player_choice":"AGREE","damage_taken":0,"max_hp_gain":0,"max_hp_loss":0,"event_name":"Liars Game","floor":12,"gold_loss":0,"cards_obtained":["Doubt"]},{"damage_healed":0,"gold_gain":0,"player_choice":"Success","damage_taken":18,"relics_obtained":["Blue Candle"],"max_hp_gain":0,"max_hp_loss":0,"event_name":"Scrap Ooze","floor":14,"gold_loss":0},{"damage_healed":0,"gold_gain":0,"player_choice":"Bet on Murderer","damage_taken":0,"max_hp_gain":0,"max_hp_loss":0,"event_name":"The Joust","floor":19,"gold_loss":50},{"damage_healed":0,"gold_gain":0,"cards_transformed":["Strike_G","Defend_G"],"player_choice":"Became Test Subject","damage_taken":0,"max_hp_gain":0,"max_hp_loss":0,"event_name":"Drug Dealer","floor":22,"gold_loss":0,"cards_obtained":["Quick Slash","Footwork"]}],"is_beta":false,"boss_relics":[{"not_picked":["Ectoplasm","Runic Pyramid"],"picked":"Ring of the Serpent"}],"items_purged_floors":[],"is_endless":false,"potions_floor_spawned":[1,10,16,21,28],"killed_by":"Automaton","ascension_level":1}