{"gold_per_floor":[117,130,130,130,130,465,515,515,568,155,181,181,201,234,234,311,311,331,186,236,286,266,266,295,270,348,348,92,92,142,207,207,278,278,295,345,112,125,450,484,546,575,601,705,755,755,33,33,33,33,33],"floor_reached":52,"playtime":2591,"items_purged":["Strike_B","Strike_B","Writhe","Regret"],"score":2301,"play_id":"37e894c3-83a9-467d-97df-54d14ab85a8e","local_time":"20181026110606","is_ascension_mode":true,"campfire_choices":[{"floor":8.0,"key":"REST"},{"data":"Undo","floor":12.0,"key":"SMITH"},{"data":"Melter","floor":15.0,"key":"SMITH"},{"data":"Echo Form","floor":23.0,"key":"SMITH"},{"data":"Biased Cognition","floor":29.0,"key":"SMITH"},{"data":"Blizzard","floor":32.0,"key":"SMITH"},{"data":"Reboot","floor":46,"key":"SMITH"},{"floor":49,"key":"REST"}],"neow_cost":"NONE","seed_source_timestamp":1266334099438210,"circlet_count":0,"master_deck":["Strike_B+1","Defend_B+1","Defend_B","Defend_B","Defend_B","Zap+1","Dualcast","AscendersBane","Rip and Tear","Undo+1","Reboot+1","Conserve Battery","Melter+1","Multi-Cast","BootSequence","Echo Form+1","Barrage+1","Glacier","Biased Cognition+1","Blizzard+1","Core Surge","Stack+1"],"special_seed":0,"relics":["Cracked Core","Whetstone","Meat on the Bone","SsserpentHead","Old Coin","Strawberry","Pantograph","Calipers","The Courier","Inserter","Bronze Scales","Blood Vial","Cables","OrangePellets","Incense Burner","Snecko Eye","Happy Flower","Mercury Hourglass","FossilizedHelix","Centennial Puzzle","Prayer Wheel","Art of War","Dodecahedron","Lantern","Bottled Tornado"],"potions_floor_usage":[40,44,50],"damage_taken":[{"damage":7.0,"enemies":"Jaw Worm","floor":1.0,"turns":2.0},{"damage":11.0,"enemies":"Small Slimes","floor":2.0,"turns":3.0},{"damage":45.0,"enemies":"3 Sentries","floor":6.0,"turns":9.0},{"damage":17.0,"enemies":"Gremlin Nob","floor":11.0,"turns":3.0},{"damage":0.0,"enemies":"Cultist","floor":13.0,"turns":3.0},{"damage":8.0,"enemies":"Lagavulin","floor":14.0,"turns":6.0},{"damage":54.0,"enemies":"The Guardian","floor":16.0,"turns":11.0},{"damage":4.0,"enemies":"Spheric Guardian","floor":18.0,"turns":4.0},{"damage":1.0,"enemies":"2 Thieves","floor":22.0,"turns":4.0},{"damage":37.0,"enemies":"Slavers","floor":24.0,"turns":6.0},{"damage":0.0,"enemies":"Centurion and Healer","floor":31.0,"turns":8.0},{"damage":39.0,"enemies":"Collector","floor":33.0,"turns":11.0},{"damage":44,"enemies":"3 Shapes","floor":35,"turns":9},{"damage":6,"enemies":"Orb Walker","floor":38,"turns":4},{"damage":11,"enemies":"Reptomancer","floor":40,"turns":7},{"damage":21,"enemies":"Writhing Mass","floor":41,"turns":7},{"damage":8,"enemies":"Nemesis","floor":42,"turns":11},{"damage":5,"enemies":"2 Orb Walkers","floor":44,"turns":6},{"damage":0,"enemies":"Time Eater","floor":50,"turns":26},{"damage":0,"enemies":"Donu and Deca","floor":51,"turns":7}],"seed_played":"-1906018645505953286","potions_obtained":[{"floor":2.0,"key":"FearPotion"},{"floor":14.0,"key":"SkillPotion"},{"floor":18.0,"key":"Fire Potion"},{"floor":33.0,"key":"EssenceOfSteel"},{"floor":35,"key":"AttackPotion"},{"floor":40,"key":"Dexterity Potion"},{"floor":42,"key":"GamblersBrew"}],"is_trial":false,"path_per_floor":["M","M","?","?","?","E","?","R","T","$","E","R","M","E","R","B",null,"M","$","?","?","M","R","E","?","T","?","$","R","T","M","R","B",null,"M","?","$","M","?","E","M","E","T","?","?","R","$","$","R","B","B"],"character_chosen":"DEFECT","items_purchased":["Pantograph","SteroidPotion","Echo Form","Glacier","Biased Cognition","OrangePellets","Happy Flower","Art of War","Dodecahedron","Lantern","Bottled Tornado"],"campfire_rested":2,"item_purchase_floors":[10,10,19,28,28,28,37,47,47,47,47],"current_hp_per_floor":[57,46,46,46,46,13,13,34,41,41,36,36,48,40,40,23,64,60,60,60,60,59,59,34,34,34,34,34,34,34,48,48,48,71,41,57,57,53,53,44,37,43,43,40,40,40,40,40,63,78,78],"gold":33,"neow_bonus":"RANDOM_COMMON_RELIC","is_prod":false,"is_daily":false,"chose_seed":false,"campfire_upgraded":6,"win_rate":0,"timestamp":1540566366,"path_taken":["M","M","?","?","?","E","?","R","T","$","E","R","M","E","R","BOSS","M","$","?","?","M","R","E","?","T","?","?","R","?","?","R","BOSS","M","?","$","M","?","E","?","E","T","?","?","R","?","$","R","BOSS","BOSS"],"build_version":"2018-10-25v2","purchased_purges":4,"victory":true,"max_hp_per_floor":[71,71,71,71,71,71,71,71,78,78,78,78,78,78,78,78,78,78,78,78,78,78,78,78,78,78,78,78,78,78,78,78,78,78,78,78,78,78,78,78,78,78,78,78,78,78,78,78,78,78,78],"card_choices":[{"not_picked":["Sweeping Beam","Steam"],"picked":"Rip and Tear","floor":1.0},{"not_picked":["White Noise","Hologram"],"picked":"Undo","floor":2.0},{"not_picked":["Streamline","Leap"],"picked":"Reboot","floor":6.0},{"not_picked":["Heatsinks","Rebound"],"picked":"Conserve Battery","floor":11.0},{"not_picked":["Stack","Sweeping Beam","Rebound"],"picked":"SKIP","floor":13.0},{"not_picked":["Barrage","Coolheaded"],"picked":"Melter","floor":14.0},{"not_picked":["Rainbow","Meteor Strike"],"picked":"Multi-Cast","floor":16.0},{"not_picked":["Reprogram","Cold Snap"],"picked":"BootSequence","floor":18.0},{"not_picked":["Leap","Recycle"],"picked":"Barrage","floor":22.0},{"not_picked":["Steam","Thunder Strike","Compile Driver"],"picked":"SKIP","floor":24.0},{"not_picked":["Tempest","Ball Lightning+1"],"picked":"Blizzard","floor":31.0},{"not_picked":["Buffer","Rainbow"],"picked":"Core Surge","floor":33.0},{"not_picked":["Heatsinks","Streamline","FTL"],"picked":"SKIP","floor":35},{"not_picked":["Beam Cell","Compile Driver","BootSequence"],"picked":"SKIP","floor":38},{"not_picked":["Stack","Hologram","Rebound"],"picked":"SKIP","floor":40},{"not_picked":["Ball Lightning+1","Recycle+1"],"picked":"Stack+1","floor":41},{"not_picked":["Rebound+1","Static Discharge+1","Barrage"],"picked":"SKIP","floor":42}],"player_experience":1022325,"relics_obtained":[{"floor":6.0,"key":"Old Coin"},{"floor":9.0,"key":"Strawberry"},{"floor":11.0,"key":"Calipers"},{"floor":14.0,"key":"The Courier"},{"floor":24.0,"key":"Blood Vial"},{"floor":26.0,"key":"Cables"},{"floor":30.0,"key":"Incense Burner"},{"floor":40,"key":"Mercury Hourglass"},{"floor":42,"key":"FossilizedHelix"},{"floor":43,"key":"Centennial Puzzle"},{"floor":44,"key":"Prayer Wheel"}],"event_choices":[{"damage_healed":0.0,"max_hp_gain":0.0,"max_hp_loss":0.0,"gold_gain":0.0,"event_name":"Big Fish","player_choice":"Box","floor":3.0,"gold_loss":0.0,"damage_taken":0.0,"relics_obtained":["Meat on the Bone"],"cards_obtained":["Regret"]},{"cards_removed":["Regret"],"damage_healed":0.0,"max_hp_gain":0.0,"max_hp_loss":0.0,"gold_gain":0.0,"event_name":"Fountain of Cleansing","player_choice":"Removed Curses","floor":4.0,"gold_loss":0.0,"damage_taken":0.0},{"damage_healed":0.0,"max_hp_gain":0.0,"max_hp_loss":0.0,"gold_gain":0.0,"event_name":"FaceTrader","player_choice":"Trade","floor":5.0,"gold_loss":0.0,"damage_taken":0.0,"relics_obtained":["SsserpentHead"]},{"damage_healed":0.0,"max_hp_gain":0.0,"max_hp_loss":0.0,"gold_gain":0.0,"event_name":"Upgrade Shrine","player_choice":"Upgraded","floor":7.0,"gold_loss":0.0,"damage_taken":0.0,"cards_upgraded":["Zap"]},{"damage_healed":0.0,"max_hp_gain":0.0,"max_hp_loss":0.0,"gold_gain":0.0,"event_name":"Vampires","player_choice":"Ignored","floor":20.0,"gold_loss":0.0,"damage_taken":0.0},{"damage_healed":0.0,"max_hp_gain":0.0,"max_hp_loss":0.0,"gold_gain":0.0,"event_name":"The Mausoleum","player_choice":"Opened","floor":21.0,"gold_loss":0.0,"damage_taken":0.0,"relics_obtained":["Bronze Scales"],"cards_obtained":["Writhe"]},{"cards_removed":["Writhe"],"damage_healed":0.0,"max_hp_gain":0.0,"max_hp_loss":0.0,"gold_gain":0.0,"event_name":"Beggar","player_choice":"Gave Gold","floor":25.0,"gold_loss":75.0,"damage_taken":0.0},{"damage_healed":0.0,"max_hp_gain":0.0,"max_hp_loss":0.0,"gold_gain":0.0,"event_name":"Designer","player_choice":"Upgraded Two","floor":27.0,"gold_loss":50.0,"damage_taken":0.0,"cards_upgraded":["Barrage","Defend_B"]},{"damage_healed":16,"gold_gain":0,"player_choice":"Writhe","damage_taken":0,"max_hp_gain":0,"max_hp_loss":0,"event_name":"Winding Halls","floor":36,"gold_loss":0,"cards_obtained":["Writhe"]},{"damage_healed":0,"gold_gain":275,"player_choice":"Desecrate","damage_taken":0,"max_hp_gain":0,"max_hp_loss":0,"event_name":"Golden Shrine","floor":39,"gold_loss":0,"cards_obtained":["Regret"]},{"damage_healed":0,"gold_gain":0,"player_choice":"Fight","damage_taken":0,"max_hp_gain":0,"max_hp_loss":0,"event_name":"Mysterious Sphere","floor":44,"gold_loss":0},{"cards_removed":["Strike_B"],"damage_healed":0,"gold_gain":0,"player_choice":"Removed Attack","damage_taken":0,"max_hp_gain":0,"max_hp_loss":0,"event_name":"Falling","floor":45,"gold_loss":0}],"is_beta":false,"boss_relics":[{"not_picked":["Eternal Feather","Black Star"],"picked":"Inserter"},{"not_picked":["Lizard Tail","Astrolabe"],"picked":"Snecko Eye"}],"items_purged_floors":[10,19,37,47],"is_endless":false,"potions_floor_spawned":[2,14,18,22,33,35,40,42],"ascension_level":20}