{"gold_per_floor":[110,185,185,130,95,95,15,47,47,47,47,58,121,45,45,117,117,134,149,16,16,16,16,16],"floor_reached":24,"playtime":707,"items_purged":["Strike_B"],"score":409,"play_id":"a19833c5-dabf-48fc-ad35-40d19ae876f9","local_time":"20190316115928","is_ascension_mode":true,"campfire_choices":[{"data":"Streamline","floor":6,"key":"SMITH"},{"data":"Zap","floor":11,"key":"SMITH"},{"floor":15,"key":"REST"},{"data":"Scrape","floor":23,"key":"SMITH"}],"neow_cost":"NONE","seed_source_timestamp":203451702584463,"circlet_count":0,"master_deck":["AscendersBane","Strike_B","Defend_B","Defend_B","Defend_B+1","Defend_B+1","Zap+1","Dualcast","Streamline+1","Go for the Eyes","FTL","Auto Shields","Rebound","Ball Lightning","FTL","Fission","Beam Cell","Scrape+1","Capacitor"],"relics":["FrozenCore","NeowsBlessing","Smiling Mask","Dodecahedron","Strawberry"],"potions_floor_usage":[16,22,24],"damage_taken":[{"damage":0,"enemies":"2 Louse","floor":1,"turns":1},{"damage":0,"enemies":"Lagavulin","floor":8,"turns":1},{"damage":0,"enemies":"Small Slimes","floor":12,"turns":1},{"damage":26,"enemies":"Lagavulin Event","floor":13,"turns":5},{"damage":34,"enemies":"Slime Boss","floor":16,"turns":10},{"damage":11,"enemies":"2 Thieves","floor":18,"turns":4},{"damage":14,"enemies":"Spheric Guardian","floor":19,"turns":4},{"damage":0,"enemies":"Snecko","floor":22,"turns":2},{"damage":41,"enemies":"Book of Stabbing","floor":24,"turns":4}],"seed_played":"-6946963908499909244","potions_obtained":[{"floor":8,"key":"SpeedPotion"},{"floor":13,"key":"Dexterity Potion"},{"floor":16,"key":"SmokeBomb"},{"floor":19,"key":"AttackPotion"}],"is_trial":false,"path_per_floor":["M","?","?","$","?","R","$","E","T","?","R","M","?","$","R","B",null,"M","M","$","?","M","R","E"],"character_chosen":"DEFECT","items_purchased":["Go for the Eyes","FTL","FTL","Scrape"],"campfire_rested":1,"item_purchase_floors":[4,7,14,20],"current_hp_per_floor":[64,53,32,32,49,49,49,49,49,49,49,49,30,30,53,19,63,52,38,38,38,38,38,0],"gold":16,"neow_bonus":"THREE_ENEMY_KILL","is_prod":false,"is_daily":false,"chose_seed":false,"campfire_upgraded":3,"win_rate":0,"timestamp":1552751968,"path_taken":["M","?","?","$","?","R","$","E","T","?","R","?","?","?","R","BOSS","M","M","$","?","M","R","E"],"build_version":"2019-03-15","purchased_purges":1,"victory":false,"max_hp_per_floor":[71,71,71,71,71,71,71,71,71,71,71,71,78,78,78,78,78,78,78,78,78,78,78,78],"card_choices":[{"not_picked":["Leap","Ball Lightning"],"picked":"Streamline","floor":1},{"not_picked":["Storm","Sweeping Beam"],"picked":"Auto Shields","floor":8},{"not_picked":["Go for the Eyes","Ball Lightning"],"picked":"Rebound","floor":12},{"not_picked":["Hyperbeam","Heatsinks"],"picked":"Ball Lightning","floor":13},{"not_picked":["Seek","Hyperbeam"],"picked":"Fission","floor":16},{"not_picked":["Sweeping Beam","Force Field"],"picked":"Beam Cell","floor":18},{"not_picked":["Rebound","Beam Cell+1","Redo"],"picked":"SKIP","floor":19}],"player_experience":535665,"relics_obtained":[{"floor":8,"key":"Smiling Mask"},{"floor":9,"key":"Dodecahedron"},{"floor":13,"key":"Strawberry"}],"event_choices":[{"damage_healed":0,"gold_gain":75,"player_choice":"Gather Gold","damage_taken":11,"max_hp_gain":0,"max_hp_loss":0,"event_name":"World of Goop","floor":2,"gold_loss":0},{"damage_healed":0,"gold_gain":0,"player_choice":"Entered Light","damage_taken":21,"max_hp_gain":0,"max_hp_loss":0,"event_name":"Shining Light","floor":3,"gold_loss":0,"cards_upgraded":["Defend_B","Defend_B"]},{"damage_healed":17,"gold_gain":0,"player_choice":"Healed","damage_taken":0,"max_hp_gain":0,"max_hp_loss":0,"event_name":"The Cleric","floor":5,"gold_loss":35},{"cards_removed":["Strike_B"],"damage_healed":0,"gold_gain":0,"player_choice":"Offered Basic","damage_taken":0,"max_hp_gain":0,"max_hp_loss":0,"event_name":"Bonfire Elementals","floor":10,"gold_loss":0},{"damage_healed":0,"gold_gain":30,"player_choice":"Searched \u00272\u0027 times","damage_taken":0,"max_hp_gain":0,"max_hp_loss":0,"event_name":"Dead Adventurer","floor":13,"gold_loss":0},{"damage_healed":0,"gold_gain":0,"cards_transformed":["Strike_B"],"player_choice":"Transformed","damage_taken":0,"max_hp_gain":0,"max_hp_loss":0,"event_name":"Transmorgrifier","floor":21,"gold_loss":0,"cards_obtained":["Capacitor"]}],"is_beta":true,"boss_relics":[{"not_picked":["Fusion Hammer","Runic Dome"],"picked":"FrozenCore"}],"items_purged_floors":[20],"is_endless":false,"potions_floor_spawned":[8,13,16,19,22],"killed_by":"Book of Stabbing","ascension_level":18}