{"gold_per_floor":[114,114,133,79,98,98,133,133,133,176,188,221,283,308,320,421,433,465,477],"floor_reached":19,"playtime":665,"items_purged":[],"score":354,"play_id":"91511e09-dded-49ce-8123-b2c3533718ec","local_time":"20181124153814","is_ascension_mode":true,"campfire_choices":[{"data":"Streamline","floor":6,"key":"SMITH"},{"floor":8,"key":"REST"},{"floor":11,"key":"REST"},{"data":"Static Discharge","floor":15,"key":"SMITH"}],"neow_cost":"PERCENT_DAMAGE","seed_source_timestamp":848309211477527,"circlet_count":0,"master_deck":["AscendersBane","Strike_B","Strike_B","Strike_B","Strike_B","Defend_B","Defend_B","Defend_B","Defend_B","Zap","Dualcast","Streamline+1","Leap","Conserve Battery","Static Discharge+1","Reinforced Body+1","Tempest+1","Steam+1","Multi-Cast+1","Glacier+1"],"relics":["Cracked Core","Gambling Chip","Golden Idol","Ginger","Toxic Egg 2","MawBank","Sozu"],"potions_floor_usage":[7,10,16,16],"damage_taken":[{"damage":7,"enemies":"Small Slimes","floor":1,"turns":4},{"damage":0,"enemies":"Cultist","floor":3,"turns":2},{"damage":1,"enemies":"2 Louse","floor":5,"turns":2},{"damage":21,"enemies":"Lagavulin","floor":7,"turns":8},{"damage":29,"enemies":"Gremlin Nob","floor":10,"turns":4},{"damage":1,"enemies":"Blue Slaver","floor":12,"turns":3},{"damage":0,"enemies":"Large Slime","floor":14,"turns":4},{"damage":2,"enemies":"The Guardian","floor":16,"turns":9},{"damage":6,"enemies":"3 Byrds","floor":18,"turns":2},{"damage":10,"enemies":"Colosseum Slavers","floor":19,"turns":4},{"damage":22,"enemies":"Colosseum Nobs","floor":19,"turns":3}],"seed_played":"1079594571019679115","potions_obtained":[{"floor":3,"key":"SkillPotion"},{"floor":7,"key":"FocusPotion"},{"floor":10,"key":"Poison Potion"},{"floor":12,"key":"PowerPotion"}],"is_trial":false,"path_per_floor":["M","?","M","$","M","R","E","R","T","E","R","M","?","M","R","B",null,"M","?"],"character_chosen":"DEFECT","items_purchased":["AttackPotion"],"campfire_rested":2,"item_purchase_floors":[4],"current_hp_per_floor":[39,39,39,39,38,38,17,36,36,7,26,25,25,25,25,23,54,48,16],"gold":477,"neow_bonus":"ONE_RARE_RELIC","is_prod":false,"is_daily":false,"chose_seed":false,"campfire_upgraded":2,"win_rate":0,"timestamp":1543091894,"path_taken":["M","?","M","$","M","R","E","R","T","E","R","M","?","M","R","BOSS","M","?"],"build_version":"2018-11-15","purchased_purges":0,"victory":false,"max_hp_per_floor":[71,64,64,64,64,64,64,64,64,64,64,64,64,64,64,64,64,64,64],"card_choices":[{"not_picked":["Reinforced Body","Redo"],"picked":"Streamline","floor":1},{"not_picked":["Turbo","Force Field"],"picked":"Leap","floor":3},{"not_picked":["Heatsinks","Stack"],"picked":"Conserve Battery","floor":5},{"not_picked":["Seek","Gash"],"picked":"Static Discharge","floor":7},{"not_picked":["Streamline","Capacitor"],"picked":"Reinforced Body+1","floor":10},{"not_picked":["Redo+1","Streamline"],"picked":"Tempest+1","floor":12},{"not_picked":["Rebound","Redo+1"],"picked":"Steam+1","floor":14},{"not_picked":["Thunder Strike","Reboot+1"],"picked":"Multi-Cast+1","floor":16},{"not_picked":["Gash","Fusion+1"],"picked":"Glacier+1","floor":18}],"player_experience":902967,"relics_obtained":[{"floor":7,"key":"Ginger"},{"floor":9,"key":"Toxic Egg 2"},{"floor":10,"key":"MawBank"}],"event_choices":[{"damage_healed":0,"gold_gain":0,"player_choice":"Lose Max HP","damage_taken":0,"relics_obtained":["Golden Idol"],"max_hp_gain":0,"max_hp_loss":7,"event_name":"Golden Idol","floor":2,"gold_loss":0},{"damage_healed":0,"gold_gain":50,"player_choice":"Pray","damage_taken":0,"max_hp_gain":0,"max_hp_loss":0,"event_name":"Golden Shrine","floor":13,"gold_loss":0},{"damage_healed":0,"gold_gain":0,"player_choice":"Fight","damage_taken":0,"max_hp_gain":0,"max_hp_loss":0,"event_name":"Colosseum","floor":19,"gold_loss":0},{"damage_healed":0,"gold_gain":0,"player_choice":"Fought Nobs","damage_taken":0,"max_hp_gain":0,"max_hp_loss":0,"event_name":"Colosseum","floor":19,"gold_loss":0}],"is_beta":true,"boss_relics":[{"not_picked":["White Beast Statue","Philosopher\u0027s Stone"],"picked":"Sozu"}],"items_purged_floors":[],"is_endless":false,"potions_floor_spawned":[3,7,10,12],"killed_by":"Colosseum Nobs","ascension_level":20}