{"gold_per_floor":[114,114,128,142,157,157,170,195,246,246,207,207,37,68,68,141,141,156,172,189,189,114,114,142,142,142,175,175,210,210,228,228,303,303,318,330,350,369,369,398,398,416,416,416],"floor_reached":44,"playtime":1981,"items_purged":[],"score":1026,"play_id":"8df3eb7c-eab2-4aa5-9deb-bff04f38e5c7","local_time":"20190318231623","is_ascension_mode":true,"campfire_choices":[{"data":"Wraith Form v2","floor":6.0,"key":"SMITH"},{"data":"Noxious Fumes","floor":15.0,"key":"SMITH"},{"floor":23.0,"key":"REST"},{"data":"Bouncing Flask","floor":25.0,"key":"SMITH"},{"data":"Catalyst","floor":30,"key":"SMITH"},{"floor":32,"key":"REST"},{"floor":41,"key":"REST"}],"neow_cost":"NONE","seed_source_timestamp":498361007710156,"circlet_count":0,"master_deck":["AscendersBane","Defend_G","Defend_G","Defend_G","Defend_G+1","Defend_G+1","Strike_G","Strike_G","Survivor","Neutralize","Backflip+1","Terror+1","Bullet Time+1","Poisoned Stab","Noxious Fumes+1","Sucker Punch","Wraith Form v2+1","Backflip","Choke","Caltrops","Footwork","PiercingWail","Corpse Explosion","Deadly Poison","Dagger Spray+1","Bouncing Flask+1","Decay","Catalyst+1","Malaise","Dash","Dodge and Roll","Dodge and Roll"],"special_seed":0,"relics":["Astrolabe","Bag of Preparation","Juzu Bracelet","Sundial","PreservedInsect","Cursed Key","Enchiridion","Strawberry","Letter Opener","Red Mask","Snecko Eye","Boot"],"potions_floor_usage":[27,36,37,44],"damage_taken":[{"damage":0.0,"enemies":"Small Slimes","floor":1.0,"turns":5.0},{"damage":0.0,"enemies":"2 Louse","floor":3.0,"turns":5.0},{"damage":7.0,"enemies":"Jaw Worm","floor":4.0,"turns":3.0},{"damage":2.0,"enemies":"Large Slime","floor":5.0,"turns":8.0},{"damage":15.0,"enemies":"Exordium Thugs","floor":7.0,"turns":5.0},{"damage":4.0,"enemies":"3 Sentries","floor":8.0,"turns":10.0},{"damage":3.0,"enemies":"Gremlin Nob","floor":14.0,"turns":5.0},{"damage":2.0,"enemies":"Hexaghost","floor":16.0,"turns":10.0},{"damage":0.0,"enemies":"Chosen","floor":18.0,"turns":5.0},{"damage":16.0,"enemies":"3 Byrds","floor":19.0,"turns":4.0},{"damage":4.0,"enemies":"Sentry and Sphere","floor":20.0,"turns":5.0},{"damage":13.0,"enemies":"Book of Stabbing","floor":24.0,"turns":4.0},{"damage":2,"enemies":"Gremlin Leader","floor":27,"turns":5},{"damage":12,"enemies":"Masked Bandits","floor":29,"turns":5},{"damage":6,"enemies":"Centurion and Healer","floor":31,"turns":5},{"damage":16,"enemies":"Champ","floor":33,"turns":7},{"damage":7,"enemies":"Orb Walker","floor":35,"turns":3},{"damage":11,"enemies":"3 Darklings","floor":36,"turns":3},{"damage":23,"enemies":"Spire Growth","floor":37,"turns":5},{"damage":0,"enemies":"Transient","floor":38,"turns":6},{"damage":1,"enemies":"Nemesis","floor":40,"turns":7},{"damage":10,"enemies":"Writhing Mass","floor":42,"turns":4},{"damage":40,"enemies":"Spire Growth","floor":44,"turns":3}],"seed_played":"-9206104185266296497","potions_obtained":[{"floor":1.0,"key":"Block Potion"},{"floor":4.0,"key":"Explosive Potion"},{"floor":8.0,"key":"Block Potion"},{"floor":14.0,"key":"Strength Potion"},{"floor":16.0,"key":"Strength Potion"},{"floor":18.0,"key":"Energy Potion"},{"floor":27,"key":"Explosive Potion"},{"floor":33,"key":"Swift Potion"},{"floor":37,"key":"EssenceOfSteel"}],"is_trial":false,"path_per_floor":["M","?","M","M","M","R","M","E","T","?","$","?","$","E","R","B",null,"M","M","M","?","?","R","E","R","T","E","?","?","R","M","R","B",null,"M","M","M","M","?","E","R","M","T","M"],"character_chosen":"THE_SILENT","items_purchased":["Caltrops","Footwork","PiercingWail","Poisoned Stab"],"campfire_rested":3,"item_purchase_floors":[11,13,13,13],"current_hp_per_floor":[59,39,39,32,30,30,15,11,11,11,11,11,11,8,8,6,51,51,35,31,10,10,29,23,23,23,21,36,24,24,18,39,23,61,54,43,20,20,20,19,40,30,30,0],"gold":416,"neow_bonus":"BOSS_RELIC","is_prod":false,"is_daily":false,"chose_seed":false,"campfire_upgraded":4,"win_rate":0,"timestamp":1552965383,"path_taken":["M","?","M","M","M","R","M","E","T","?","?","?","$","E","R","BOSS","M","M","M","?","?","R","E","R","T","E","?","?","R","M","R","BOSS","M","M","M","M","?","E","R","M","T","M"],"build_version":"2019-03-15","purchased_purges":0,"victory":false,"max_hp_per_floor":[66,66,66,66,66,66,66,66,66,66,66,66,66,66,66,66,66,66,66,66,66,66,66,73,73,73,73,73,73,73,73,73,73,73,73,73,73,73,73,73,73,73,73,73],"card_choices":[{"not_picked":["Well Laid Plans","Skewer"],"picked":"Poisoned Stab","floor":1.0},{"not_picked":["Backflip","Accuracy"],"picked":"Noxious Fumes","floor":3.0},{"not_picked":["Underhanded Strike","Slice"],"picked":"Sucker Punch","floor":4.0},{"not_picked":["Slice","Dodge and Roll"],"picked":"Wraith Form v2","floor":5.0},{"not_picked":["Dagger Spray","Quick Slash"],"picked":"Backflip","floor":7.0},{"not_picked":["Eviscerate","Dagger Throw"],"picked":"Choke","floor":8.0},{"not_picked":["All Out Attack","Grand Finale","Finisher"],"picked":"SKIP","floor":14.0},{"not_picked":["Malaise","Venomology"],"picked":"Corpse Explosion","floor":16.0},{"not_picked":["Outmaneuver","Prepared"],"picked":"Deadly Poison","floor":18.0},{"not_picked":["Riddle With Holes","Predator"],"picked":"Dagger Spray+1","floor":19.0},{"not_picked":["Noxious Fumes","Reflex","Dagger Throw"],"picked":"SKIP","floor":20.0},{"not_picked":["Backflip","Reflex"],"picked":"Bouncing Flask","floor":24.0},{"not_picked":["Underhanded Strike+1","Dagger Throw"],"picked":"Catalyst","floor":27},{"not_picked":["All Out Attack","Dagger Spray","Skewer"],"picked":"SKIP","floor":31},{"not_picked":["Tools of the Trade","Unload"],"picked":"Malaise","floor":33},{"not_picked":["Expertise","Sucker Punch","Concentrate"],"picked":"SKIP","floor":35},{"not_picked":["Cloak And Dagger","Underhanded Strike","Prepared"],"picked":"SKIP","floor":36},{"not_picked":["Flying Knee","Masterful Stab","Deflect+1"],"picked":"SKIP","floor":37},{"not_picked":["Dagger Spray","Noxious Fumes"],"picked":"Dash","floor":38},{"not_picked":["Bane","Concentrate","Dodge and Roll"],"picked":"SKIP","floor":40},{"not_picked":["Bane","Concentrate"],"picked":"Dodge and Roll","floor":40},{"not_picked":["Dagger Spray+1","Envenom"],"picked":"Dodge and Roll","floor":42}],"player_experience":1138868,"relics_obtained":[{"floor":8.0,"key":"Bag of Preparation"},{"floor":9.0,"key":"Juzu Bracelet"},{"floor":14.0,"key":"PreservedInsect"},{"floor":21.0,"key":"Enchiridion"},{"floor":24.0,"key":"Strawberry"},{"floor":27,"key":"Letter Opener"},{"floor":29,"key":"Red Mask"},{"floor":40,"key":"Boot"}],"event_choices":[{"damage_healed":0.0,"max_hp_gain":0.0,"max_hp_loss":0.0,"gold_gain":0.0,"event_name":"Shining Light","player_choice":"Entered Light","floor":2.0,"gold_loss":0.0,"damage_taken":20.0,"cards_upgraded":["Defend_G","Defend_G"]},{"damage_healed":0.0,"max_hp_gain":0.0,"max_hp_loss":0.0,"gold_gain":0.0,"event_name":"Dead Adventurer","player_choice":"Searched \u00271\u0027 times","floor":10.0,"gold_loss":0.0,"damage_taken":0.0,"relics_obtained":["Sundial"]},{"damage_healed":0.0,"max_hp_gain":0.0,"max_hp_loss":0.0,"gold_gain":0.0,"event_name":"Wheel of Change","player_choice":"Cursed","floor":12.0,"gold_loss":0.0,"damage_taken":0.0,"cards_obtained":["Decay"]},{"damage_healed":0.0,"max_hp_gain":0.0,"max_hp_loss":0.0,"gold_gain":0.0,"event_name":"Cursed Tome","player_choice":"Obtained Book","floor":21.0,"gold_loss":0.0,"damage_taken":21.0},{"cards_removed":["Decay"],"damage_healed":0.0,"max_hp_gain":0.0,"max_hp_loss":0.0,"gold_gain":0.0,"event_name":"Beggar","player_choice":"Gave Gold","floor":22.0,"gold_loss":75.0,"damage_taken":0.0},{"damage_healed":15,"gold_gain":0,"player_choice":"Heal","damage_taken":0,"max_hp_gain":0,"max_hp_loss":0,"event_name":"The Library","floor":28,"gold_loss":0},{"damage_healed":0,"gold_gain":0,"player_choice":"Fought Bandits","damage_taken":0,"max_hp_gain":0,"max_hp_loss":0,"event_name":"Masked Bandits","floor":29,"gold_loss":0},{"cards_removed":["Poisoned Stab"],"damage_healed":0,"gold_gain":0,"player_choice":"Removed Attack","damage_taken":0,"max_hp_gain":0,"max_hp_loss":0,"event_name":"Falling","floor":39,"gold_loss":0}],"is_beta":true,"boss_relics":[{"not_picked":["Black Star","Eternal Feather"],"picked":"Cursed Key"},{"not_picked":["Sozu","Empty Cage"],"picked":"Snecko Eye"}],"items_purged_floors":[],"is_endless":false,"potions_floor_spawned":[1,4,8,14,16,18,27,33,35,37],"killed_by":"Spire Growth","ascension_level":20}