{"gold_per_floor":[215,232,243,254,271,271,282,296,344,344,364,364,46,76,76,154,154,164,184,184,201,218,218,133,133,157,169,231,243],"floor_reached":29,"playtime":1089,"items_purged":["Strike_R"],"score":378,"play_id":"687627af-c7c4-4993-a1c0-7810d42a9c2f","local_time":"20190216133744","is_ascension_mode":true,"campfire_choices":[{"data":"Uppercut","floor":6,"key":"SMITH"},{"data":"Double Tap","floor":10,"key":"SMITH"},{"data":"True Grit","floor":12,"key":"SMITH"},{"data":"Iron Wave","floor":15,"key":"SMITH"},{"data":"Double Tap","floor":23,"key":"SMITH"},{"data":"Flame Barrier","floor":25,"key":"SMITH"},{"data":"Flame Barrier","floor":27,"key":"SMITH"}],"neow_cost":"NONE","seed_source_timestamp":66651599351698,"circlet_count":0,"master_deck":["AscendersBane","Strike_R+1","Strike_R+1","Strike_R+1","Strike_R+1","Defend_R+1","Defend_R+1","Defend_R+1","Defend_R+1","Bash","Clothesline","Inflame","Iron Wave+1","Uppercut+1","Carnage","True Grit+1","Double Tap+1","Flame Barrier+1","Metallicize","Shrug It Off","Anger","Double Tap+1","Body Slam+1","Sentinel","Pummel+1","Flame Barrier+1"],"relics":["Burning Blood","Omamori","Pen Nib","Shuriken","Sozu","Ancient Tea Set","MawBank"],"potions_floor_usage":[5,8,16,18],"damage_taken":[{"damage":0,"enemies":"Small Slimes","floor":1,"turns":3},{"damage":4,"enemies":"2 Louse","floor":2,"turns":3},{"damage":2,"enemies":"Cultist","floor":3,"turns":4},{"damage":15,"enemies":"2 Fungi Beasts","floor":4,"turns":4},{"damage":23,"enemies":"3 Louse","floor":5,"turns":4},{"damage":3,"enemies":"Exordium Thugs","floor":7,"turns":4},{"damage":18,"enemies":"Exordium Wildlife","floor":8,"turns":5},{"damage":10,"enemies":"3 Louse","floor":11,"turns":3},{"damage":23,"enemies":"Lagavulin","floor":14,"turns":8},{"damage":17,"enemies":"Hexaghost","floor":16,"turns":8},{"damage":19,"enemies":"2 Thieves","floor":18,"turns":4},{"damage":22,"enemies":"Spheric Guardian","floor":19,"turns":4},{"damage":8,"enemies":"Centurion and Healer","floor":21,"turns":5},{"damage":5,"enemies":"Snecko","floor":22,"turns":4},{"damage":35,"enemies":"Gremlin Leader","floor":29,"turns":5}],"seed_played":"-9169276041112484216","potions_obtained":[{"floor":3,"key":"BloodPotion"},{"floor":4,"key":"Fire Potion"},{"floor":5,"key":"Ancient Potion"},{"floor":11,"key":"GamblersBrew"},{"floor":16,"key":"SkillPotion"}],"is_trial":false,"path_per_floor":["M","M","M","M","M","R","M","M","T","R","M","R","$","E","R","B",null,"M","M","?","M","M","R","?","R","T","R","?","E"],"character_chosen":"IRONCLAD","items_purchased":["Pen Nib","Metallicize","Shrug It Off"],"campfire_rested":0,"item_purchase_floors":[13,13,13],"current_hp_per_floor":[78,80,80,71,62,62,65,53,53,53,49,49,49,32,32,21,65,52,36,36,34,35,35,35,35,35,35,35,0],"gold":243,"neow_bonus":"HUNDRED_GOLD","is_prod":false,"is_daily":false,"chose_seed":false,"campfire_upgraded":7,"win_rate":0,"timestamp":1550342264,"path_taken":["M","M","M","M","M","R","M","M","T","R","M","R","$","E","R","BOSS","M","M","?","M","M","R","?","R","T","R","?","E"],"build_version":"2019-02-06","purchased_purges":1,"victory":false,"max_hp_per_floor":[80,80,80,80,80,80,80,80,80,80,80,80,80,80,80,80,80,80,80,80,80,80,80,80,80,80,80,80,80],"card_choices":[{"not_picked":["Havoc","Anger"],"picked":"Clothesline","floor":1},{"not_picked":["Wild Strike","Body Slam"],"picked":"Inflame","floor":2},{"not_picked":["Perfected Strike","Flex"],"picked":"Iron Wave","floor":3},{"not_picked":["Twin Strike","Berserk"],"picked":"Uppercut","floor":4},{"not_picked":["Flex","Clash"],"picked":"Carnage","floor":5},{"not_picked":["Headbutt","Sword Boomerang"],"picked":"True Grit","floor":7},{"not_picked":["Havoc","Hemokinesis"],"picked":"Double Tap","floor":8},{"not_picked":["Rampage","Entrench"],"picked":"Flame Barrier","floor":11},{"not_picked":["Iron Wave","Thunderclap"],"picked":"Anger","floor":14},{"not_picked":["Fiend Fire","Immolate"],"picked":"Double Tap","floor":16},{"not_picked":["Shrug It Off","Blood for Blood"],"picked":"Body Slam+1","floor":18},{"not_picked":["True Grit","Fire Breathing"],"picked":"Sentinel","floor":19},{"not_picked":["Pommel Strike+1","Thunderclap"],"picked":"Pummel+1","floor":21},{"not_picked":["Pommel Strike+1","Havoc"],"picked":"Flame Barrier","floor":22}],"player_experience":385450,"relics_obtained":[{"floor":9,"key":"Omamori"},{"floor":14,"key":"Shuriken"},{"floor":26,"key":"MawBank"}],"event_choices":[{"damage_healed":0,"gold_gain":0,"player_choice":"Simplicity","damage_taken":0,"max_hp_gain":0,"max_hp_loss":0,"event_name":"Back to Basics","floor":20,"gold_loss":0,"cards_upgraded":["Strike_R","Strike_R","Strike_R","Strike_R","Defend_R","Defend_R","Defend_R","Defend_R"]},{"damage_healed":0,"gold_gain":0,"player_choice":"Obtained Relic","damage_taken":0,"relics_obtained":["Ancient Tea Set"],"max_hp_gain":0,"max_hp_loss":0,"event_name":"Addict","floor":24,"gold_loss":85},{"damage_healed":0,"gold_gain":100,"player_choice":"Bet on Murderer","damage_taken":0,"max_hp_gain":0,"max_hp_loss":0,"event_name":"The Joust","floor":28,"gold_loss":50}],"is_beta":true,"boss_relics":[{"not_picked":["Tiny House","Runic Pyramid"],"picked":"Sozu"}],"items_purged_floors":[13],"is_endless":false,"potions_floor_spawned":[3,4,5,11,16,21,22],"killed_by":"Gremlin Leader","ascension_level":13}