{"gold_per_floor":[110,130,130,130,105,136,136,171,197,210,210,231,262,262,262,262],"floor_reached":16,"playtime":398,"items_purged":[],"score":266,"play_id":"16297e56-7cb6-4ac9-9797-f8ce28e5b445","local_time":"20181117170632","is_ascension_mode":true,"campfire_choices":[{"data":"Zap","floor":7,"key":"SMITH"},{"data":"Doom and Gloom","floor":11,"key":"SMITH"},{"data":"Go for the Eyes","floor":15,"key":"SMITH"}],"neow_cost":"NONE","seed_source_timestamp":249080085202139,"circlet_count":0,"master_deck":["AscendersBane","Strike_B","Strike_B","Strike_B","Strike_B","Defend_B","Defend_B","Defend_B","Defend_B","Zap+1","Dualcast","BootSequence","Cold Snap","Rip and Tear","Go for the Eyes+1","Doom and Gloom+1","Glacier","Conserve Battery"],"relics":["Cracked Core","NeowsBlessing","Golden Idol","Lantern","Pantograph","Odd Mushroom","Omamori"],"potions_floor_usage":[8,13,16],"damage_taken":[{"damage":0,"enemies":"Small Slimes","floor":1,"turns":1},{"damage":0,"enemies":"Jaw Worm","floor":2,"turns":1},{"damage":0,"enemies":"3 Sentries","floor":6,"turns":1},{"damage":13,"enemies":"Lagavulin","floor":8,"turns":7},{"damage":0,"enemies":"2 Louse","floor":10,"turns":2},{"damage":0,"enemies":"Exordium Wildlife","floor":12,"turns":1},{"damage":10,"enemies":"The Mushroom Lair","floor":13,"turns":3},{"damage":38,"enemies":"Hexaghost","floor":16,"turns":10}],"seed_played":"2446868182189581879","potions_obtained":[{"floor":2,"key":"Weak Potion"},{"floor":8,"key":"GamblersBrew"},{"floor":13,"key":"EssenceOfSteel"}],"is_trial":false,"path_per_floor":["M","M","$","?","$","E","R","E","T","M","R","M","?","?","R","B"],"character_chosen":"DEFECT","items_purchased":["Cold Snap"],"campfire_rested":0,"item_purchase_floors":[5],"current_hp_per_floor":[64,64,64,64,64,64,64,51,51,51,51,51,41,6,6,0],"gold":262,"neow_bonus":"THREE_ENEMY_KILL","is_prod":false,"is_daily":false,"chose_seed":false,"campfire_upgraded":3,"win_rate":0,"timestamp":1542492392,"path_taken":["M","M","$","?","$","E","R","E","T","M","R","M","?","?","R","BOSS"],"build_version":"2018-11-15","purchased_purges":0,"victory":false,"max_hp_per_floor":[71,71,71,64,64,64,64,64,64,64,64,64,64,64,64,64],"card_choices":[{"not_picked":["Stack","Heatsinks","Force Field"],"picked":"SKIP","floor":1},{"not_picked":["Leap","Self Repair"],"picked":"BootSequence","floor":2},{"not_picked":["Rebound","Leap"],"picked":"Rip and Tear","floor":6},{"not_picked":["White Noise","Seek"],"picked":"Go for the Eyes","floor":8},{"not_picked":["Gash","Ball Lightning"],"picked":"Doom and Gloom","floor":10},{"not_picked":["FTL","Compile Driver"],"picked":"Glacier","floor":12},{"not_picked":["Sunder","Redo"],"picked":"Conserve Battery","floor":13}],"player_experience":879716,"relics_obtained":[{"floor":6,"key":"Lantern"},{"floor":8,"key":"Pantograph"},{"floor":13,"key":"Odd Mushroom"}],"event_choices":[{"damage_healed":0,"gold_gain":0,"player_choice":"Lose Max HP","damage_taken":0,"relics_obtained":["Golden Idol"],"max_hp_gain":0,"max_hp_loss":7,"event_name":"Golden Idol","floor":4,"gold_loss":0},{"damage_healed":0,"gold_gain":0,"player_choice":"Fought Mushrooms","damage_taken":0,"max_hp_gain":0,"max_hp_loss":0,"event_name":"Mushrooms","floor":13,"gold_loss":0},{"damage_healed":0,"gold_gain":0,"player_choice":"Success","damage_taken":35,"relics_obtained":["Omamori"],"max_hp_gain":0,"max_hp_loss":0,"event_name":"Scrap Ooze","floor":14,"gold_loss":0}],"is_beta":true,"boss_relics":[],"items_purged_floors":[],"is_endless":false,"potions_floor_spawned":[2,8,13],"killed_by":"Hexaghost","ascension_level":20}