{"gold_per_floor":[361,311,34,54,54,85,85,110,137,137,164,181,200,211,211,307,307,319,329,84,101,101,101,135,148,148,180,9,28,28,42,42,140,140,150,72,91,19,19,19,51,51,51,71,0,0,19,30,30,30],"floor_reached":51,"playtime":3482,"items_purged":["Strike_B","Strike_B"],"score":849,"play_id":"71ab4eee-3281-4407-b7e2-fce7eb42bd3f","local_time":"20181120180135","is_ascension_mode":true,"campfire_choices":[{"data":"Defragment","floor":7.0,"key":"SMITH"},{"data":"Darkness","floor":15.0,"key":"SMITH"},{"data":"Dualcast","floor":23.0,"key":"SMITH"},{"floor":30.0,"key":"REST"},{"floor":32.0,"key":"REST"},{"data":"Redo","floor":42.0,"key":"SMITH"},{"data":"Hologram","floor":46,"key":"SMITH"},{"floor":49,"key":"REST"}],"neow_cost":"TEN_PERCENT_HP_LOSS","seed_source_timestamp":0,"circlet_count":0,"master_deck":["Strike_B","Strike_B","Defend_B","Defend_B","Defend_B","Zap","Dualcast+1","FTL","Defragment+1","BootSequence","Capacitor+1","Darkness+1","Doom and Gloom","Creative AI+1","White Noise+1","Redo+1","Machine Learning+1","Hologram+1","Loop+1","Skim+1","Hologram+1","Biased Cognition+1","Force Field+1","Self Repair+1","Skim+1","Double Energy+1","Rebound"],"special_seed":0,"relics":["Cracked Core","TheAbacus","Centennial Puzzle","Emotion Chip","Lantern","Frozen Egg 2","Sozu","Mummified Hand","Incense Burner","Gremlin Horn","Omamori","Philosopher\u0027s Stone","Boot","Smiling Mask","FossilizedHelix","Bottled Flame","Red Mask"],"potions_floor_usage":[],"damage_taken":[{"damage":2.0,"enemies":"Jaw Worm","floor":1.0,"turns":4.0},{"damage":5.0,"enemies":"Small Slimes","floor":4.0,"turns":2.0},{"damage":2.0,"enemies":"Gremlin Nob","floor":6.0,"turns":3.0},{"damage":34.0,"enemies":"3 Sentries","floor":8.0,"turns":8.0},{"damage":14.0,"enemies":"Lagavulin","floor":11.0,"turns":5.0},{"damage":0.0,"enemies":"2 Louse","floor":12.0,"turns":2.0},{"damage":4.0,"enemies":"Red Slaver","floor":13.0,"turns":3.0},{"damage":4.0,"enemies":"Exordium Wildlife","floor":14.0,"turns":4.0},{"damage":10.0,"enemies":"The Guardian","floor":16.0,"turns":7.0},{"damage":14.0,"enemies":"3 Byrds","floor":18.0,"turns":4.0},{"damage":23.0,"enemies":"2 Thieves","floor":19.0,"turns":3.0},{"damage":11.0,"enemies":"Centurion and Healer","floor":21.0,"turns":3.0},{"damage":16.0,"enemies":"Book of Stabbing","floor":24.0,"turns":3.0},{"damage":10.0,"enemies":"Snecko","floor":25.0,"turns":4.0},{"damage":25.0,"enemies":"Slavers","floor":27.0,"turns":4.0},{"damage":16.0,"enemies":"Shelled Parasite and Fungi","floor":29.0,"turns":3.0},{"damage":0.0,"enemies":"Snake Plant","floor":31.0,"turns":2.0},{"damage":13.0,"enemies":"Collector","floor":33.0,"turns":6.0},{"damage":19.0,"enemies":"3 Shapes","floor":35.0,"turns":3.0},{"damage":0.0,"enemies":"Orb Walker","floor":37.0,"turns":2.0},{"damage":5.0,"enemies":"Reptomancer","floor":41.0,"turns":3.0},{"damage":20,"enemies":"4 Shapes","floor":44,"turns":2},{"damage":11,"enemies":"3 Darklings","floor":47,"turns":3},{"damage":30,"enemies":"Transient","floor":48,"turns":5},{"damage":30,"enemies":"Donu and Deca","floor":50,"turns":4}],"seed_played":"-2217509162983246974","potions_obtained":[{"floor":1.0,"key":"Strength Potion"},{"floor":13.0,"key":"FearPotion"},{"floor":16.0,"key":"Fire Potion"}],"is_trial":false,"path_per_floor":["M","?","$","M","$","E","R","E","T","?","E","M","M","M","R","B",null,"M","M","$","M","?","R","E","M","T","E","$","M","R","M","R","B",null,"M","?","M","$","T","?","E","R","T","M","?","R","M","M","R","B",null],"character_chosen":"DEFECT","items_purchased":["TheAbacus","Mummified Hand","Loop+1","Self Repair+1"],"campfire_rested":3,"item_purchase_floors":[3,20,28,38],"current_hp_per_floor":[66,66,66,61,61,59,59,25,25,47,33,33,29,25,25,15,68,54,31,31,20,68,68,52,42,42,17,17,1,21,21,41,28,68,49,49,49,49,49,49,54,54,54,44,44,44,43,23,43,23],"gold":30,"neow_bonus":"TWO_FIFTY_GOLD","is_prod":false,"is_daily":false,"chose_seed":false,"campfire_upgraded":5,"win_rate":0,"timestamp":1542754895,"path_taken":["M","?","$","M","$","E","R","E","T","?","E","M","M","M","R","BOSS","M","M","$","M","?","R","E","?","T","E","$","M","R","M","R","BOSS","M","?","M","$","?","?","E","R","T","?","?","R","M","M","R","BOSS"],"build_version":"2018-11-15","purchased_purges":2,"victory":true,"max_hp_per_floor":[68,68,68,68,68,68,68,68,68,68,68,68,68,68,68,68,68,68,68,68,68,68,68,68,68,68,68,68,68,68,68,68,68,68,68,68,68,68,68,68,68,68,68,68,68,68,68,68,68,68],"card_choices":[{"not_picked":["Compile Driver","Rebound"],"picked":"FTL","floor":1.0},{"not_picked":["Streamline","Compile Driver","Beam Cell"],"picked":"SKIP","floor":4.0},{"not_picked":["Hello World","Redo"],"picked":"Defragment","floor":6.0},{"not_picked":["Beam Cell","Rebound"],"picked":"BootSequence","floor":8.0},{"not_picked":["Scrape","Compile Driver","Go for the Eyes"],"picked":"SKIP","floor":11.0},{"not_picked":["Doom and Gloom","Stack"],"picked":"Capacitor+1","floor":12.0},{"not_picked":["Ball Lightning","White Noise"],"picked":"Darkness","floor":13.0},{"not_picked":["Sweeping Beam","Rebound"],"picked":"Doom and Gloom","floor":14.0},{"not_picked":["Rainbow","All For One"],"picked":"Creative AI+1","floor":16.0},{"not_picked":["Stack+1","Ball Lightning"],"picked":"White Noise","floor":18.0},{"not_picked":["Static Discharge+1","Steam Power","Auto Shields+1"],"picked":"SKIP","floor":19.0},{"not_picked":["Sweeping Beam","Cold Snap+1"],"picked":"White Noise+1","floor":21.0},{"not_picked":["Genetic Algorithm","Streamline"],"picked":"Redo","floor":24.0},{"not_picked":["Streamline","Tempest+1"],"picked":"Machine Learning+1","floor":25.0},{"not_picked":["Cold Snap+1","Reinforced Body"],"picked":"Hologram+1","floor":27.0},{"not_picked":["Beam Cell","Redo"],"picked":"Skim+1","floor":29.0},{"not_picked":["Beam Cell+1","Capacitor+1"],"picked":"Hologram","floor":31.0},{"not_picked":["Reboot","All For One"],"picked":"Biased Cognition+1","floor":33.0},{"not_picked":["Turbo+1","Sweeping Beam","Beam Cell+1"],"picked":"SKIP","floor":35.0},{"not_picked":["Coolheaded","Capacitor+1"],"picked":"Force Field+1","floor":37.0},{"not_picked":["Steam","Barrage+1"],"picked":"Double Energy+1","floor":41.0},{"not_picked":["Scrape+1","Genetic Algorithm+1","Barrage"],"picked":"SKIP","floor":44},{"not_picked":["Gash","Leap+1","Genetic Algorithm+1"],"picked":"SKIP","floor":47},{"not_picked":["Doom and Gloom+1","Steam"],"picked":"Rebound","floor":48}],"player_experience":193864,"relics_obtained":[{"floor":6.0,"key":"Centennial Puzzle"},{"floor":8.0,"key":"Emotion Chip"},{"floor":9.0,"key":"Lantern"},{"floor":11.0,"key":"Frozen Egg 2"},{"floor":24.0,"key":"Incense Burner"},{"floor":26.0,"key":"Gremlin Horn"},{"floor":27.0,"key":"Omamori"},{"floor":39.0,"key":"Smiling Mask"},{"floor":41.0,"key":"FossilizedHelix"},{"floor":43,"key":"Bottled Flame"}],"event_choices":[{"cards_removed":["Defend_B"],"damage_healed":0.0,"max_hp_gain":0.0,"max_hp_loss":0.0,"gold_gain":0.0,"event_name":"The Cleric","player_choice":"Card Removal","floor":2.0,"gold_loss":50.0,"damage_taken":0.0},{"damage_healed":22.0,"max_hp_gain":0.0,"max_hp_loss":0.0,"gold_gain":0.0,"event_name":"Big Fish","player_choice":"Banana","floor":10.0,"gold_loss":0.0,"damage_taken":0.0},{"cards_removed":["White Noise"],"damage_healed":48.0,"max_hp_gain":0.0,"max_hp_loss":0.0,"gold_gain":0.0,"event_name":"Bonfire Elementals","player_choice":"Offered Uncommon","floor":22.0,"gold_loss":0.0,"damage_taken":0.0},{"damage_healed":0.0,"max_hp_gain":0.0,"max_hp_loss":0.0,"gold_gain":0.0,"event_name":"WeMeetAgain","player_choice":"Paid Gold","floor":36.0,"gold_loss":78.0,"damage_taken":0.0,"relics_obtained":["Boot"]},{"damage_healed":0.0,"max_hp_gain":0.0,"max_hp_loss":0.0,"gold_gain":0.0,"event_name":"Duplicator","player_choice":"Copied","floor":40.0,"gold_loss":0.0,"damage_taken":0.0,"cards_obtained":["Skim"]},{"damage_healed":0,"gold_gain":0,"player_choice":"Paid","damage_taken":0,"relics_obtained":["Red Mask"],"max_hp_gain":0,"max_hp_loss":0,"event_name":"Tomb of Lord Red Mask","floor":45,"gold_loss":71}],"is_beta":false,"boss_relics":[{"not_picked":["Velvet Choker","Empty Cage"],"picked":"Sozu"},{"not_picked":["Fusion Hammer","Pandora\u0027s Box"],"picked":"Philosopher\u0027s Stone"}],"items_purged_floors":[3,28],"is_endless":false,"potions_floor_spawned":[1,13,16,18,25,27,31,35,37],"ascension_level":4}