{"gold_per_floor":[110,110,110,127,127,127,153,171,196,196,196,14,26,26,26,103,103,123,123,107,120,138,138],"floor_reached":23,"playtime":1233,"items_purged":[],"score":315,"play_id":"02edc178-c953-415c-bd00-1aede09491a1","local_time":"20190215204035","is_ascension_mode":true,"campfire_choices":[{"data":"True Grit","floor":6,"key":"SMITH"},{"data":"Infernal Blade","floor":10,"key":"SMITH"},{"data":"Shockwave","floor":15,"key":"SMITH"}],"neow_cost":"NONE","seed_source_timestamp":5479553999839,"circlet_count":0,"master_deck":["AscendersBane","Strike_R","Strike_R","Strike_R","Defend_R","Defend_R","Defend_R","Defend_R","Bash","Sever Soul","Infernal Blade+1","True Grit+1","Shrug It Off","Intimidate","Iron Wave","Shockwave+1","Dark Embrace","Carnage","Sentinel","Rage","Whirlwind"],"relics":["Burning Blood","Dream Catcher","Regal Pillow","Art of War","Omamori","Coffee Dripper","Unceasing Top"],"potions_floor_usage":[16,16,20],"damage_taken":[{"damage":5,"enemies":"Small Slimes","floor":1,"turns":3},{"damage":0,"enemies":"Cultist","floor":4,"turns":2},{"damage":15,"enemies":"3 Sentries","floor":7,"turns":4},{"damage":0,"enemies":"2 Louse","floor":8,"turns":4},{"damage":0,"enemies":"Blue Slaver","floor":13,"turns":3},{"damage":61,"enemies":"Slime Boss","floor":16,"turns":13},{"damage":4,"enemies":"3 Byrds","floor":18,"turns":8},{"damage":5,"enemies":"2 Thieves","floor":20,"turns":4},{"damage":18,"enemies":"Centurion and Healer","floor":21,"turns":7},{"damage":32,"enemies":"Chosen and Byrds","floor":22,"turns":10},{"damage":17,"enemies":"Book of Stabbing","floor":23,"turns":5}],"seed_played":"-6512826730619226313","potions_obtained":[{"floor":1,"key":"Poison Potion"},{"floor":7,"key":"Energy Potion"},{"floor":16,"key":"SkillPotion"},{"floor":21,"key":"Energy Potion"}],"is_trial":false,"path_per_floor":["M","?","?","M","?","R","E","M","T","R","?","$","M","$","R","B",null,"M","?","M","M","M","E"],"character_chosen":"IRONCLAD","items_purchased":["Omamori","Iron Wave"],"campfire_rested":0,"item_purchase_floors":[12,12],"current_hp_per_floor":[73,55,55,61,66,66,57,63,63,63,63,63,69,69,69,14,67,69,69,70,58,32,15],"gold":138,"neow_bonus":"TRANSFORM_CARD","is_prod":false,"is_daily":false,"chose_seed":false,"campfire_upgraded":3,"win_rate":0,"timestamp":1550281235,"path_taken":["M","?","?","?","?","R","E","M","T","R","?","$","M","$","R","BOSS","M","?","M","M","M","E"],"build_version":"2019-02-06","purchased_purges":0,"victory":false,"max_hp_per_floor":[80,80,80,80,85,85,85,85,85,85,85,85,85,85,85,85,85,85,85,85,85,85,85],"card_choices":[{"not_picked":["Bloodletting","Flex"],"picked":"Infernal Blade","floor":1},{"not_picked":["Burning Pact","Havoc"],"picked":"True Grit","floor":4},{"not_picked":["Rage","Pommel Strike"],"picked":"Shrug It Off","floor":7},{"not_picked":["Twin Strike","Headbutt"],"picked":"Intimidate","floor":8},{"not_picked":["Infernal Blade","Armaments"],"picked":"Shockwave","floor":13},{"not_picked":["Brutality","Limit Break"],"picked":"Dark Embrace","floor":16},{"not_picked":["Rage","Pommel Strike"],"picked":"Carnage","floor":18},{"not_picked":["True Grit","Wild Strike"],"picked":"Sentinel","floor":20},{"not_picked":["Blood for Blood","Twin Strike"],"picked":"Rage","floor":21},{"not_picked":["True Grit","Searing Blow+1"],"picked":"Whirlwind","floor":22}],"player_experience":384217,"relics_obtained":[{"floor":7,"key":"Regal Pillow"},{"floor":9,"key":"Art of War"}],"event_choices":[{"damage_healed":0,"gold_gain":0,"player_choice":"Success","damage_taken":18,"relics_obtained":["Dream Catcher"],"max_hp_gain":0,"max_hp_loss":0,"event_name":"Scrap Ooze","floor":2,"gold_loss":0},{"damage_healed":0,"gold_gain":0,"player_choice":"Bought 0 Potions","damage_taken":0,"max_hp_gain":0,"max_hp_loss":0,"event_name":"The Woman in Blue","floor":3,"gold_loss":0},{"damage_healed":0,"gold_gain":0,"player_choice":"Donut","damage_taken":0,"max_hp_gain":5,"max_hp_loss":0,"event_name":"Big Fish","floor":5,"gold_loss":0},{"cards_removed":["Strike_R"],"damage_healed":0,"gold_gain":0,"player_choice":"Forget","damage_taken":0,"max_hp_gain":0,"max_hp_loss":0,"event_name":"Living Wall","floor":11,"gold_loss":0},{"damage_healed":0,"gold_gain":0,"player_choice":"Stole Relic","damage_taken":0,"relics_obtained":["Unceasing Top"],"max_hp_gain":0,"max_hp_loss":0,"event_name":"Addict","floor":19,"gold_loss":0,"cards_obtained":["Shame"]}],"is_beta":true,"boss_relics":[{"not_picked":["Orrery","Runic Dome"],"picked":"Coffee Dripper"}],"items_purged_floors":[],"is_endless":false,"potions_floor_spawned":[1,7,16,21],"killed_by":"Book of Stabbing","ascension_level":13}