{"gold_per_floor":[99,99,99,99,99,99,99,99,99,99,99,99,99,99,99,99,99,99,99,99,99,99,99,99,99,99,99,99,99],"floor_reached":29,"playtime":2043,"items_purged":[],"score":442,"play_id":"4ce9b43b-cb53-4683-b3e0-71be9c9146a5","local_time":"20190314100628","is_ascension_mode":true,"campfire_choices":[{"data":"Cloak And Dagger","floor":6,"key":"SMITH"},{"floor":8,"key":"REST"},{"data":"Neutralize","floor":10,"key":"SMITH"},{"data":"Footwork","floor":13,"key":"SMITH"},{"data":"Night Terror","floor":15,"key":"SMITH"},{"data":"Blade Dance","floor":23,"key":"SMITH"},{"floor":25,"key":"REST"}],"neow_cost":"NONE","seed_source_timestamp":22537029893014,"circlet_count":0,"master_deck":["AscendersBane","Defend_G","Defend_G","Defend_G","Strike_G","Strike_G","Strike_G","Survivor","Neutralize+1","Cloak And Dagger+1","Accuracy","Dodge and Roll","Caltrops","Blur","Backflip","Footwork+1","Night Terror+1","Adrenaline","Envenom+1","Tools of the Trade+1","Endless Agony+1","Blade Dance+1","Blade Dance+1","Cloak And Dagger+1","Escape Plan","Deflect+1"],"relics":["Ectoplasm","Shuriken","Astrolabe","Darkstone Periapt","Bottled Tornado"],"potions_floor_usage":[7,16,16,19,24,27,28],"damage_taken":[{"damage":7,"enemies":"Jaw Worm","floor":1,"turns":5},{"damage":0,"enemies":"2 Louse","floor":2,"turns":3},{"damage":0,"enemies":"Small Slimes","floor":4,"turns":5},{"damage":10,"enemies":"Exordium Wildlife","floor":5,"turns":6},{"damage":29,"enemies":"Exordium Thugs","floor":7,"turns":7},{"damage":0,"enemies":"Blue Slaver","floor":12,"turns":5},{"damage":0,"enemies":"3 Louse","floor":14,"turns":3},{"damage":21,"enemies":"Slime Boss","floor":16,"turns":16},{"damage":7,"enemies":"Shell Parasite","floor":18,"turns":7},{"damage":0,"enemies":"Spheric Guardian","floor":19,"turns":3},{"damage":18,"enemies":"Centurion and Healer","floor":22,"turns":5},{"damage":18,"enemies":"Shelled Parasite and Fungi","floor":24,"turns":4},{"damage":10,"enemies":"Book of Stabbing","floor":27,"turns":4},{"damage":12,"enemies":"Snecko","floor":28,"turns":4},{"damage":21,"enemies":"Slavers","floor":29,"turns":1}],"seed_played":"-1111795438470938774","potions_obtained":[{"floor":1,"key":"SteroidPotion"},{"floor":5,"key":"EssenceOfSteel"},{"floor":7,"key":"LiquidBronze"},{"floor":16,"key":"SteroidPotion"},{"floor":19,"key":"Fire Potion"},{"floor":22,"key":"GhostInAJar"},{"floor":27,"key":"GamblersBrew"}],"is_trial":false,"path_per_floor":["M","M","?","M","M","R","M","R","T","R","?","M","R","M","R","B",null,"M","M","?","?","M","R","M","R","T","E","M","E"],"character_chosen":"THE_SILENT","items_purchased":[],"campfire_rested":2,"item_purchase_floors":[],"current_hp_per_floor":[52,52,52,52,42,42,13,32,32,32,32,32,32,32,32,11,52,45,45,58,58,40,40,22,41,41,31,19,0],"gold":99,"neow_bonus":"BOSS_RELIC","is_prod":false,"is_daily":false,"chose_seed":false,"campfire_upgraded":5,"win_rate":0,"timestamp":1552572388,"path_taken":["M","M","?","M","M","R","M","R","T","R","?","M","R","M","R","BOSS","M","M","?","?","M","R","?","R","T","E","M","E"],"build_version":"2019-02-06","purchased_purges":0,"victory":false,"max_hp_per_floor":[66,66,66,66,66,66,66,66,66,66,66,66,66,66,66,66,66,66,66,66,66,66,66,66,66,66,66,66,66],"card_choices":[{"not_picked":["Finisher","Prepared"],"picked":"Cloak And Dagger","floor":1},{"not_picked":["PiercingWail","Poisoned Stab"],"picked":"Accuracy","floor":2},{"not_picked":["Dagger Throw","Dodge and Roll"],"picked":"Caltrops","floor":4},{"not_picked":["Underhanded Strike","Sucker Punch"],"picked":"Blur","floor":5},{"not_picked":["Bane","PiercingWail"],"picked":"Backflip","floor":7},{"not_picked":["Outmaneuver","Backflip"],"picked":"Footwork","floor":12},{"not_picked":["Dodge and Roll","Underhanded Strike"],"picked":"Night Terror","floor":14},{"not_picked":["A Thousand Cuts","Phantasmal Killer"],"picked":"Adrenaline","floor":16},{"not_picked":["PiercingWail","Backstab"],"picked":"Blade Dance","floor":18},{"not_picked":["PiercingWail","Prepared"],"picked":"Blade Dance","floor":19},{"not_picked":["Quick Slash","Poisoned Stab"],"picked":"Cloak And Dagger+1","floor":22},{"not_picked":["Flying Knee","Concentrate","Riddle With Holes"],"picked":"SKIP","floor":24},{"not_picked":["Terror","Choke"],"picked":"Escape Plan","floor":27},{"not_picked":["Distraction","Underhanded Strike"],"picked":"Deflect+1","floor":28}],"player_experience":493484,"relics_obtained":[{"floor":9,"key":"Shuriken"},{"floor":26,"key":"Darkstone Periapt"},{"floor":27,"key":"Bottled Tornado"}],"event_choices":[{"damage_healed":0,"gold_gain":0,"cards_transformed":["Strike_G"],"player_choice":"Change","damage_taken":0,"max_hp_gain":0,"max_hp_loss":0,"event_name":"Living Wall","floor":3,"gold_loss":0,"cards_obtained":["Dodge and Roll"]},{"damage_healed":0,"gold_gain":0,"player_choice":"Ignored","damage_taken":0,"max_hp_gain":0,"max_hp_loss":0,"event_name":"Liars Game","floor":11,"gold_loss":0},{"damage_healed":13,"gold_gain":0,"player_choice":"Heal","damage_taken":0,"max_hp_gain":0,"max_hp_loss":0,"event_name":"The Library","floor":20,"gold_loss":0},{"damage_healed":0,"gold_gain":0,"player_choice":"Upgraded","damage_taken":0,"max_hp_gain":0,"max_hp_loss":0,"event_name":"Upgrade Shrine","floor":21,"gold_loss":0,"cards_upgraded":["Blade Dance"]}],"is_beta":true,"boss_relics":[{"not_picked":["HoveringKite","Empty Cage"],"picked":"Astrolabe"}],"items_purged_floors":[],"is_endless":false,"potions_floor_spawned":[1,5,7,16,19,22,27],"killed_by":"Slavers","ascension_level":17}