{"gold_per_floor":[110,110,130,149,229,229,42,65,117,157,157,200,223,256,256,386,386,407,407,407],"floor_reached":20,"playtime":867,"items_purged":[],"score":211,"play_id":"afdbd6b5-474b-46a9-97a4-f4f871c7d63f","local_time":"20190326004652","is_ascension_mode":true,"campfire_choices":[{"floor":11,"key":"REST"},{"floor":15,"key":"REST"}],"neow_cost":"NONE","seed_source_timestamp":463659377650538,"circlet_count":0,"master_deck":["Strike_R","Strike_R","Strike_R","Strike_R","Defend_R","Defend_R","Defend_R","Defend_R","Bash","Clash","Clash","Chrysalis","Disarm","Fire Breathing","Seeing Red","Shrug It Off","Ghostly Armor","Bludgeon"],"relics":["Burning Blood","NeowsBlessing","Golden Idol","Smiling Mask","Red Skull","Strawberry","Self Forming Clay","Snecko Eye"],"potions_floor_usage":[10,10,12,14,16],"damage_taken":[{"damage":0,"enemies":"2 Louse","floor":1,"turns":1},{"damage":0,"enemies":"Cultist","floor":3,"turns":1},{"damage":0,"enemies":"Small Slimes","floor":4,"turns":1},{"damage":2,"enemies":"Looter","floor":8,"turns":3},{"damage":46,"enemies":"Gremlin Nob","floor":10,"turns":6},{"damage":29,"enemies":"Lagavulin","floor":12,"turns":9},{"damage":18,"enemies":"Exordium Wildlife","floor":13,"turns":5},{"damage":32,"enemies":"3 Sentries","floor":14,"turns":8},{"damage":23,"enemies":"Hexaghost","floor":16,"turns":17},{"damage":51,"enemies":"3 Byrds","floor":18,"turns":7},{"damage":22,"enemies":"Colosseum Slavers","floor":19,"turns":4},{"damage":26,"enemies":"Masked Bandits","floor":20,"turns":2}],"seed_played":"-1320026207357099933","potions_obtained":[{"floor":3,"key":"SteroidPotion"},{"floor":4,"key":"Regen Potion"},{"floor":10,"key":"Weak Potion"},{"floor":13,"key":"Weak Potion"},{"floor":14,"key":"SkillPotion"}],"is_trial":false,"path_per_floor":["M","?","M","M","?","?","$","M","T","E","R","E","M","E","R","B",null,"M","?","?"],"character_chosen":"IRONCLAD","items_purchased":["Chrysalis"],"campfire_rested":2,"item_purchase_floors":[7],"current_hp_per_floor":[80,80,80,80,80,60,60,64,64,39,63,47,35,9,35,18,87,42,26,0],"gold":407,"neow_bonus":"THREE_ENEMY_KILL","is_prod":false,"is_daily":false,"chose_seed":false,"campfire_upgraded":0,"win_rate":0,"timestamp":1553586412,"path_taken":["M","?","?","M","?","?","?","M","T","E","R","E","?","E","R","BOSS","M","?","?"],"build_version":"2019-01-23","purchased_purges":0,"victory":false,"max_hp_per_floor":[80,80,80,80,80,80,80,80,80,80,80,87,87,87,87,87,87,87,87,87],"card_choices":[{"not_picked":["Flex","Pommel Strike"],"picked":"Clash","floor":1},{"not_picked":["Iron Wave","Pommel Strike"],"picked":"Clash","floor":3},{"not_picked":["Sever Soul","Dropkick","Entrench"],"picked":"SKIP","floor":4},{"not_picked":["Rage","Wild Strike"],"picked":"Disarm","floor":8},{"not_picked":["Fiend Fire","Sword Boomerang"],"picked":"Fire Breathing","floor":10},{"not_picked":["Perfected Strike","Flex"],"picked":"Seeing Red","floor":12},{"not_picked":["Infernal Blade","Heavy Blade"],"picked":"Shrug It Off","floor":13},{"not_picked":["Entrench","Shrug It Off"],"picked":"Ghostly Armor","floor":14},{"not_picked":["Impervious","Double Tap"],"picked":"Bludgeon","floor":16},{"not_picked":["Heavy Blade","Havoc","True Grit+1"],"picked":"SKIP","floor":18}],"player_experience":382698,"relics_obtained":[{"floor":9,"key":"Smiling Mask"},{"floor":10,"key":"Red Skull"},{"floor":12,"key":"Strawberry"},{"floor":14,"key":"Self Forming Clay"}],"event_choices":[{"cards_removed":["Strike_R"],"damage_healed":0,"gold_gain":0,"player_choice":"Purged","damage_taken":0,"max_hp_gain":0,"max_hp_loss":0,"event_name":"Purifier","floor":2,"gold_loss":0},{"damage_healed":0,"gold_gain":80,"player_choice":"Gained Gold","damage_taken":0,"max_hp_gain":0,"max_hp_loss":0,"event_name":"Golden Wing","floor":5,"gold_loss":0},{"damage_healed":0,"gold_gain":0,"player_choice":"Take Damage","damage_taken":20,"relics_obtained":["Golden Idol"],"max_hp_gain":0,"max_hp_loss":0,"event_name":"Golden Idol","floor":6,"gold_loss":0},{"damage_healed":0,"gold_gain":0,"player_choice":"Fight","damage_taken":0,"max_hp_gain":0,"max_hp_loss":0,"event_name":"Colosseum","floor":19,"gold_loss":0},{"damage_healed":0,"gold_gain":0,"player_choice":"Fled From Nobs","damage_taken":0,"max_hp_gain":0,"max_hp_loss":0,"event_name":"Colosseum","floor":19,"gold_loss":0},{"damage_healed":0,"gold_gain":0,"player_choice":"Fought Bandits","damage_taken":0,"max_hp_gain":0,"max_hp_loss":0,"event_name":"Masked Bandits","floor":20,"gold_loss":0}],"is_beta":false,"boss_relics":[{"not_picked":["Black Star","Coffee Dripper"],"picked":"Snecko Eye"}],"items_purged_floors":[],"is_endless":false,"potions_floor_spawned":[3,4,10,13,14,19],"killed_by":"Masked Bandits","ascension_level":2}