{"gold_per_floor":[117,392,403,416,432,432,95,130,154,174,174,209,209,222,222,320,320,339,349,145,145,45,45,45],"floor_reached":24,"playtime":2090,"items_purged":["Regret","Strike_B"],"score":444,"play_id":"66ca696d-7d3d-45cc-b01b-1f882dc306bb","local_time":"20181223040753","is_ascension_mode":true,"campfire_choices":[{"floor":6.0,"key":"REST"},{"floor":11.0,"key":"REST"},{"data":"Coolheaded","floor":13.0,"key":"SMITH"},{"floor":15.0,"key":"REST"},{"floor":23.0,"key":"REST"}],"neow_cost":"NONE","seed_source_timestamp":0,"circlet_count":0,"master_deck":["Strike_B","Strike_B","Strike_B","Defend_B","Defend_B","Defend_B","Defend_B","Zap","Dualcast","Auto Shields","Coolheaded","Coolheaded+1","Mayhem","Self Repair","Hologram","Ball Lightning","Meteor Strike","Go for the Eyes"],"special_seed":0,"relics":["White Beast Statue","Lantern","Bag of Preparation","Orichalcum","Fusion Hammer","Frozen Eye","Cables"],"potions_floor_usage":[24,24,24],"damage_taken":[{"damage":11.0,"enemies":"2 Louse","floor":1.0,"turns":3.0},{"damage":7.0,"enemies":"Cultist","floor":3.0,"turns":5.0},{"damage":9.0,"enemies":"Small Slimes","floor":4.0,"turns":4.0},{"damage":9.0,"enemies":"Blue Slaver","floor":5.0,"turns":6.0},{"damage":32.0,"enemies":"3 Sentries","floor":8.0,"turns":24.0},{"damage":11.0,"enemies":"Looter","floor":10.0,"turns":3.0},{"damage":17.0,"enemies":"Lagavulin","floor":12.0,"turns":12.0},{"damage":4.0,"enemies":"Exordium Thugs","floor":14.0,"turns":6.0},{"damage":40.0,"enemies":"Slime Boss","floor":16.0,"turns":16.0},{"damage":27.0,"enemies":"3 Byrds","floor":18.0,"turns":7.0},{"damage":14.0,"enemies":"Spheric Guardian","floor":19.0,"turns":6.0},{"damage":61,"enemies":"Gremlin Leader","floor":24,"turns":4}],"seed_played":"-753813092732078153","potions_obtained":[{"floor":1.0,"key":"FearPotion"},{"floor":3.0,"key":"FearPotion"},{"floor":4.0,"key":"Block Potion"},{"floor":5.0,"key":"SpeedPotion"},{"floor":8.0,"key":"Regen Potion"},{"floor":10.0,"key":"PowerPotion"},{"floor":12.0,"key":"Weak Potion"},{"floor":14.0,"key":"Swift Potion"},{"floor":16.0,"key":"Dexterity Potion"},{"floor":18.0,"key":"FearPotion"},{"floor":19.0,"key":"EssenceOfSteel"}],"is_trial":false,"path_per_floor":["M","?","M","M","M","R","$","E","T","M","R","E","R","M","R","B",null,"M","M","$","T","$","R","E"],"character_chosen":"DEFECT","items_purchased":["Mayhem","Self Repair","Frozen Eye"],"campfire_rested":4,"item_purchase_floors":[7,7,20],"current_hp_per_floor":[57,57,50,41,32,54,54,29,29,18,40,45,45,41,63,30,64,44,30,30,30,30,52,0],"gold":45,"neow_bonus":"BOSS_RELIC","is_prod":false,"is_daily":false,"chose_seed":false,"campfire_upgraded":1,"win_rate":0,"timestamp":1545556073,"path_taken":["M","?","M","M","M","R","$","E","T","M","R","E","R","M","R","BOSS","M","M","$","?","$","R","E"],"build_version":"2018-12-20","purchased_purges":2,"victory":false,"max_hp_per_floor":[75,75,75,75,75,75,75,75,75,75,75,75,75,75,75,75,75,75,75,75,75,75,75,75],"card_choices":[{"not_picked":["Skim","Fusion"],"picked":"Auto Shields","floor":1.0},{"not_picked":["Consume","Barrage","Steam"],"picked":"SKIP","floor":3.0},{"not_picked":["Conserve Battery","Rebound"],"picked":"Coolheaded","floor":4.0},{"not_picked":["Gash","Barrage"],"picked":"Coolheaded","floor":5.0},{"not_picked":["Turbo","Gash","Scrape"],"picked":"SKIP","floor":8.0},{"not_picked":["Cold Snap","Stack"],"picked":"Hologram","floor":10.0},{"not_picked":["Hologram","Chaos"],"picked":"Ball Lightning","floor":12.0},{"not_picked":["Melter","Compile Driver","Gash"],"picked":"SKIP","floor":14.0},{"not_picked":["Buffer","Amplify"],"picked":"Meteor Strike","floor":16.0},{"not_picked":["Hologram","Go for the Eyes","Ball Lightning"],"picked":"SKIP","floor":18.0},{"not_picked":["Hologram","Ball Lightning"],"picked":"Go for the Eyes","floor":18.0},{"not_picked":["Redo","Heatsinks","Skim"],"picked":"SKIP","floor":19.0}],"player_experience":318985,"relics_obtained":[{"floor":8.0,"key":"Lantern"},{"floor":9.0,"key":"Bag of Preparation"},{"floor":12.0,"key":"Orichalcum"},{"floor":21.0,"key":"Cables"}],"event_choices":[{"damage_healed":0.0,"max_hp_gain":0.0,"max_hp_loss":0.0,"gold_gain":275.0,"event_name":"Golden Shrine","player_choice":"Desecrate","floor":2.0,"gold_loss":0.0,"damage_taken":0.0,"cards_obtained":["Regret"]}],"is_beta":false,"boss_relics":[{"not_picked":["Astrolabe","Runic Dome"],"picked":"Fusion Hammer"}],"items_purged_floors":[7,22],"is_endless":false,"potions_floor_spawned":[1,3,4,5,8,10,12,14,16,18,19],"killed_by":"Gremlin Leader","ascension_level":9}