{"gold_per_floor":[111,128,138,138,152,177,177,207,231,231,231,247,135,410,410,483,483,500,500,183,283,283,283,294,327,327,53,80,80,80,135,135,208,208,228,253,265,265,265,290,165,197,197,228,245,245,263,274,274,274,274,274,274,124,154,154],"floor_reached":56,"playtime":4026,"items_purged":["Regret","Regret","Injury","Injury"],"score":2348,"play_id":"ceb0e707-5411-459e-845b-231dc3074f21","local_time":"20190221231340","is_ascension_mode":true,"campfire_choices":[{"floor":7.0,"key":"REST"},{"data":"Seek","floor":10.0,"key":"SMITH"},{"data":"Hologram","floor":15.0,"key":"SMITH"},{"data":"Loop","floor":23.0,"key":"SMITH"},{"data":"Capacitor","floor":30.0,"key":"SMITH"},{"data":"Ghostly","floor":32.0,"key":"SMITH"},{"floor":46.0,"key":"RECALL"},{"data":"Defragment","floor":49.0,"key":"SMITH"},{"data":"Hologram","floor":53,"key":"SMITH"}],"neow_cost":"CURSE","seed_source_timestamp":707470215317390,"circlet_count":0,"master_deck":["AscendersBane","Strike_B","Strike_B","Strike_B","Strike_B","Defend_B","Defend_B","Defend_B","Defend_B","Zap+1","Dualcast","Ball Lightning","Capacitor+1","Cold Snap","Compile Driver","Multi-Cast","Seek+1","Hologram+1","Glacier","Biased Cognition","Sweeping Beam","Loop+1","Ghostly+1","Ghostly","Ghostly","Coolheaded+1","Blizzard","Reinforced Body","Coolheaded","Seek","Sweeping Beam+1","Capacitor","Hologram+1","Barrage+1","Echo Form","Skim","Glacier+1","Defragment+1"],"special_seed":0,"relics":["Cracked Core","Gambling Chip","Mercury Hourglass","Juzu Bracelet","Bag of Marbles","Blood Vial","Sozu","Oddly Smooth Stone","ClockworkSouvenir","Prayer Wheel","Sundial","Incense Burner","Molten Egg 2","Cables","Gremlin Horn","Meat on the Bone","Tiny Chest","Cursed Key","Question Card","Dream Catcher","DataDisk","Orichalcum"],"potions_floor_usage":[56],"damage_taken":[{"damage":1.0,"enemies":"Cultist","floor":1.0,"turns":3.0},{"damage":3.0,"enemies":"2 Louse","floor":2.0,"turns":2.0},{"damage":11.0,"enemies":"Small Slimes","floor":3.0,"turns":3.0},{"damage":1.0,"enemies":"2 Fungi Beasts","floor":5.0,"turns":3.0},{"damage":9.0,"enemies":"Gremlin Nob","floor":6.0,"turns":3.0},{"damage":24.0,"enemies":"Lagavulin","floor":8.0,"turns":5.0},{"damage":18.0,"enemies":"Exordium Thugs","floor":12.0,"turns":3.0},{"damage":21.0,"enemies":"The Guardian","floor":16.0,"turns":11.0},{"damage":11.0,"enemies":"Chosen","floor":18.0,"turns":4.0},{"damage":1.0,"enemies":"Colosseum Slavers","floor":21.0,"turns":3.0},{"damage":4.0,"enemies":"Colosseum Nobs","floor":21.0,"turns":4.0},{"damage":0.0,"enemies":"3 Byrds","floor":24.0,"turns":4.0},{"damage":3.0,"enemies":"Slavers","floor":25.0,"turns":4.0},{"damage":0.0,"enemies":"Gremlin Leader","floor":28.0,"turns":8.0},{"damage":1.0,"enemies":"Slavers","floor":31.0,"turns":5.0},{"damage":0.0,"enemies":"Automaton","floor":33.0,"turns":10.0},{"damage":0.0,"enemies":"3 Darklings","floor":35.0,"turns":4.0},{"damage":0.0,"enemies":"3 Shapes","floor":37.0,"turns":3.0},{"damage":0.0,"enemies":"Reptomancer","floor":40.0,"turns":7.0},{"damage":0.0,"enemies":"Giant Head","floor":42.0,"turns":9.0},{"damage":15.0,"enemies":"Nemesis","floor":44.0,"turns":7.0},{"damage":0.0,"enemies":"Jaw Worm Horde","floor":45.0,"turns":5.0},{"damage":0.0,"enemies":"3 Darklings","floor":47.0,"turns":4.0},{"damage":4.0,"enemies":"Spire Growth","floor":48.0,"turns":8.0},{"damage":1,"enemies":"Awakened One","floor":50,"turns":19},{"damage":0,"enemies":"Time Eater","floor":51,"turns":17},{"damage":8,"enemies":"Shield and Spear","floor":55,"turns":12},{"damage":32,"enemies":"The Heart","floor":56,"turns":9}],"seed_played":"330225259424253293","potions_obtained":[{"floor":1.0,"key":"Explosive Potion"},{"floor":5.0,"key":"Strength Potion"},{"floor":12.0,"key":"Weak Potion"},{"floor":16.0,"key":"FearPotion"}],"is_trial":false,"path_per_floor":["M","M","M","?","M","E","R","E","T","R","?","M","$","?","R","B",null,"M","T","$","?","?","R","M","E","T","$","E","?","R","E","R","B",null,"M","T","M","?","?","E","$","E","T","E","M","R","M","M","R","B","B",null,"R","$","E","B"],"character_chosen":"DEFECT","items_purchased":["Glacier","ClockworkSouvenir","Cables"],"campfire_rested":1,"item_purchase_floors":[13,20,27],"current_hp_per_floor":[63,60,49,49,48,39,60,36,36,36,36,20,20,20,20,1,54,45,45,45,44,35,35,35,32,32,32,34,34,34,34,34,35,35,35,35,35,33,33,33,33,33,33,18,20,20,22,20,20,21,23,31,31,31,25,0],"gold":154,"neow_bonus":"ONE_RARE_RELIC","is_prod":false,"is_daily":false,"chose_seed":false,"campfire_upgraded":7,"win_rate":0,"timestamp":1550808820,"path_taken":["M","M","?","?","M","E","R","E","T","R","?","M","$","?","R","BOSS","M","?","$","?","?","R","M","E","T","$","E","?","R","E","R","BOSS","M","?","M","?","?","E","$","E","T","E","M","R","M","M","R","BOSS","BOSS","R","$","E","BOSS"],"build_version":"2019-02-06","purchased_purges":4,"victory":false,"max_hp_per_floor":[71,71,71,71,71,71,71,71,71,71,71,71,71,71,71,71,71,71,71,71,71,35,35,35,35,35,35,35,35,35,35,35,35,35,35,35,35,33,33,33,33,33,33,33,33,33,33,33,33,33,33,33,33,33,33,33],"card_choices":[{"not_picked":["Compile Driver","Steam"],"picked":"Ball Lightning","floor":1.0},{"not_picked":["Barrage","Hologram"],"picked":"Capacitor","floor":2.0},{"not_picked":["Static Discharge","Self Repair"],"picked":"Cold Snap","floor":3.0},{"not_picked":["Beam Cell","Turbo"],"picked":"Compile Driver","floor":5.0},{"not_picked":["Redo","Chaos"],"picked":"Multi-Cast","floor":6.0},{"not_picked":["Sweeping Beam","Compile Driver"],"picked":"Seek","floor":8.0},{"not_picked":["Force Field","Stack"],"picked":"Hologram","floor":12.0},{"not_picked":["All For One","Multi-Cast"],"picked":"Biased Cognition","floor":16.0},{"not_picked":["Conserve Battery","Ball Lightning"],"picked":"Sweeping Beam","floor":18.0},{"not_picked":["Conserve Battery","Streamline"],"picked":"Loop","floor":21.0},{"not_picked":["Lockon","Sweeping Beam"],"picked":"Coolheaded+1","floor":24.0},{"not_picked":["Sweeping Beam","Leap"],"picked":"Blizzard","floor":24.0},{"not_picked":["Rip and Tear","Lockon+1"],"picked":"Reinforced Body","floor":25.0},{"not_picked":["Double Energy","Reinforced Body","Consume"],"picked":"SKIP","floor":28.0},{"not_picked":["Fusion","Scrape+1"],"picked":"Coolheaded","floor":31.0},{"not_picked":["Thunder Strike+1","Biased Cognition"],"picked":"Seek","floor":33.0},{"not_picked":["Steam","Rebound+1"],"picked":"Sweeping Beam+1","floor":35.0},{"not_picked":["Auto Shields","Sweeping Beam+1","Streamline+1"],"picked":"SKIP","floor":35.0},{"not_picked":["Auto Shields","Sweeping Beam+1","Streamline+1"],"picked":"SKIP","floor":35.0},{"not_picked":["Sweeping Beam+1","Blizzard+1"],"picked":"Capacitor","floor":37.0},{"not_picked":["Sweeping Beam+1","Ball Lightning+1","Streamline+1"],"picked":"SKIP","floor":37.0},{"not_picked":["Sweeping Beam+1","Ball Lightning+1","Streamline+1"],"picked":"SKIP","floor":37.0},{"not_picked":["Heatsinks","Conserve Battery"],"picked":"Hologram","floor":40.0},{"not_picked":["Force Field","Cold Snap+1","Compile Driver+1"],"picked":"Barrage+1","floor":42.0},{"not_picked":["Blizzard+1","FTL+1","Core Surge+1"],"picked":"Echo Form","floor":44.0},{"not_picked":["Steam+1","Barrage+1","Gash+1"],"picked":"Skim","floor":45.0},{"not_picked":["Gash+1","Beam Cell+1","Ball Lightning+1","Rebound+1"],"picked":"SKIP","floor":45.0},{"not_picked":["Streamline+1","Go for the Eyes+1","Stack+1"],"picked":"Glacier+1","floor":47.0},{"not_picked":["Rebound+1","White Noise+1","Reprogram","Aggregate"],"picked":"SKIP","floor":47.0},{"not_picked":["Streamline+1","Coolheaded","Echo Form"],"picked":"Defragment","floor":48.0},{"not_picked":["Ball Lightning+1","Steam","Gash+1","Melter+1"],"picked":"SKIP","floor":48.0},{"not_picked":["Tempest","Reprogram","Consume","Loop"],"picked":"SKIP","floor":55}],"player_experience":967095,"relics_obtained":[{"floor":6.0,"key":"Mercury Hourglass"},{"floor":8.0,"key":"Juzu Bracelet"},{"floor":9.0,"key":"Bag of Marbles"},{"floor":19.0,"key":"Oddly Smooth Stone"},{"floor":21.0,"key":"Prayer Wheel"},{"floor":21.0,"key":"Sundial"},{"floor":25.0,"key":"Incense Burner"},{"floor":26.0,"key":"Molten Egg 2"},{"floor":28.0,"key":"Gremlin Horn"},{"floor":29.0,"key":"Meat on the Bone"},{"floor":31.0,"key":"Tiny Chest"},{"floor":40.0,"key":"Question Card"},{"floor":42.0,"key":"Dream Catcher"},{"floor":44.0,"key":"DataDisk"},{"floor":55,"key":"Orichalcum"}],"event_choices":[{"damage_healed":0.0,"max_hp_gain":0.0,"max_hp_loss":0.0,"gold_gain":0.0,"event_name":"Upgrade Shrine","player_choice":"Upgraded","floor":4.0,"gold_loss":0.0,"damage_taken":0.0,"cards_upgraded":["Zap"]},{"damage_healed":0.0,"max_hp_gain":0.0,"max_hp_loss":0.0,"gold_gain":0.0,"event_name":"Big Fish","player_choice":"Box","floor":11.0,"gold_loss":0.0,"damage_taken":0.0,"relics_obtained":["Blood Vial"],"cards_obtained":["Regret"]},{"damage_healed":0.0,"max_hp_gain":0.0,"max_hp_loss":0.0,"gold_gain":275.0,"event_name":"Golden Shrine","player_choice":"Desecrate","floor":14.0,"gold_loss":0.0,"damage_taken":0.0,"cards_obtained":["Regret"]},{"damage_healed":0.0,"max_hp_gain":0.0,"max_hp_loss":0.0,"gold_gain":0.0,"event_name":"Colosseum","player_choice":"Fight","floor":21.0,"gold_loss":0.0,"damage_taken":0.0},{"damage_healed":0.0,"max_hp_gain":0.0,"max_hp_loss":0.0,"gold_gain":0.0,"event_name":"Colosseum","player_choice":"Fought Nobs","floor":21.0,"gold_loss":0.0,"damage_taken":0.0},{"damage_healed":0.0,"max_hp_gain":0.0,"max_hp_loss":36.0,"gold_gain":0.0,"event_name":"Ghosts","player_choice":"Became a Ghost","floor":22.0,"gold_loss":0.0,"damage_taken":0.0,"cards_obtained":["Ghostly","Ghostly","Ghostly"]},{"damage_healed":0.0,"max_hp_gain":0.0,"max_hp_loss":0.0,"gold_gain":0.0,"event_name":"Wheel of Change","player_choice":"Relic","floor":29.0,"gold_loss":0.0,"damage_taken":0.0},{"damage_healed":0.0,"max_hp_gain":0.0,"max_hp_loss":2.0,"gold_gain":0.0,"event_name":"Winding Halls","player_choice":"Max HP","floor":38.0,"gold_loss":0.0,"damage_taken":0.0},{"damage_healed":0.0,"max_hp_gain":0.0,"max_hp_loss":0.0,"gold_gain":0.0,"event_name":"Match and Keep!","player_choice":"0 cards matched","floor":39.0,"gold_loss":0.0,"damage_taken":0.0,"cards_obtained":[]}],"is_beta":true,"boss_relics":[{"not_picked":["Busted Crown","Runic Dome"],"picked":"Sozu"},{"not_picked":["FrozenCore","Eternal Feather"],"picked":"Cursed Key"}],"items_purged_floors":[13,20,41,54],"is_endless":false,"potions_floor_spawned":[1,5,12,16,18,24,33,37,42,44,47,48],"killed_by":"The Heart","ascension_level":20}