{"path_per_floor":["M","?","?","T","M","R","M","M","T","R","M","M","?","M","R"],"character_chosen":"IRONCLAD","items_purchased":[],"gold_per_floor":[111,111,111,111,132,132,150,164,213,213,227,242,242,265,265,265],"floor_reached":16,"campfire_rested":1,"playtime":836,"current_hp_per_floor":[39,44,44,44,51,51,51,55,55,55,54,50,33,30,70,0],"items_purged":[],"gold":265,"score":94,"play_id":"be98db7d-b0bf-4bad-907a-beffae4c822a","local_time":"20180331171740","is_prod":false,"is_daily":false,"is_ascension_mode":false,"campfire_upgraded":2,"timestamp":1522541860,"path_taken":["M","?","?","?","M","R","M","?","T","R","M","M","?","M","R","BOSS"],"build_version":"2018-03-29v2","purchased_purges":0,"victory":false,"master_deck":["Strike_R","Strike_R","Strike_R","Strike_R","Defend_R","Defend_R+1","Defend_R","Defend_R","Seeing Red+1","Metallicize","Metallicize","Injury","Bloodletting+1","Seeing Red+1","Armaments","Double Tap","Inflame","Rampage"],"max_hp_per_floor":[80,85,85,85,85,85,85,85,85,85,85,85,85,85,85,85],"relics":["Burning Blood","Golden Idol","Magic Flower","Regal Pillow"],"card_choices":[{"not_picked":["Havoc","Sword Boomerang"],"picked":"Metallicize","floor":1},{"not_picked":["Dropkick","Second Wind"],"picked":"Bloodletting","floor":5},{"not_picked":["Blood for Blood","Twin Strike"],"picked":"Seeing Red","floor":7},{"not_picked":["Entrench","Perfected Strike"],"picked":"Armaments","floor":8},{"not_picked":["Fire Breathing","Clothesline"],"picked":"Double Tap","floor":11},{"not_picked":["Dual Wield","Shrug It Off"],"picked":"Inflame","floor":12},{"not_picked":["Blood for Blood","Uppercut"],"picked":"Rampage","floor":14}],"player_experience":72318,"potions_floor_usage":[16,16],"damage_taken":[{"damage":7,"enemies":"Jaw Worm","floor":1,"turns":7},{"damage":2,"enemies":"Small Slimes","floor":5,"turns":7},{"damage":9,"enemies":"Cultist","floor":7,"turns":7},{"damage":5,"enemies":"Blue Slaver","floor":8,"turns":8},{"damage":10,"enemies":"Red Slaver","floor":11,"turns":7},{"damage":13,"enemies":"3 Louse","floor":12,"turns":8},{"damage":12,"enemies":"2 Fungi Beasts","floor":14,"turns":7},{"damage":70,"enemies":"Hexaghost","floor":16,"turns":15}],"event_choices":[{"event_name":"Big Fish","player_choice":"Donut","floor":2,"damage_taken":0},{"event_name":"Golden Idol","player_choice":"Take Wound","floor":3,"damage_taken":0},{"event_name":"Shining Light","player_choice":"Entered Light","floor":13,"damage_taken":0}],"boss_relics":[],"potions_floor_spawned":[1,7],"seed_played":"6601586051166767333","killed_by":"Hexaghost","ascension_level":0,"is_trial":false}