{"gold_per_floor":[115,125,136,136,150,150,180,180,261,271,271,304,304,321,321,400,400,412,21,41,41,53,79,79,113,113,113,133,133,150,180,180,257,257,268,288,288,288,288,288],"floor_reached":40,"playtime":1657,"items_purged":[],"score":987,"play_id":"d75ab006-542d-4a0a-9d83-5aef3928def0","local_time":"20190222204350","is_ascension_mode":true,"campfire_choices":[{"data":"Zap","floor":6.0,"key":"SMITH"},{"data":"Creative AI","floor":8.0,"key":"SMITH"},{"data":"Darkness","floor":13.0,"key":"SMITH"},{"data":"Coolheaded","floor":15.0,"key":"SMITH"},{"floor":24.0,"key":"REST"},{"data":"Defragment","floor":27.0,"key":"SMITH"},{"data":"Fission","floor":29.0,"key":"SMITH"},{"floor":32.0,"key":"REST"}],"neow_cost":"NONE","seed_source_timestamp":787298080675570,"circlet_count":0,"master_deck":["AscendersBane","Strike_B","Strike_B","Strike_B","Defend_B","Defend_B","Defend_B","Zap+1","Dualcast","Melter","Cold Snap","BootSequence","Electrodynamics","Creative AI+1","Darkness+1","Leap","Thunder Strike","Conserve Battery","Coolheaded+1","Leap","Fission+1","Genetic Algorithm","Ball Lightning","Defragment+1","Stack","Conserve Battery","Capacitor","Defragment+1","Undo","Self Repair","Cold Snap","Barrage","Core Surge","Leap+1","Cold Snap+1","Consume+1"],"special_seed":0,"relics":["Cracked Core","NeowsBlessing","Prayer Wheel","Question Card","Juzu Bracelet","Velvet Choker","DataDisk","Runic Capacitor","Mummified Hand","Centennial Puzzle","The Courier","Regal Pillow","Nuclear Battery"],"potions_floor_usage":[40,40],"damage_taken":[{"damage":0.0,"enemies":"Cultist","floor":1.0,"turns":1.0},{"damage":0.0,"enemies":"Small Slimes","floor":2.0,"turns":1.0},{"damage":0.0,"enemies":"2 Louse","floor":3.0,"turns":1.0},{"damage":0.0,"enemies":"Gremlin Gang","floor":5.0,"turns":2.0},{"damage":10.0,"enemies":"3 Sentries","floor":7.0,"turns":3.0},{"damage":0.0,"enemies":"2 Fungi Beasts","floor":10.0,"turns":2.0},{"damage":10.0,"enemies":"Lagavulin","floor":12.0,"turns":5.0},{"damage":8.0,"enemies":"Blue Slaver","floor":14.0,"turns":4.0},{"damage":31.0,"enemies":"Slime Boss","floor":16.0,"turns":9.0},{"damage":12.0,"enemies":"Chosen","floor":18.0,"turns":4.0},{"damage":6.0,"enemies":"3 Byrds","floor":20.0,"turns":3.0},{"damage":7.0,"enemies":"3 Cultists","floor":22.0,"turns":3.0},{"damage":26.0,"enemies":"Book of Stabbing","floor":23.0,"turns":7.0},{"damage":0.0,"enemies":"Gremlin Leader","floor":25.0,"turns":4.0},{"damage":17.0,"enemies":"Centurion and Healer","floor":28.0,"turns":8.0},{"damage":9.0,"enemies":"Snake Plant","floor":30.0,"turns":5.0},{"damage":6.0,"enemies":"Slavers","floor":31.0,"turns":3.0},{"damage":17.0,"enemies":"Champ","floor":33.0,"turns":11.0},{"damage":26.0,"enemies":"3 Darklings","floor":35.0,"turns":5.0},{"damage":8.0,"enemies":"3 Shapes","floor":36.0,"turns":7.0},{"damage":59,"enemies":"Reptomancer","floor":40,"turns":2}],"seed_played":"-896150556066588499","potions_obtained":[{"floor":3.0,"key":"SneckoOil"},{"floor":7.0,"key":"Regen Potion"},{"floor":10.0,"key":"AttackPotion"},{"floor":16.0,"key":"Explosive Potion"},{"floor":22.0,"key":"EntropicBrew"},{"floor":25.0,"key":"Regen Potion"},{"floor":30.0,"key":"Dexterity Potion"},{"floor":33.0,"key":"GamblersBrew"}],"is_trial":false,"path_per_floor":["M","M","M","?","M","R","E","R","T","M","$","E","R","M","R","B",null,"M","$","M","?","M","E","R","E","T","R","M","R","M","E","R","B",null,"M","M","$","?","?","E"],"character_chosen":"DEFECT","items_purchased":["DataDisk","Runic Capacitor"],"campfire_rested":2,"item_purchase_floors":[19,19],"current_hp_per_floor":[64,64,64,64,64,64,54,54,54,54,54,44,44,36,36,5,55,52,52,46,46,39,13,34,34,34,34,32,32,30,24,60,50,66,47,46,46,46,46,0],"gold":288,"neow_bonus":"THREE_ENEMY_KILL","is_prod":false,"is_daily":false,"chose_seed":false,"campfire_upgraded":6,"win_rate":0,"timestamp":1550886230,"path_taken":["M","?","?","?","M","R","E","R","T","M","$","E","R","M","R","BOSS","M","$","M","?","M","E","R","E","T","R","M","R","M","E","R","BOSS","M","M","$","?","?","E"],"build_version":"2019-02-06","purchased_purges":0,"victory":false,"max_hp_per_floor":[71,71,71,71,71,71,71,71,71,71,71,71,71,71,71,71,71,71,71,71,71,71,71,71,71,71,71,71,71,71,71,71,71,71,71,71,71,71,71,71],"card_choices":[{"not_picked":["Coolheaded","Stack"],"picked":"Melter","floor":1.0},{"not_picked":["Steam","Reprogram"],"picked":"Cold Snap","floor":2.0},{"not_picked":["Compile Driver","Turbo"],"picked":"BootSequence","floor":3.0},{"not_picked":["Compile Driver","Go for the Eyes"],"picked":"Creative AI","floor":5.0},{"not_picked":["Streamline","Compile Driver"],"picked":"Darkness","floor":7.0},{"not_picked":["Steam","Turbo","Gash"],"picked":"Leap","floor":10.0},{"not_picked":["Double Energy","Steam Power","Rebound"],"picked":"Thunder Strike","floor":10.0},{"not_picked":["Streamline","Darkness","Redo"],"picked":"Conserve Battery","floor":12.0},{"not_picked":["Rebound","Cold Snap","Lockon"],"picked":"Coolheaded","floor":14.0},{"not_picked":["Sweeping Beam","Cold Snap","Doom and Gloom"],"picked":"Leap","floor":14.0},{"not_picked":["Machine Learning","Reboot","Meteor Strike"],"picked":"Fission","floor":16.0},{"not_picked":["Go for the Eyes","Loop","Cold Snap"],"picked":"Genetic Algorithm","floor":18.0},{"not_picked":["Recycle","Rebound","Streamline"],"picked":"Ball Lightning","floor":18.0},{"not_picked":["Skim","White Noise","Lockon+1"],"picked":"Defragment+1","floor":20.0},{"not_picked":["Leap","Fusion","Go for the Eyes"],"picked":"Stack","floor":20.0},{"not_picked":["Go for the Eyes","Sweeping Beam","Gash"],"picked":"Conserve Battery","floor":22.0},{"not_picked":["Beam Cell","Go for the Eyes","Steam+1"],"picked":"Capacitor","floor":22.0},{"not_picked":["Stack","Seek","Rebound"],"picked":"Defragment","floor":23.0},{"not_picked":["Beam Cell","FTL","Redo"],"picked":"Undo","floor":25.0},{"not_picked":["White Noise+1","Darkness","Ball Lightning"],"picked":"Self Repair","floor":28.0},{"not_picked":["Gash","Rebound+1","Streamline"],"picked":"Cold Snap","floor":28.0},{"not_picked":["Rip and Tear","Doom and Gloom","Rebound"],"picked":"Barrage","floor":30.0},{"not_picked":["Turbo","Fission","BootSequence","Beam Cell"],"picked":"SKIP","floor":30.0},{"not_picked":["Rebound","Streamline","Sweeping Beam","Go for the Eyes"],"picked":"SKIP","floor":31.0},{"not_picked":["Hyperbeam","Buffer","Meteor Strike"],"picked":"Core Surge","floor":33.0},{"not_picked":["Stack","Hologram","Cold Snap"],"picked":"Leap+1","floor":35.0},{"not_picked":["Heatsinks","Leap","Ball Lightning"],"picked":"Cold Snap+1","floor":35.0},{"not_picked":["Cold Snap","Ball Lightning+1","Compile Driver+1"],"picked":"Consume","floor":36.0},{"not_picked":["Double Energy+1","Rebound","Hello World","Darkness+1"],"picked":"SKIP","floor":36.0}],"player_experience":977530,"relics_obtained":[{"floor":7.0,"key":"Prayer Wheel"},{"floor":9.0,"key":"Question Card"},{"floor":12.0,"key":"Juzu Bracelet"},{"floor":23.0,"key":"Mummified Hand"},{"floor":25.0,"key":"Centennial Puzzle"},{"floor":26.0,"key":"The Courier"},{"floor":31.0,"key":"Regal Pillow"}],"event_choices":[{"damage_healed":0.0,"max_hp_gain":0.0,"max_hp_loss":0.0,"gold_gain":0.0,"cards_transformed":["Strike_B"],"event_name":"Transmorgrifier","player_choice":"Transformed","floor":4.0,"gold_loss":0.0,"damage_taken":0.0,"cards_obtained":["Electrodynamics"]},{"damage_healed":0.0,"max_hp_gain":0.0,"max_hp_loss":0.0,"gold_gain":0.0,"event_name":"Beggar","player_choice":"Ignored","floor":21.0,"gold_loss":0.0,"damage_taken":0.0},{"cards_removed":["Defend_B"],"damage_healed":0.0,"max_hp_gain":0.0,"max_hp_loss":0.0,"gold_gain":0.0,"event_name":"Falling","player_choice":"Removed Skill","floor":38.0,"gold_loss":0.0,"damage_taken":0.0},{"damage_healed":0.0,"max_hp_gain":0.0,"max_hp_loss":0.0,"gold_gain":0.0,"event_name":"Upgrade Shrine","player_choice":"Upgraded","floor":39.0,"gold_loss":0.0,"damage_taken":0.0,"cards_upgraded":["Consume"]}],"is_beta":true,"boss_relics":[{"not_picked":["Philosopher\u0027s Stone","Runic Dome"],"picked":"Velvet Choker"},{"not_picked":["Pandora\u0027s Box","Snecko Eye"],"picked":"Nuclear Battery"}],"items_purged_floors":[],"is_endless":false,"potions_floor_spawned":[3,7,10,16,22,25,30,33],"killed_by":"Reptomancer","ascension_level":20}