{"gold_per_floor":[119,197,210,223,177,177,177,204,228,128,148,148,163,188,188,293,293,313,313,313,19,36,61,61,92,92,107,107,107,107,121,121,121],"floor_reached":33,"playtime":986,"items_purged":[],"score":308,"play_id":"f1e45626-1c66-40c7-aa1f-783ce2e42997","local_time":"20190228052451","is_ascension_mode":true,"campfire_choices":[{"data":"Zap","floor":6,"key":"SMITH"},{"floor":12,"key":"REST"},{"floor":15,"key":"REST"},{"data":"Streamline","floor":24,"key":"SMITH"},{"floor":28,"key":"REST"},{"floor":30,"key":"REST"},{"data":"Redo","floor":32,"key":"SMITH"}],"neow_cost":"NONE","seed_source_timestamp":653037370172309,"circlet_count":0,"master_deck":["Strike_B+1","Strike_B+1","Strike_B+1","Strike_B+1","Defend_B+1","Defend_B+1","Defend_B+1","Defend_B+1","Zap+1","Dualcast+1","All For One","Ball Lightning","Beam Cell","Sunder","Scrape","Turbo","BootSequence","Streamline+1","Static Discharge","Seek","Rebound+1","Static Discharge","Redo+1","Redo+1","Lockon+1","Go for the Eyes","Gash+1"],"relics":["Cracked Core","Bronze Scales","Bottled Lightning","Lizard Tail","Nloth\u0027s Gift","Sling","Orichalcum","Anchor"],"potions_floor_usage":[11,11,31,31,33],"damage_taken":[{"damage":12,"enemies":"Small Slimes","floor":1,"turns":4},{"damage":3,"enemies":"2 Louse","floor":3,"turns":3},{"damage":1,"enemies":"Cultist","floor":4,"turns":3},{"damage":17,"enemies":"3 Sentries","floor":8,"turns":5},{"damage":6,"enemies":"Blue Slaver","floor":11,"turns":2},{"damage":0,"enemies":"3 Louse","floor":13,"turns":3},{"damage":28,"enemies":"Gremlin Nob","floor":14,"turns":4},{"damage":42,"enemies":"Hexaghost","floor":16,"turns":6},{"damage":10,"enemies":"Spheric Guardian","floor":18,"turns":3},{"damage":2,"enemies":"Shell Parasite","floor":22,"turns":2},{"damage":33,"enemies":"Book of Stabbing","floor":23,"turns":4},{"damage":43,"enemies":"Gremlin Leader","floor":25,"turns":4},{"damage":7,"enemies":"Snecko","floor":27,"turns":3},{"damage":0,"enemies":"Snake Plant","floor":31,"turns":2},{"damage":58,"enemies":"Champ","floor":33,"turns":8}],"seed_played":"-8477503149327074460","potions_obtained":[{"floor":1,"key":"Poison Potion"},{"floor":8,"key":"LiquidBronze"},{"floor":25,"key":"FocusPotion"},{"floor":27,"key":"Energy Potion"},{"floor":31,"key":"SpeedPotion"}],"is_trial":false,"path_per_floor":["M","?","M","M","?","R","?","E","T","$","M","R","M","E","R","B",null,"M","?","?","$","M","E","R","E","T","M","R","?","R","M","R","B"],"character_chosen":"DEFECT","items_purchased":["Scrape","Turbo","Sling","Static Discharge","Redo"],"campfire_rested":4,"item_purchase_floors":[10,10,21,21,21],"current_hp_per_floor":[63,63,60,59,59,59,59,42,42,42,36,58,58,30,52,10,75,65,65,65,65,63,30,30,29,29,22,44,30,54,54,54,0],"gold":121,"neow_bonus":"ONE_RANDOM_RARE_CARD","is_prod":false,"is_daily":false,"chose_seed":false,"campfire_upgraded":3,"win_rate":0,"timestamp":1551360291,"path_taken":["M","?","M","M","?","R","?","E","T","$","M","R","?","E","R","BOSS","M","?","?","$","?","E","R","E","T","M","R","?","R","M","R","BOSS"],"build_version":"2019-01-23","purchased_purges":0,"victory":false,"max_hp_per_floor":[75,75,75,75,75,75,75,75,75,75,75,75,75,75,75,75,75,75,75,75,75,75,75,75,75,75,75,75,80,80,80,80,80],"card_choices":[{"not_picked":["Skim","Rebound"],"picked":"Ball Lightning","floor":1},{"not_picked":["Darkness","Steam"],"picked":"Beam Cell","floor":3},{"not_picked":["Redo","Compile Driver"],"picked":"Sunder","floor":4},{"not_picked":["Multi-Cast","Conserve Battery","Leap"],"picked":"SKIP","floor":8},{"not_picked":["Reprogram","Barrage"],"picked":"BootSequence","floor":11},{"not_picked":["Steam","Ball Lightning"],"picked":"Streamline","floor":13},{"not_picked":["Reprogram","Skim"],"picked":"Static Discharge","floor":14},{"not_picked":["Thunder Strike","Core Surge"],"picked":"Seek","floor":16},{"not_picked":["Beam Cell","Steam"],"picked":"Rebound+1","floor":18},{"not_picked":["Ball Lightning+1","Lockon"],"picked":"Redo+1","floor":22},{"not_picked":["Hello World","Sweeping Beam"],"picked":"Lockon+1","floor":23},{"not_picked":["Recycle","Double Energy","Steam+1"],"picked":"SKIP","floor":25},{"not_picked":["Compile Driver","Redo"],"picked":"Go for the Eyes","floor":27},{"not_picked":["Recycle","Beam Cell+1"],"picked":"Gash+1","floor":31}],"player_experience":291205,"relics_obtained":[{"floor":8,"key":"Bronze Scales"},{"floor":9,"key":"Oddly Smooth Stone"},{"floor":14,"key":"Bottled Lightning"},{"floor":23,"key":"Orichalcum"},{"floor":25,"key":"Anchor"}],"event_choices":[{"damage_healed":0,"gold_gain":78,"player_choice":"Gained Gold","damage_taken":0,"max_hp_gain":0,"max_hp_loss":0,"event_name":"Golden Wing","floor":2,"gold_loss":0},{"damage_healed":0,"gold_gain":0,"player_choice":"Left Gold","damage_taken":0,"max_hp_gain":0,"max_hp_loss":0,"event_name":"World of Goop","floor":5,"gold_loss":46},{"damage_healed":0,"gold_gain":0,"player_choice":"Forge","damage_taken":0,"max_hp_gain":0,"max_hp_loss":0,"event_name":"Accursed Blacksmith","floor":7,"gold_loss":0,"cards_upgraded":["Dualcast"]},{"damage_healed":0,"gold_gain":0,"player_choice":"Simplicity","damage_taken":0,"max_hp_gain":0,"max_hp_loss":0,"event_name":"Back to Basics","floor":19,"gold_loss":0,"cards_upgraded":["Strike_B","Strike_B","Strike_B","Strike_B","Defend_B","Defend_B","Defend_B","Defend_B"]},{"damage_healed":0,"gold_gain":0,"player_choice":"Traded Relic","damage_taken":0,"relics_obtained":["Nloth\u0027s Gift"],"max_hp_gain":0,"max_hp_loss":0,"event_name":"N\u0027loth","floor":20,"relics_lost":["Oddly Smooth Stone"],"gold_loss":0},{"damage_healed":0,"gold_gain":0,"player_choice":"Shed Blood","damage_taken":19,"max_hp_gain":5,"max_hp_loss":0,"event_name":"Forgotten Altar","floor":29,"gold_loss":0}],"is_beta":false,"boss_relics":[{"not_picked":["White Beast Statue","Eternal Feather"],"picked":"Lizard Tail"}],"items_purged_floors":[],"is_endless":false,"potions_floor_spawned":[1,8,25,27,31],"killed_by":"Champ","ascension_level":1}