{"gold_per_floor":[119,119,16,16,31,58,58,137,137,137,150,163,137,151,151,247,247,266,266,86,105,105,105,105,70,70,103,103,116,116],"floor_reached":30,"playtime":952,"items_purged":[],"score":258,"play_id":"3153e2e2-5364-44bb-a26e-116f4689ec05","local_time":"20190228062058","is_ascension_mode":true,"campfire_choices":[{"data":"Sunder","floor":7,"key":"SMITH"},{"floor":10,"key":"REST"},{"data":"Redo","floor":15,"key":"SMITH"},{"data":"Zap","floor":23,"key":"SMITH"},{"data":"Streamline","floor":24,"key":"SMITH"}],"neow_cost":"NONE","seed_source_timestamp":656439204378521,"circlet_count":0,"master_deck":["Strike_B","Strike_B","Strike_B","Strike_B","Defend_B","Defend_B","Defend_B","Defend_B","Zap+1","Dualcast","Forethought+1","Redo+1","Sunder+1","Gash","Cold Snap","Streamline+1","FTL","Cold Snap","Defragment","Seek","Static Discharge","Turbo","Auto Shields","Pain","Genetic Algorithm","RitualDagger"],"relics":["Cracked Core","WingedGreaves","Cursed Key","DataDisk","Smiling Mask","Pen Nib"],"potions_floor_usage":[27,29,30],"damage_taken":[{"damage":0,"enemies":"Small Slimes","floor":1,"turns":3},{"damage":6,"enemies":"Jaw Worm","floor":5,"turns":3},{"damage":35,"enemies":"3 Sentries","floor":6,"turns":9},{"damage":0,"enemies":"2 Louse","floor":11,"turns":2},{"damage":8,"enemies":"2 Fungi Beasts","floor":12,"turns":3},{"damage":6,"enemies":"Large Slime","floor":14,"turns":4},{"damage":10,"enemies":"Slime Boss","floor":16,"turns":10},{"damage":20,"enemies":"Chosen","floor":18,"turns":5},{"damage":7,"enemies":"3 Byrds","floor":21,"turns":4},{"damage":51,"enemies":"Book of Stabbing","floor":27,"turns":6},{"damage":19,"enemies":"Sentry and Sphere","floor":29,"turns":3},{"damage":10,"enemies":"Gremlin Leader","floor":30,"turns":2}],"seed_played":"2569964684692257027","potions_obtained":[{"floor":5,"key":"Ancient Potion"},{"floor":16,"key":"SteroidPotion"},{"floor":21,"key":"LiquidBronze"},{"floor":29,"key":"Dexterity Potion"}],"is_trial":false,"path_per_floor":["M","?","$","?","M","E","R","?","T","R","M","M","?","M","R","B",null,"M","?","$","M","?","R","R","$","T","E","?","M","E"],"character_chosen":"DEFECT","items_purchased":["Sunder","Gash","DataDisk","Turbo","Auto Shields"],"campfire_rested":1,"item_purchase_floors":[3,3,20,20,25],"current_hp_per_floor":[75,75,75,80,74,39,39,39,39,63,63,55,55,49,49,39,80,60,60,60,53,79,79,79,79,79,28,22,3,0],"gold":116,"neow_bonus":"RANDOM_COLORLESS","is_prod":false,"is_daily":false,"chose_seed":false,"campfire_upgraded":4,"win_rate":0,"timestamp":1551363658,"path_taken":["M","?","$","?","M","E","R","?","T","R","M","M","?","M","R","BOSS","M","?","$","M","?","R","R","?","T","E","?","M","E"],"build_version":"2019-01-23","purchased_purges":0,"victory":false,"max_hp_per_floor":[75,75,75,80,80,80,80,80,80,80,80,80,80,80,80,80,80,80,80,80,80,80,80,80,80,80,80,80,80,80],"card_choices":[{"not_picked":["Consume","Hologram"],"picked":"Redo","floor":1},{"not_picked":["Aggregate","Steam"],"picked":"Cold Snap","floor":5},{"not_picked":["Steam","Hello World"],"picked":"Streamline","floor":6},{"not_picked":["Steam","Barrage"],"picked":"FTL","floor":11},{"not_picked":["Rebound","Hologram"],"picked":"Cold Snap","floor":12},{"not_picked":["Go for the Eyes","Turbo"],"picked":"Defragment","floor":14},{"not_picked":["Thunder Strike","Machine Learning"],"picked":"Seek","floor":16},{"not_picked":["Stack+1","Hologram"],"picked":"Static Discharge","floor":18},{"not_picked":["Aggregate","Go for the Eyes","Turbo"],"picked":"SKIP","floor":21},{"not_picked":["Steam","Amplify"],"picked":"Genetic Algorithm","floor":27},{"not_picked":["Conserve Battery","Compile Driver+1","Cold Snap"],"picked":"SKIP","floor":29}],"player_experience":294556,"relics_obtained":[{"floor":6,"key":"WingedGreaves"},{"floor":26,"key":"Smiling Mask"},{"floor":27,"key":"Pen Nib"}],"event_choices":[{"damage_healed":0,"gold_gain":0,"player_choice":"Grow","damage_taken":0,"max_hp_gain":0,"max_hp_loss":0,"event_name":"Living Wall","floor":2,"gold_loss":0,"cards_upgraded":["Forethought"]},{"damage_healed":0,"gold_gain":0,"player_choice":"Donut","damage_taken":0,"max_hp_gain":5,"max_hp_loss":0,"event_name":"Big Fish","floor":4,"gold_loss":0},{"damage_healed":0,"gold_gain":79,"player_choice":"Gained Gold","damage_taken":0,"max_hp_gain":0,"max_hp_loss":0,"event_name":"Golden Wing","floor":8,"gold_loss":0},{"damage_healed":0,"gold_gain":0,"player_choice":"Left Gold","damage_taken":0,"max_hp_gain":0,"max_hp_loss":0,"event_name":"World of Goop","floor":13,"gold_loss":26},{"damage_healed":0,"gold_gain":0,"player_choice":"Ignored","damage_taken":0,"max_hp_gain":0,"max_hp_loss":0,"event_name":"Vampires","floor":19,"gold_loss":0},{"damage_healed":26,"gold_gain":0,"player_choice":"Heal","damage_taken":0,"max_hp_gain":0,"max_hp_loss":0,"event_name":"The Library","floor":22,"gold_loss":0},{"damage_healed":0,"gold_gain":0,"player_choice":"Joined the Cult","damage_taken":6,"max_hp_gain":0,"max_hp_loss":0,"event_name":"Nest","floor":28,"gold_loss":0,"cards_obtained":["RitualDagger"]}],"is_beta":false,"boss_relics":[{"not_picked":["Sozu","Ectoplasm"],"picked":"Cursed Key"}],"items_purged_floors":[],"is_endless":false,"potions_floor_spawned":[5,16,21,29],"killed_by":"Gremlin Leader","ascension_level":1}