{"gold_per_floor":[112,112,112,123,123,123,186,186,186,218,218,269,294,72,72,145,145,161,172,185,199,199,199,233,233,278,306,316,316,335,385,385,463,463,477,488,413,413,413],"floor_reached":39,"playtime":1446,"items_purged":["Decay"],"score":899,"play_id":"45202026-b439-46df-84f6-2b8deeaf42e0","local_time":"20181031011628","is_ascension_mode":true,"campfire_choices":[{"data":"Zap","floor":6.0,"key":"SMITH"},{"floor":8.0,"key":"REST"},{"floor":11.0,"key":"RECALL"},{"data":"Defragment","floor":15.0,"key":"SMITH"},{"data":"Electrodynamics","floor":23.0,"key":"SMITH"},{"data":"Coolheaded","floor":29.0,"key":"SMITH"},{"data":"Melter","floor":32.0,"key":"SMITH"}],"neow_cost":"NONE","seed_source_timestamp":57228948527918,"circlet_count":0,"master_deck":["Defend_B","Defend_B","Defend_B","Defend_B+1","Zap+1","Dualcast","AscendersBane","Steam+1","Conserve Battery","Barrage","Self Repair","Defragment+1","Electrodynamics+1","Coolheaded+1","Auto Shields","BootSequence","Cold Snap","Bite","Bite","Bite","Bite","Bite","Melter+1","Blizzard+1","Coolheaded","Impatience"],"special_seed":0,"relics":["Cracked Core","NeowsBlessing","WarpedTongs","Tiny Chest","Gremlin Horn","Sundial","Ancient Tea Set","Centennial Puzzle","ClockworkSouvenir","Sozu","Orichalcum","Oddly Smooth Stone","Inserter"],"potions_floor_usage":[39],"damage_taken":[{"damage":0.0,"enemies":"Jaw Worm","floor":1.0,"turns":1.0},{"damage":0.0,"enemies":"Cultist","floor":4.0,"turns":1.0},{"damage":0.0,"enemies":"Lagavulin","floor":7.0,"turns":1.0},{"damage":16.0,"enemies":"3 Sentries","floor":10.0,"turns":7.0},{"damage":12.0,"enemies":"Lagavulin","floor":13.0,"turns":7.0},{"damage":16.0,"enemies":"The Guardian","floor":16.0,"turns":11.0},{"damage":4.0,"enemies":"Spheric Guardian","floor":18.0,"turns":3.0},{"damage":5.0,"enemies":"2 Thieves","floor":19.0,"turns":3.0},{"damage":15.0,"enemies":"Shelled Parasite and Fungi","floor":20.0,"turns":6.0},{"damage":4.0,"enemies":"Snake Plant","floor":21.0,"turns":5.0},{"damage":29.0,"enemies":"Slavers","floor":24.0,"turns":7.0},{"damage":8.0,"enemies":"Gremlin Leader","floor":27.0,"turns":5.0},{"damage":0.0,"enemies":"Centurion and Healer","floor":28.0,"turns":6.0},{"damage":2.0,"enemies":"Cultist and Chosen","floor":30.0,"turns":6.0},{"damage":47.0,"enemies":"Automaton","floor":33.0,"turns":10.0},{"damage":9.0,"enemies":"Orb Walker","floor":35.0,"turns":4.0},{"damage":17.0,"enemies":"3 Darklings","floor":36.0,"turns":4.0},{"damage":72,"enemies":"Transient","floor":39,"turns":5}],"seed_played":"1070087142764843012","potions_obtained":[{"floor":7.0,"key":"Explosive Potion"},{"floor":10.0,"key":"FearPotion"},{"floor":13.0,"key":"Explosive Potion"},{"floor":16.0,"key":"LiquidBronze"}],"is_trial":false,"path_per_floor":["M","?","?","M","?","R","E","R","T","E","R","T","E","$","R","B",null,"M","M","M","M","?","R","E","?","T","E","M","R","M","?","R","B",null,"M","M","$","?"],"character_chosen":"DEFECT","items_purchased":["ClockworkSouvenir"],"campfire_rested":1,"item_purchase_floors":[14],"current_hp_per_floor":[64,64,43,43,36,36,36,57,57,41,41,41,36,36,36,30,61,64,66,61,67,49,49,42,42,42,49,49,49,49,49,49,30,44,45,47,47,42,0],"gold":413,"neow_bonus":"THREE_ENEMY_KILL","is_prod":false,"is_daily":false,"chose_seed":false,"campfire_upgraded":5,"win_rate":0,"timestamp":1540962988,"path_taken":["M","?","?","M","?","R","E","R","T","E","R","?","E","$","R","BOSS","M","M","M","M","?","R","E","?","T","E","M","R","?","?","R","BOSS","M","M","$","?","M"],"build_version":"2018-10-29v2","purchased_purges":1,"victory":false,"max_hp_per_floor":[71,71,71,71,71,71,71,71,71,71,71,71,71,71,71,71,71,71,71,71,71,49,49,49,49,49,49,49,49,49,49,49,49,49,49,49,49,49,49],"card_choices":[{"not_picked":["Go for the Eyes","Loop"],"picked":"Steam","floor":1.0},{"not_picked":["Gash","Reprogram"],"picked":"Conserve Battery","floor":4.0},{"not_picked":["Turbo","Hello World"],"picked":"Barrage","floor":7.0},{"not_picked":["Barrage","Scrape"],"picked":"Self Repair","floor":10.0},{"not_picked":["Chill","Rainbow"],"picked":"Defragment","floor":13.0},{"not_picked":["Seek","Echo Form"],"picked":"Electrodynamics","floor":16.0},{"not_picked":["Streamline","Turbo"],"picked":"Coolheaded","floor":18.0},{"not_picked":["Rebound+1","Compile Driver"],"picked":"Auto Shields","floor":19.0},{"not_picked":["Seek","FTL"],"picked":"BootSequence","floor":20.0},{"not_picked":["Reinforced Body","Redo"],"picked":"Cold Snap","floor":21.0},{"not_picked":["Reinforced Body","Recycle","Rebound+1"],"picked":"SKIP","floor":24.0},{"not_picked":["Sweeping Beam","Steam","Redo"],"picked":"SKIP","floor":27.0},{"not_picked":["Redo+1","Go for the Eyes"],"picked":"Melter","floor":28.0},{"not_picked":["Ball Lightning","Multi-Cast","Steam Power"],"picked":"SKIP","floor":30.0},{"not_picked":["Go for the Eyes","Redo"],"picked":"Blizzard+1","floor":35.0},{"not_picked":["FTL","Conserve Battery"],"picked":"Coolheaded","floor":36},{"not_picked":["Enlightenment","PanicButton"],"picked":"Impatience","floor":38}],"player_experience":799084,"relics_obtained":[{"floor":7.0,"key":"Tiny Chest"},{"floor":9.0,"key":"Gremlin Horn"},{"floor":10.0,"key":"Sundial"},{"floor":12.0,"key":"Ancient Tea Set"},{"floor":13.0,"key":"Centennial Puzzle"},{"floor":24.0,"key":"Orichalcum"},{"floor":27.0,"key":"Oddly Smooth Stone"}],"event_choices":[{"damage_healed":0.0,"max_hp_gain":0.0,"max_hp_loss":0.0,"gold_gain":0.0,"event_name":"Accursed Blacksmith","player_choice":"Rummage","floor":2.0,"gold_loss":0.0,"damage_taken":0.0,"relics_obtained":["WarpedTongs"],"cards_obtained":["Pain"]},{"damage_healed":0.0,"max_hp_gain":0.0,"max_hp_loss":0.0,"gold_gain":0.0,"event_name":"Shining Light","player_choice":"Entered Light","floor":3.0,"gold_loss":0.0,"damage_taken":21.0,"cards_upgraded":["Defend_B","Steam"]},{"cards_removed":["Pain"],"damage_healed":0.0,"max_hp_gain":0.0,"max_hp_loss":0.0,"gold_gain":0.0,"event_name":"Golden Wing","player_choice":"Card Removal","floor":5.0,"gold_loss":0.0,"damage_taken":7.0},{"damage_healed":0.0,"max_hp_gain":0.0,"max_hp_loss":22.0,"gold_gain":0.0,"event_name":"Vampires","player_choice":"Became a vampire","floor":22.0,"gold_loss":0.0,"damage_taken":0.0,"cards_obtained":["Bite","Bite","Bite","Bite","Bite"]},{"damage_healed":0.0,"max_hp_gain":0.0,"max_hp_loss":0.0,"gold_gain":0.0,"event_name":"Wheel of Change","player_choice":"Cursed","floor":25.0,"gold_loss":0.0,"damage_taken":0.0,"cards_obtained":["Decay"]},{"damage_healed":0.0,"max_hp_gain":0.0,"max_hp_loss":0.0,"gold_gain":50.0,"event_name":"Nest","player_choice":"Stole From Cult","floor":31.0,"gold_loss":0.0,"damage_taken":0.0},{"damage_healed":0,"gold_gain":0,"player_choice":"Memory 2","damage_taken":5,"max_hp_gain":0,"max_hp_loss":0,"event_name":"SensoryStone","floor":38,"gold_loss":0}],"is_beta":true,"boss_relics":[{"not_picked":["FrozenCore","Runic Pyramid"],"picked":"Sozu"},{"not_picked":["Pandora\u0027s Box","Philosopher\u0027s Stone"],"picked":"Inserter"}],"items_purged_floors":[37],"is_endless":false,"potions_floor_spawned":[7,10,13,16,19,20,21,30],"killed_by":"Transient","ascension_level":18}