{"gold_per_floor":[117,127,144,169,179,179,206,224,224,224,244,261,261,280,280,352,352,363,363,379,379,379,408,408,424,449,475,475],"floor_reached":28,"playtime":1089,"items_purged":[],"score":524,"play_id":"6aac8acd-3118-4391-a225-6eac466dae4a","local_time":"20190322111156","is_ascension_mode":true,"campfire_choices":[{"data":"Perfected Strike","floor":6.0,"key":"SMITH"},{"data":"Flame Barrier","floor":10.0,"key":"SMITH"},{"data":"Evolve","floor":15.0,"key":"SMITH"},{"data":"Bash","floor":24,"key":"SMITH"}],"neow_cost":"PERCENT_DAMAGE","seed_source_timestamp":801247411567544,"circlet_count":0,"master_deck":["AscendersBane","Strike_R","Strike_R","Strike_R","Strike_R","Strike_R","Defend_R","Defend_R","Defend_R","Defend_R","Bash+1","Spot Weakness+1","Dual Wield+1","Perfected Strike+1","Evolve+1","Perfected Strike+1","Flame Barrier+1","Headbutt","Ghostly Armor","Limit Break","Shrug It Off","Battle Trance","Decay","Immolate"],"special_seed":0,"relics":["Burning Blood","Torii","Vajra","War Paint","Self Forming Clay","Cursed Key","Blue Candle","Centennial Puzzle","Oddly Smooth Stone","Lantern"],"potions_floor_usage":[23,27],"damage_taken":[{"damage":2.0,"enemies":"Cultist","floor":1.0,"turns":4.0},{"damage":1.0,"enemies":"2 Louse","floor":2.0,"turns":3.0},{"damage":18.0,"enemies":"Jaw Worm","floor":3.0,"turns":6.0},{"damage":10.0,"enemies":"Blue Slaver","floor":5.0,"turns":4.0},{"damage":20.0,"enemies":"Lagavulin","floor":7.0,"turns":5.0},{"damage":15.0,"enemies":"Lots of Slimes","floor":8.0,"turns":5.0},{"damage":0.0,"enemies":"Large Slime","floor":11.0,"turns":4.0},{"damage":6.0,"enemies":"2 Fungi Beasts","floor":12.0,"turns":2.0},{"damage":6.0,"enemies":"Looter","floor":14.0,"turns":3.0},{"damage":1.0,"enemies":"Slime Boss","floor":16.0,"turns":7.0},{"damage":1.0,"enemies":"Chosen","floor":18.0,"turns":3.0},{"damage":11.0,"enemies":"Shell Parasite","floor":20.0,"turns":3.0},{"damage":21,"enemies":"Gremlin Leader","floor":23,"turns":4},{"damage":1,"enemies":"Snecko","floor":25,"turns":4},{"damage":25,"enemies":"Slavers","floor":27,"turns":6},{"damage":29,"enemies":"Shelled Parasite and Fungi","floor":28,"turns":6}],"seed_played":"1946589336879543425","potions_obtained":[{"floor":3.0,"key":"AttackPotion"},{"floor":5.0,"key":"Fire Potion"},{"floor":11.0,"key":"BloodPotion"},{"floor":12.0,"key":"Weak Potion"},{"floor":18.0,"key":"Poison Potion"},{"floor":25,"key":"SkillPotion"}],"is_trial":false,"path_per_floor":["M","M","M","T","M","R","E","M","T","R","M","M","?","M","R","B",null,"M","?","M","$","?","E","R","M","T","E","M"],"character_chosen":"IRONCLAD","items_purchased":[],"campfire_rested":0,"item_purchase_floors":[],"current_hp_per_floor":[54,59,47,47,43,43,29,20,20,20,26,26,26,33,33,38,66,71,71,66,66,66,51,51,56,56,37,8],"gold":475,"neow_bonus":"ONE_RARE_RELIC","is_prod":false,"is_daily":false,"chose_seed":false,"campfire_upgraded":4,"win_rate":0,"timestamp":1553267516,"path_taken":["M","M","M","?","M","R","E","?","T","R","M","M","?","?","R","BOSS","M","?","M","$","?","E","R","?","T","E","M"],"build_version":"2019-03-15","purchased_purges":0,"victory":false,"max_hp_per_floor":[75,75,75,75,75,75,75,75,75,75,75,75,75,75,75,75,75,75,75,75,75,75,75,75,75,75,75,75],"card_choices":[{"not_picked":["Body Slam","Rupture"],"picked":"Spot Weakness","floor":1.0},{"not_picked":["Heavy Blade","Body Slam"],"picked":"Dual Wield","floor":2.0},{"not_picked":["Bloodletting","Wild Strike"],"picked":"Perfected Strike","floor":3.0},{"not_picked":["Twin Strike","Heavy Blade"],"picked":"Evolve","floor":5.0},{"not_picked":["True Grit","Heavy Blade"],"picked":"Perfected Strike","floor":7.0},{"not_picked":["Second Wind","Pommel Strike"],"picked":"Flame Barrier","floor":8.0},{"not_picked":["Immolate","Body Slam"],"picked":"Headbutt","floor":11.0},{"not_picked":["Clothesline","Flex","Sword Boomerang"],"picked":"SKIP","floor":12.0},{"not_picked":["Burning Pact","Bloodletting"],"picked":"Ghostly Armor","floor":14.0},{"not_picked":["Immolate","Fiend Fire"],"picked":"Limit Break","floor":16.0},{"not_picked":["Clash","Armaments","Twin Strike"],"picked":"SKIP","floor":18.0},{"not_picked":["Bloodletting","Armaments","Pummel+1"],"picked":"SKIP","floor":20.0},{"not_picked":["Sentinel+1","Flex"],"picked":"Shrug It Off","floor":23},{"not_picked":["Flex","Thunderclap"],"picked":"Battle Trance","floor":25},{"not_picked":["Entrench","Fire Breathing"],"picked":"Immolate","floor":27}],"player_experience":1174215,"relics_obtained":[{"floor":4.0,"key":"Vajra"},{"floor":7.0,"key":"War Paint"},{"floor":9.0,"key":"Self Forming Clay"},{"floor":22.0,"key":"Blue Candle"},{"floor":23,"key":"Centennial Puzzle"},{"floor":26,"key":"Oddly Smooth Stone"},{"floor":27,"key":"Lantern"}],"event_choices":[{"damage_healed":0.0,"max_hp_gain":0.0,"max_hp_loss":0.0,"gold_gain":0.0,"event_name":"Upgrade Shrine","player_choice":"Upgraded","floor":13.0,"gold_loss":0.0,"damage_taken":0.0,"cards_upgraded":["Perfected Strike"]},{"damage_healed":0.0,"max_hp_gain":0.0,"max_hp_loss":0.0,"gold_gain":0.0,"event_name":"Vampires","player_choice":"Ignored","floor":19.0,"gold_loss":0.0,"damage_taken":0.0},{"damage_healed":0.0,"max_hp_gain":0.0,"max_hp_loss":0.0,"gold_gain":0.0,"event_name":"Wheel of Change","player_choice":"Relic","floor":22.0,"gold_loss":0.0,"damage_taken":0.0}],"is_beta":true,"boss_relics":[{"not_picked":["Astrolabe","White Beast Statue"],"picked":"Cursed Key"}],"items_purged_floors":[],"is_endless":false,"potions_floor_spawned":[3,5,11,12,18,25],"killed_by":"Shelled Parasite and Fungi","ascension_level":20}