{"gold_per_floor":[110,110,185,185,199,232,6,6,6,30,30,45,78,103,103,196,196,212,137,45,64,77,77,92,92,115,151,151,151,190,203,203,203],"floor_reached":33,"playtime":1253,"items_purged":[],"score":640,"play_id":"d4df50d9-2fd2-47c4-b7f2-280237c6c7b4","local_time":"20181117101625","is_ascension_mode":true,"campfire_choices":[{"floor":8.0,"key":"REST"},{"data":"Sunder","floor":11.0,"key":"SMITH"},{"data":"Defragment","floor":15.0,"key":"SMITH"},{"floor":23.0,"key":"DIG"},{"data":"Blind","floor":25.0,"key":"SMITH"},{"floor":28.0,"key":"DIG"},{"floor":32.0,"key":"DIG"}],"neow_cost":"NONE","seed_source_timestamp":223447889614899,"circlet_count":0,"master_deck":["AscendersBane","Strike_B","Strike_B","Strike_B","Defend_B","Defend_B","Defend_B","Defend_B","Zap","Dualcast","Sweeping Beam","Chill","Ball Lightning","Sunder+1","FTL","Defragment+1","Barrage","Rainbow","Self Repair","Blind+1","Conserve Battery","Melter","Melter+1","Hologram","Hologram"],"special_seed":0,"relics":["Cracked Core","Golden Idol","Anchor","Runic Capacitor","Mercury Hourglass","Shovel","Nuclear Battery","Bottled Lightning","Art of War","The Courier","Pantograph","Omamori","Pen Nib"],"potions_floor_usage":[33],"damage_taken":[{"damage":4.0,"enemies":"Jaw Worm","floor":1.0,"turns":3.0},{"damage":5.0,"enemies":"Small Slimes","floor":5.0,"turns":3.0},{"damage":44.0,"enemies":"Gremlin Nob","floor":6.0,"turns":4.0},{"damage":0.0,"enemies":"2 Louse","floor":10.0,"turns":2.0},{"damage":0.0,"enemies":"Gremlin Gang","floor":12.0,"turns":3.0},{"damage":0.0,"enemies":"3 Sentries","floor":13.0,"turns":4.0},{"damage":0.0,"enemies":"Lots of Slimes","floor":14.0,"turns":2.0},{"damage":11.0,"enemies":"Hexaghost","floor":16.0,"turns":8.0},{"damage":0.0,"enemies":"3 Byrds","floor":18.0,"turns":3.0},{"damage":6.0,"enemies":"Spheric Guardian","floor":21.0,"turns":3.0},{"damage":4.0,"enemies":"3 Cultists","floor":22.0,"turns":4.0},{"damage":0.0,"enemies":"Sentry and Sphere","floor":24.0,"turns":4.0},{"damage":19.0,"enemies":"Gremlin Leader","floor":27.0,"turns":6.0},{"damage":32.0,"enemies":"Slavers","floor":30.0,"turns":6.0},{"damage":0.0,"enemies":"Centurion and Healer","floor":31.0,"turns":4.0},{"damage":46,"enemies":"Automaton","floor":33,"turns":8}],"seed_played":"7546790499367189632","potions_obtained":[{"floor":0.0,"key":"FocusPotion"},{"floor":0.0,"key":"Block Potion"},{"floor":4.0,"key":"Regen Potion"},{"floor":4.0,"key":"EntropicBrew"},{"floor":10.0,"key":"Block Potion"},{"floor":12.0,"key":"Strength Potion"},{"floor":14.0,"key":"EssenceOfSteel"},{"floor":18.0,"key":"Swift Potion"},{"floor":22.0,"key":"SpeedPotion"},{"floor":27.0,"key":"Strength Potion"}],"is_trial":false,"path_per_floor":["M","?","?","?","M","E","$","R","T","M","R","M","E","M","R","B",null,"M","?","$","M","M","R","M","R","T","E","R","?","E","M","R","B"],"character_chosen":"DEFECT","items_purchased":["Runic Capacitor","Blind"],"campfire_rested":1,"item_purchase_floors":[7,20],"current_hp_per_floor":[60,60,49,49,53,9,9,28,28,28,28,28,28,28,28,17,52,52,52,52,53,56,56,63,63,63,51,51,51,26,26,26,5],"gold":203,"neow_bonus":"THREE_SMALL_POTIONS","is_prod":false,"is_daily":false,"chose_seed":false,"campfire_upgraded":3,"win_rate":0,"timestamp":1542467785,"path_taken":["M","?","?","?","?","E","$","R","T","M","R","?","E","M","R","BOSS","M","?","?","?","M","R","M","R","T","E","R","?","E","M","R","BOSS"],"build_version":"2018-11-15","purchased_purges":0,"victory":false,"max_hp_per_floor":[71,64,64,64,64,64,64,64,64,64,64,64,64,64,64,64,64,64,64,64,64,64,64,64,64,64,64,64,64,64,64,64,64],"card_choices":[{"not_picked":["Hello World","Blizzard"],"picked":"Sweeping Beam","floor":1.0},{"not_picked":["Scrape","Gash"],"picked":"Chill","floor":5.0},{"not_picked":["Fusion","Rebound"],"picked":"Ball Lightning","floor":6.0},{"not_picked":["Heatsinks","White Noise"],"picked":"Sunder","floor":10.0},{"not_picked":["Stack","Go for the Eyes"],"picked":"FTL","floor":12.0},{"not_picked":["Hologram","Heatsinks"],"picked":"Defragment","floor":13.0},{"not_picked":["Auto Shields","Stack"],"picked":"Barrage","floor":14.0},{"not_picked":["Seek","Reboot"],"picked":"Rainbow","floor":16.0},{"not_picked":["Blizzard","Lockon"],"picked":"Self Repair","floor":18.0},{"not_picked":["Beam Cell","Fusion","Capacitor"],"picked":"SKIP","floor":21.0},{"not_picked":["Stack","Chaos"],"picked":"Conserve Battery","floor":22.0},{"not_picked":["Conserve Battery","Beam Cell"],"picked":"Melter","floor":24.0},{"not_picked":["Sunder","Capacitor"],"picked":"Melter+1","floor":27.0},{"not_picked":["Redo","Conserve Battery"],"picked":"Hologram","floor":30.0},{"not_picked":["Auto Shields","Rainbow"],"picked":"Hologram","floor":31.0}],"player_experience":871447,"relics_obtained":[{"floor":6.0,"key":"Anchor"},{"floor":9.0,"key":"Mercury Hourglass"},{"floor":13.0,"key":"Shovel"},{"floor":23.0,"key":"Bottled Lightning"},{"floor":26.0,"key":"Art of War"},{"floor":27.0,"key":"The Courier"},{"floor":28.0,"key":"Pantograph"},{"floor":30.0,"key":"Omamori"},{"floor":32.0,"key":"Pen Nib"}],"event_choices":[{"damage_healed":0.0,"max_hp_gain":0.0,"max_hp_loss":7.0,"gold_gain":0.0,"event_name":"Golden Idol","player_choice":"Lose Max HP","floor":2.0,"gold_loss":0.0,"damage_taken":0.0,"relics_obtained":["Golden Idol"]},{"damage_healed":0.0,"max_hp_gain":0.0,"max_hp_loss":0.0,"gold_gain":75.0,"event_name":"World of Goop","player_choice":"Gather Gold","floor":3.0,"gold_loss":0.0,"damage_taken":11.0},{"damage_healed":0.0,"max_hp_gain":0.0,"max_hp_loss":0.0,"gold_gain":0.0,"event_name":"Lab","player_choice":"Got Potions","floor":4.0,"gold_loss":0.0,"damage_taken":0.0},{"cards_removed":["Strike_B"],"damage_healed":0.0,"max_hp_gain":0.0,"max_hp_loss":0.0,"gold_gain":0.0,"event_name":"Beggar","player_choice":"Gave Gold","floor":19.0,"gold_loss":75.0,"damage_taken":0.0},{"damage_healed":0.0,"max_hp_gain":0.0,"max_hp_loss":0.0,"gold_gain":0.0,"event_name":"Vampires","player_choice":"Ignored","floor":29.0,"gold_loss":0.0,"damage_taken":0.0}],"is_beta":true,"boss_relics":[{"not_picked":["White Beast Statue","Calling Bell"],"picked":"Nuclear Battery"}],"items_purged_floors":[],"is_endless":false,"potions_floor_spawned":[10,12,14,18,22,27],"killed_by":"Automaton","ascension_level":20}