{"gold_per_floor":[18,30,105,117,117,117,155,120,200,223,242,276,276,43,43,132,132,146,167,182,182,182,182,222,246,293,307,345,366,131,155,155,245,245,269,319,344,7,21,21,55,55,55,55,80,80,104,140,140,140,140,140,140,40,80,80],"floor_reached":57,"playtime":4027,"items_purged":["Strike_B","Strike_B"],"score":2778,"play_id":"34a05322-dfb1-4791-8e77-0f5bec6017cb","local_time":"20190321225951","is_ascension_mode":true,"campfire_choices":[{"data":"Zap","floor":6.0,"key":"SMITH"},{"data":"Coolheaded","floor":13.0,"key":"SMITH"},{"data":"Capacitor","floor":15.0,"key":"SMITH"},{"data":"Ghostly","floor":23.0,"key":"SMITH"},{"data":"Ghostly","floor":32.0,"key":"SMITH"},{"data":"Consume","floor":40.0,"key":"SMITH"},{"data":"Hologram","floor":42.0,"key":"SMITH"},{"floor":44.0,"key":"RECALL"},{"data":"Buffer","floor":46.0,"key":"SMITH"},{"data":"Defragment","floor":49.0,"key":"SMITH"},{"data":"Defragment","floor":53.0,"key":"SMITH"}],"neow_cost":"NO_GOLD","seed_source_timestamp":754132940556983,"circlet_count":0,"master_deck":["AscendersBane","Defend_B+1","Defend_B","Defend_B","Defend_B","Zap+1","Dualcast","Gash","Auto Shields","Cold Snap","Genetic Algorithm","Coolheaded+1","Reinforced Body","Rebound","Glacier","Capacitor+1","Electrodynamics","Undo","Cold Snap","Conserve Battery+1","Ghostly+1","Ghostly","Ghostly+1","Consume+1","Cold Snap","Buffer+1","Darkness+1","Hologram+1","Defragment+1","Defragment+1","Electrodynamics","Loop+1","Conserve Battery+1","Coolheaded+1","Echo Form"],"special_seed":0,"relics":["Cracked Core","Golden Idol","Strawberry","Tiny Chest","Art of War","DataDisk","Inserter","Meat on the Bone","StoneCalendar","War Paint","Nuclear Battery","Ice Cream","Bronze Scales","Regal Pillow","Happy Flower","Bag of Preparation"],"potions_floor_usage":[56,56],"damage_taken":[{"damage":0.0,"enemies":"Small Slimes","floor":1.0,"turns":5.0},{"damage":0.0,"enemies":"2 Louse","floor":2.0,"turns":2.0},{"damage":1.0,"enemies":"Jaw Worm","floor":4.0,"turns":3.0},{"damage":29.0,"enemies":"3 Sentries","floor":7.0,"turns":13.0},{"damage":0.0,"enemies":"Blue Slaver","floor":10.0,"turns":4.0},{"damage":4.0,"enemies":"Gremlin Gang","floor":11.0,"turns":5.0},{"damage":13.0,"enemies":"Lagavulin","floor":12.0,"turns":6.0},{"damage":11.0,"enemies":"The Guardian","floor":16.0,"turns":16.0},{"damage":7.0,"enemies":"3 Byrds","floor":18.0,"turns":2.0},{"damage":0.0,"enemies":"Spheric Guardian","floor":19.0,"turns":14.0},{"damage":4.0,"enemies":"Snecko","floor":20.0,"turns":9.0},{"damage":8.0,"enemies":"Gremlin Leader","floor":24.0,"turns":7.0},{"damage":12.0,"enemies":"Sentry and Sphere","floor":25.0,"turns":13.0},{"damage":11.0,"enemies":"Shelled Parasite and Fungi","floor":27.0,"turns":16.0},{"damage":8.0,"enemies":"Book of Stabbing","floor":28.0,"turns":8.0},{"damage":7.0,"enemies":"Centurion and Healer","floor":29.0,"turns":7.0},{"damage":0.0,"enemies":"Snake Plant","floor":31.0,"turns":7.0},{"damage":8.0,"enemies":"Collector","floor":33.0,"turns":13.0},{"damage":6.0,"enemies":"Orb Walker","floor":35.0,"turns":5.0},{"damage":0.0,"enemies":"3 Darklings","floor":37.0,"turns":3.0},{"damage":13.0,"enemies":"Sphere and 2 Shapes","floor":39.0,"turns":9.0},{"damage":0.0,"enemies":"Giant Head","floor":41.0,"turns":10.0},{"damage":0.0,"enemies":"Transient","floor":45.0,"turns":6.0},{"damage":0.0,"enemies":"Writhing Mass","floor":47.0,"turns":7.0},{"damage":11.0,"enemies":"Reptomancer","floor":48.0,"turns":7.0},{"damage":6.0,"enemies":"Time Eater","floor":50.0,"turns":9.0},{"damage":4.0,"enemies":"Donu and Deca","floor":51.0,"turns":12.0},{"damage":6.0,"enemies":"Shield and Spear","floor":55.0,"turns":7.0},{"damage":9,"enemies":"The Heart","floor":56,"turns":13}],"seed_played":"-2106573284403775947","potions_obtained":[{"floor":7.0,"key":"FearPotion"},{"floor":10.0,"key":"Regen Potion"},{"floor":11.0,"key":"AttackPotion"},{"floor":16.0,"key":"GamblersBrew"},{"floor":19.0,"key":"Explosive Potion"},{"floor":27.0,"key":"GamblersBrew"},{"floor":31.0,"key":"Strength Potion"},{"floor":45.0,"key":"Swift Potion"},{"floor":48.0,"key":"SpeedPotion"},{"floor":55.0,"key":"Energy Potion"}],"is_trial":false,"path_per_floor":["M","M","?","M","?","R","E","?","T","M","M","E","R","$","R","B",null,"M","M","M","?","?","R","E","M","T","M","E","M","$","M","R","B",null,"M","?","M","$","M","R","E","R","T","R","M","R","M","E","R","B","B",null,"R","$","E","B",null],"character_chosen":"DEFECT","items_purchased":["DataDisk","Capacitor","War Paint","Ice Cream"],"campfire_rested":0,"item_purchase_floors":[14,14,30,38],"current_hp_per_floor":[64,64,53,52,52,52,30,47,47,47,57,44,44,44,44,33,62,55,55,51,35,35,35,27,27,27,28,20,25,25,25,25,29,34,28,25,25,25,24,24,24,24,24,24,24,24,24,25,25,19,27,33,33,33,27,18],"gold":80,"neow_bonus":"TRANSFORM_TWO_CARDS","is_prod":false,"is_daily":false,"chose_seed":false,"campfire_upgraded":10,"win_rate":0,"timestamp":1553223591,"path_taken":["M","M","?","M","?","R","E","?","T","M","M","E","R","?","R","BOSS","M","M","?","?","?","R","E","M","T","M","E","?","$","M","R","BOSS","M","?","?","$","M","R","E","R","T","R","M","R","?","E","R","BOSS","BOSS","R","$","E","BOSS"],"build_version":"2019-03-15","purchased_purges":2,"victory":true,"max_hp_per_floor":[71,71,71,71,64,64,71,71,71,71,71,71,71,71,71,71,71,71,71,71,35,35,35,35,35,35,35,35,35,35,35,35,35,35,35,35,35,35,35,35,35,35,35,35,35,35,35,35,35,35,35,35,35,35,35,35],"card_choices":[{"not_picked":["Coolheaded","Beam Cell"],"picked":"Cold Snap","floor":1.0},{"not_picked":["Rip and Tear","Ball Lightning"],"picked":"Genetic Algorithm","floor":2.0},{"not_picked":["Leap","Reinforced Body"],"picked":"Coolheaded","floor":4.0},{"not_picked":["Redo","Lockon"],"picked":"Reinforced Body","floor":7.0},{"not_picked":["Barrage","Storm"],"picked":"Rebound","floor":10.0},{"not_picked":["Rebound","Streamline","Lockon"],"picked":"SKIP","floor":11.0},{"not_picked":["Redo","Barrage"],"picked":"Glacier","floor":12.0},{"not_picked":["Amplify","Fission"],"picked":"Electrodynamics","floor":16.0},{"not_picked":["Streamline","Auto Shields"],"picked":"Undo","floor":18.0},{"not_picked":["Leap","Tempest"],"picked":"Cold Snap","floor":19.0},{"not_picked":["Lockon","Stack"],"picked":"Conserve Battery+1","floor":20.0},{"not_picked":["Leap","Barrage"],"picked":"Cold Snap","floor":24.0},{"not_picked":["Loop","White Noise"],"picked":"Buffer","floor":25.0},{"not_picked":["Steam","FTL"],"picked":"Darkness","floor":27.0},{"not_picked":["Loop","Cold Snap"],"picked":"Hologram","floor":28.0},{"not_picked":["BootSequence","Coolheaded"],"picked":"Defragment","floor":29.0},{"not_picked":["Cold Snap+1","Rip and Tear"],"picked":"Defragment","floor":31.0},{"not_picked":["Creative AI","Meteor Strike"],"picked":"Electrodynamics","floor":33.0},{"not_picked":["Double Energy","Gash"],"picked":"Loop+1","floor":35.0},{"not_picked":["Hologram","Redo"],"picked":"Conserve Battery+1","floor":37.0},{"not_picked":["Go for the Eyes","White Noise+1","Capacitor+1"],"picked":"SKIP","floor":39.0},{"not_picked":["Streamline","Aggregate"],"picked":"Coolheaded+1","floor":41.0},{"not_picked":["Beam Cell","Steam","Stack+1"],"picked":"SKIP","floor":45.0},{"not_picked":["Barrage","Rainbow","Leap"],"picked":"SKIP","floor":47.0},{"not_picked":["Barrage","Rainbow","Leap"],"picked":"SKIP","floor":47.0},{"not_picked":["Rebound","Genetic Algorithm","Storm"],"picked":"SKIP","floor":48.0},{"not_picked":["Sweeping Beam","Blizzard+1"],"picked":"Echo Form","floor":55.0}],"player_experience":1165932,"relics_obtained":[{"floor":7.0,"key":"Strawberry"},{"floor":9.0,"key":"Tiny Chest"},{"floor":12.0,"key":"Art of War"},{"floor":24.0,"key":"Meat on the Bone"},{"floor":28.0,"key":"StoneCalendar"},{"floor":41.0,"key":"Bronze Scales"},{"floor":43.0,"key":"Regal Pillow"},{"floor":48.0,"key":"Happy Flower"},{"floor":55.0,"key":"Bag of Preparation"}],"event_choices":[{"damage_healed":0.0,"max_hp_gain":0.0,"max_hp_loss":0.0,"gold_gain":75.0,"event_name":"World of Goop","player_choice":"Gather Gold","floor":3.0,"gold_loss":0.0,"damage_taken":11.0},{"damage_healed":0.0,"max_hp_gain":0.0,"max_hp_loss":7.0,"gold_gain":0.0,"event_name":"Golden Idol","player_choice":"Lose Max HP","floor":5.0,"gold_loss":0.0,"damage_taken":0.0,"relics_obtained":["Golden Idol"]},{"damage_healed":17.0,"max_hp_gain":0.0,"max_hp_loss":0.0,"gold_gain":0.0,"event_name":"The Cleric","player_choice":"Healed","floor":8.0,"gold_loss":35.0,"damage_taken":0.0},{"damage_healed":0.0,"max_hp_gain":0.0,"max_hp_loss":36.0,"gold_gain":0.0,"event_name":"Ghosts","player_choice":"Became a Ghost","floor":21.0,"gold_loss":0.0,"damage_taken":0.0,"cards_obtained":["Ghostly","Ghostly","Ghostly"]},{"damage_healed":0.0,"max_hp_gain":0.0,"max_hp_loss":0.0,"gold_gain":0.0,"event_name":"The Library","player_choice":"Read","floor":22.0,"gold_loss":0.0,"damage_taken":0.0,"cards_obtained":["Consume"]},{"damage_healed":0.0,"max_hp_gain":0.0,"max_hp_loss":0.0,"gold_gain":50.0,"event_name":"FaceTrader","player_choice":"Touch","floor":36.0,"gold_loss":0.0,"damage_taken":3.0}],"is_beta":true,"boss_relics":[{"not_picked":["Snecko Eye","Empty Cage"],"picked":"Inserter"},{"not_picked":["Philosopher\u0027s Stone","Fusion Hammer"],"picked":"Nuclear Battery"}],"items_purged_floors":[30,54],"is_endless":false,"potions_floor_spawned":[7,10,11,16,19,25,27,29,31,37,45,48,55],"ascension_level":20}