{"gold_per_floor":[110,123,140,155,155,182,182,213,239,272,292,292,292,318,318,390,390,404,432,432,432],"floor_reached":21,"playtime":938,"items_purged":[],"score":489,"play_id":"9fd683f4-94f2-407d-bc0b-6084cf7e3bf1","local_time":"20181124094309","is_ascension_mode":true,"campfire_choices":[{"floor":7.0,"key":"REST"},{"floor":12.0,"key":"REST"},{"floor":15.0,"key":"REST"}],"neow_cost":"NONE","seed_source_timestamp":826691706065757,"circlet_count":0,"master_deck":["AscendersBane","Defend_B","Defend_B","Defend_B","Defend_B","Zap","Dualcast","Cold Snap","Cold Snap","Lockon+1","Cold Snap","Go for the Eyes","Hologram","Leap","Ball Lightning","Capacitor","Amplify","Electrodynamics","White Noise","Consume","Bite","Bite","Bite","Bite","Bite"],"special_seed":0,"relics":["Cracked Core","Lantern","Art of War","Anchor","Dream Catcher","DataDisk","Ancient Tea Set","Cursed Key","Red Mask"],"potions_floor_usage":[21],"damage_taken":[{"damage":4.0,"enemies":"Jaw Worm","floor":1.0,"turns":3.0},{"damage":10.0,"enemies":"Small Slimes","floor":2.0,"turns":3.0},{"damage":0.0,"enemies":"2 Louse","floor":3.0,"turns":2.0},{"damage":7.0,"enemies":"Blue Slaver","floor":4.0,"turns":3.0},{"damage":34.0,"enemies":"Lagavulin","floor":6.0,"turns":8.0},{"damage":0.0,"enemies":"Gremlin Nob","floor":8.0,"turns":2.0},{"damage":20.0,"enemies":"3 Sentries","floor":10.0,"turns":12.0},{"damage":0.0,"enemies":"Exordium Wildlife","floor":11.0,"turns":3.0},{"damage":20.0,"enemies":"Lagavulin","floor":14.0,"turns":6.0},{"damage":9.0,"enemies":"The Guardian","floor":16.0,"turns":11.0},{"damage":12.0,"enemies":"Shell Parasite","floor":18.0,"turns":5.0},{"damage":44.0,"enemies":"Masked Bandits","floor":19.0,"turns":4.0},{"damage":12,"enemies":"Chosen","floor":21,"turns":2}],"seed_played":"-3436429143193087850","potions_obtained":[{"floor":6.0,"key":"FearPotion"},{"floor":8.0,"key":"Ancient Potion"},{"floor":11.0,"key":"FearPotion"},{"floor":14.0,"key":"FearPotion"},{"floor":16.0,"key":"Swift Potion"},{"floor":19.0,"key":"Strength Potion"}],"is_trial":false,"path_per_floor":["M","M","M","M","?","E","R","E","T","E","M","R","?","E","R","B",null,"M","?","?","M"],"character_chosen":"DEFECT","items_purchased":[],"campfire_rested":3,"item_purchase_floors":[],"current_hp_per_floor":[60,50,50,43,43,9,30,30,30,10,10,31,31,11,32,23,59,47,3,3,0],"gold":432,"neow_bonus":"RANDOM_COMMON_RELIC","is_prod":false,"is_daily":false,"chose_seed":false,"campfire_upgraded":0,"win_rate":0,"timestamp":1543070589,"path_taken":["M","M","M","M","?","E","R","E","T","E","M","R","?","E","R","BOSS","M","?","?","M"],"build_version":"2018-11-15","purchased_purges":0,"victory":false,"max_hp_per_floor":[71,71,71,71,71,71,71,71,71,71,71,71,71,71,71,71,71,71,71,49,49],"card_choices":[{"not_picked":["Turbo","Darkness"],"picked":"Cold Snap","floor":1.0},{"not_picked":["Skim","Redo"],"picked":"Cold Snap","floor":2.0},{"not_picked":["Reboot","Loop"],"picked":"Lockon","floor":3.0},{"not_picked":["Streamline","Beam Cell"],"picked":"Cold Snap","floor":4.0},{"not_picked":["Leap","Turbo"],"picked":"Go for the Eyes","floor":6.0},{"not_picked":["Streamline","Turbo"],"picked":"Hologram","floor":8.0},{"not_picked":["Turbo","Reboot"],"picked":"Leap","floor":10.0},{"not_picked":["Hologram","Stack"],"picked":"Ball Lightning","floor":11.0},{"not_picked":["Chaos","Defragment"],"picked":"Capacitor","floor":12.0},{"not_picked":["Streamline","Ball Lightning"],"picked":"Amplify","floor":14.0},{"not_picked":["Creative AI","Buffer"],"picked":"Electrodynamics","floor":16.0},{"not_picked":["Leap","Streamline"],"picked":"White Noise","floor":18.0},{"not_picked":["Heatsinks","Steam"],"picked":"Consume","floor":19.0}],"player_experience":899245,"relics_obtained":[{"floor":6.0,"key":"Art of War"},{"floor":8.0,"key":"Anchor"},{"floor":9.0,"key":"Dream Catcher"},{"floor":10.0,"key":"DataDisk"},{"floor":14.0,"key":"Ancient Tea Set"},{"floor":19.0,"key":"Red Mask"}],"event_choices":[{"damage_healed":0.0,"max_hp_gain":0.0,"max_hp_loss":0.0,"gold_gain":0.0,"event_name":"Living Wall","player_choice":"Grow","floor":5.0,"gold_loss":0.0,"damage_taken":0.0,"cards_upgraded":["Lockon"]},{"damage_healed":0.0,"max_hp_gain":0.0,"max_hp_loss":0.0,"gold_gain":0.0,"event_name":"Liars Game","player_choice":"Ignored","floor":13.0,"gold_loss":0.0,"damage_taken":0.0},{"damage_healed":0.0,"max_hp_gain":0.0,"max_hp_loss":0.0,"gold_gain":0.0,"event_name":"Masked Bandits","player_choice":"Fought Bandits","floor":19.0,"gold_loss":0.0,"damage_taken":0.0},{"damage_healed":0.0,"max_hp_gain":0.0,"max_hp_loss":22.0,"gold_gain":0.0,"event_name":"Vampires","player_choice":"Became a vampire","floor":20.0,"gold_loss":0.0,"damage_taken":0.0,"cards_obtained":["Bite","Bite","Bite","Bite","Bite"]}],"is_beta":true,"boss_relics":[{"not_picked":["Ectoplasm","Nuclear Battery"],"picked":"Cursed Key"}],"items_purged_floors":[],"is_endless":false,"potions_floor_spawned":[6,8,11,14,16,19],"killed_by":"Chosen","ascension_level":20}