{"path_per_floor":["M","$","M","M","?","R","?","?","T","$","?","E","?","M","R","B",null,"M","$","?","M","?","R","M","M","T","M","?","R","M","?","R","B",null,"M","?","$","M","M","R","M"],"character_chosen":"THE_SILENT","items_purchased":["Endless Agony","Bane","Bag of Marbles"],"gold_per_floor":[118,45,65,79,79,79,79,79,79,30,89,119,119,139,139,234,234,252,25,25,44,44,44,57,69,69,82,82,82,96,96,96,194,194,211,0,0,19,34,34,47,47],"floor_reached":42,"campfire_rested":3,"playtime":1690,"current_hp_per_floor":[70,70,70,70,70,70,56,61,61,61,61,47,47,47,47,7,75,68,68,54,27,27,27,24,10,10,5,5,17,21,21,33,22,40,16,16,16,10,12,24,10,0],"items_purged":["Defend_G"],"gold":47,"score":449,"play_id":"456a2d39-d965-4d4d-bd77-360348ddae97","local_time":"20180403041609","is_prod":false,"is_daily":false,"is_ascension_mode":false,"campfire_upgraded":3,"timestamp":1522754169,"path_taken":["M","$","M","M","?","R","?","?","T","$","?","E","?","M","R","BOSS","M","$","?","M","?","R","M","M","T","M","?","R","M","?","R","BOSS","M","?","$","M","M","R","M","E"],"build_version":"2018-03-29v2","purchased_purges":1,"victory":false,"master_deck":["Defend_G","Defend_G+1","Defend_G+1","Strike_G","Strike_G+1","Strike_G","Survivor+1","Neutralize","Bane+1","Endless Agony+1","Bouncing Flask+1","Noxious Fumes","Endless Agony+1","Bane+1","Escape Plan","Bane","Skewer+1","Neutralize","Poisoned Stab","Burst","Poisoned Stab+1","PiercingWail","Ghostly","Ghostly","Ghostly","Ghostly","Ghostly","Noxious Fumes","Escape Plan","Cloak And Dagger","Writhe","Die Die Die","Leg Sweep+1","Cloak And Dagger","Deadly Poison+1","Distraction+1"],"max_hp_per_floor":[70,70,70,70,70,70,70,75,75,75,75,75,75,75,75,75,75,75,75,80,80,40,40,40,40,40,40,40,40,40,40,40,40,40,40,40,40,40,40,40,40,40],"relics":["Astrolabe","War Paint","Du-Vu Doll","Lizard Tail","Bag of Marbles","Bird Faced Urn","Thread and Needle","The Specimen","Red Mask"],"card_choices":[{"not_picked":["Expertise","Dagger Throw"],"picked":"Noxious Fumes","floor":1},{"not_picked":["Slice","Reflex"],"picked":"Bane","floor":3},{"not_picked":["Dash","PiercingWail"],"picked":"Escape Plan","floor":4},{"not_picked":["Phantasmal Killer","Leg Sweep"],"picked":"Skewer","floor":12},{"not_picked":["Dash","Dodge and Roll"],"picked":"Poisoned Stab","floor":14},{"not_picked":["Glass Knife","Tools of the Trade"],"picked":"Burst","floor":16},{"not_picked":["Acrobatics","Flying Knee"],"picked":"Poisoned Stab","floor":18},{"not_picked":["Bane","Sucker Punch"],"picked":"PiercingWail","floor":21},{"not_picked":["Cloak And Dagger","Deflect"],"picked":"Noxious Fumes","floor":24},{"not_picked":["Accuracy","Sucker Punch"],"picked":"Escape Plan","floor":25},{"not_picked":["Masterful Stab","Riddle With Holes"],"picked":"Cloak And Dagger","floor":27},{"not_picked":["Adrenaline","Bullet Time"],"picked":"Die Die Die","floor":33},{"not_picked":["Prepared","Backflip"],"picked":"Leg Sweep","floor":35},{"not_picked":["Crippling Poison","Flying Knee"],"picked":"Cloak And Dagger","floor":38},{"not_picked":["Blade Dance","Terror"],"picked":"Deadly Poison","floor":39},{"not_picked":["Flechettes","Riddle With Holes"],"picked":"Distraction","floor":41}],"player_experience":130247,"potions_floor_usage":[12,16,18,27,33,33,39,39,41],"damage_taken":[{"damage":0,"enemies":"Jaw Worm","floor":1,"turns":3},{"damage":0,"enemies":"2 Louse","floor":3,"turns":2},{"damage":0,"enemies":"Small Slimes","floor":4,"turns":2},{"damage":14,"enemies":"3 Sentries","floor":12,"turns":3},{"damage":0,"enemies":"Blue Slaver","floor":14,"turns":3},{"damage":40,"enemies":"The Guardian","floor":16,"turns":7},{"damage":7,"enemies":"3 Byrds","floor":18,"turns":5},{"damage":27,"enemies":"2 Thieves","floor":21,"turns":3},{"damage":3,"enemies":"Snake Plant","floor":24,"turns":6},{"damage":14,"enemies":"Slaver and Parasite","floor":25,"turns":7},{"damage":9,"enemies":"Cultist and Chosen","floor":27,"turns":6},{"damage":0,"enemies":"Chosen and Byrds","floor":30,"turns":6},{"damage":15,"enemies":"Collector","floor":33,"turns":8},{"damage":26,"enemies":"3 Darklings","floor":35,"turns":6},{"damage":10,"enemies":"3 Shapes","floor":38,"turns":5},{"damage":0,"enemies":"3 Darklings","floor":39,"turns":5},{"damage":47,"enemies":"Maw","floor":41,"turns":10},{"damage":20,"enemies":"Nemesis","floor":42,"turns":6}],"event_choices":[{"event_name":"The Cleric","player_choice":"Leave","floor":5,"damage_taken":0},{"event_name":"Shining Light","player_choice":"Entered Light","floor":7,"damage_taken":0},{"event_name":"Big Fish","player_choice":"Donut","floor":8,"damage_taken":0},{"event_name":"Golden Wing","player_choice":"Gained Gold","floor":11,"damage_taken":0},{"event_name":"Match and Keep!","player_choice":"1 cards matched","floor":13,"damage_taken":0},{"event_name":"Forgotten Altar","player_choice":"Shed Blood","floor":20,"damage_taken":0},{"event_name":"Ghosts","player_choice":"Became a Ghost","floor":22,"damage_taken":0},{"event_name":"The Mausoleum","player_choice":"Yes","floor":28,"damage_taken":0},{"event_name":"Drug Dealer","player_choice":"Ignored","floor":31,"damage_taken":0},{"event_name":"Tomb of Lord Red Mask","player_choice":"Paid","floor":36,"damage_taken":0}],"boss_relics":[{"not_picked":["Velvet Choker","Snecko Eye"],"picked":"Lizard Tail"},{"not_picked":["Pandora\u0027s Box","Black Star"],"picked":"The Specimen"}],"potions_floor_spawned":[1,12,16,21,25,27,33,35,39],"seed_played":"-5163434926551611542","killed_by":"Nemesis","ascension_level":0,"is_trial":false}