{"gold_per_floor":[114,130,61,61,77,105,124,124,124,141,141,141,151,151],"floor_reached":14,"playtime":420,"items_purged":[],"score":97,"play_id":"829821e4-577d-4911-9f91-5c31564abbf1","local_time":"20190228031121","is_ascension_mode":true,"campfire_choices":[{"floor":8,"key":"REST"},{"floor":11,"key":"REST"}],"neow_cost":"NONE","seed_source_timestamp":645594202004261,"circlet_count":0,"master_deck":["Defend_G","Defend_G","Defend_G","Defend_G","Defend_G","Strike_G","Strike_G","Strike_G","Strike_G","Strike_G","Survivor","Neutralize","Sucker Punch","All Out Attack","Noxious Fumes","Deadly Poison","Deadly Poison+1","Calculated Gamble+1","Bane","Catalyst+1"],"relics":["Ring of the Snake","NeowsBlessing","Toxic Egg 2","Pantograph"],"potions_floor_usage":[13,14],"damage_taken":[{"damage":0,"enemies":"Jaw Worm","floor":1,"turns":1},{"damage":0,"enemies":"Cultist","floor":2,"turns":1},{"damage":0,"enemies":"2 Louse","floor":5,"turns":1},{"damage":34,"enemies":"3 Sentries","floor":6,"turns":8},{"damage":24,"enemies":"Large Slime","floor":7,"turns":5},{"damage":21,"enemies":"Lots of Slimes","floor":10,"turns":4},{"damage":1,"enemies":"2 Fungi Beasts","floor":13,"turns":3},{"damage":16,"enemies":"Exordium Wildlife","floor":14,"turns":2}],"seed_played":"7207684541799532587","potions_obtained":[{"floor":1,"key":"GamblersBrew"},{"floor":6,"key":"GhostInAJar"},{"floor":7,"key":"Dexterity Potion"},{"floor":10,"key":"Block Potion"}],"is_trial":false,"path_per_floor":["M","M","$","?","M","E","M","R","T","M","R","?","M","M"],"character_chosen":"THE_SILENT","items_purchased":["Noxious Fumes"],"campfire_rested":2,"item_purchase_floors":[3],"current_hp_per_floor":[70,70,70,70,70,36,12,33,33,12,33,8,7,0],"gold":151,"neow_bonus":"THREE_ENEMY_KILL","is_prod":false,"is_daily":false,"chose_seed":false,"campfire_upgraded":0,"win_rate":0,"timestamp":1551352281,"path_taken":["M","M","$","?","?","E","M","R","T","M","R","?","M","M"],"build_version":"2019-01-23","purchased_purges":0,"victory":false,"max_hp_per_floor":[70,70,70,70,70,70,70,70,70,70,70,70,70,70],"card_choices":[{"not_picked":["Caltrops","Outmaneuver"],"picked":"Sucker Punch","floor":1},{"not_picked":["Prepared","Outmaneuver"],"picked":"All Out Attack","floor":2},{"not_picked":["Masterful Stab","Blade Dance"],"picked":"Deadly Poison","floor":5},{"not_picked":["Acrobatics","Flying Knee"],"picked":"Deadly Poison","floor":6},{"not_picked":["Skewer","Doppelganger+1"],"picked":"Calculated Gamble+1","floor":7},{"not_picked":["Well Laid Plans","Quick Slash"],"picked":"Bane","floor":10},{"not_picked":["Noxious Fumes","Blade Dance+1"],"picked":"Catalyst+1","floor":13}],"player_experience":283870,"relics_obtained":[{"floor":6,"key":"Toxic Egg 2"}],"event_choices":[{"damage_healed":0,"gold_gain":0,"player_choice":"0 cards matched","damage_taken":0,"max_hp_gain":0,"max_hp_loss":0,"event_name":"Match and Keep!","floor":4,"gold_loss":0,"cards_obtained":[]},{"damage_healed":0,"gold_gain":0,"player_choice":"Success","damage_taken":25,"relics_obtained":["Pantograph"],"max_hp_gain":0,"max_hp_loss":0,"event_name":"Scrap Ooze","floor":12,"gold_loss":0}],"is_beta":false,"boss_relics":[],"items_purged_floors":[],"is_endless":false,"potions_floor_spawned":[1,6,7,10],"killed_by":"Exordium Wildlife","ascension_level":1}