{"gold_per_floor":[109,109,109,34,47,66,66,92,92,114,126,168,180,207,219,302,314,346,358,370,397,409,421,459,489,524,536,565,577,623,635,647,731,743,770,782,286,300,314,349,349,349,349,365,365],"floor_reached":45,"playtime":2822,"items_purged":["Regret"],"score":1032,"play_id":"9d1f25ba-c2df-4997-9ece-3059e2c784b6","local_time":"20190218182030","is_ascension_mode":true,"campfire_choices":[{"data":"Fission","floor":7.0,"key":"SMITH"},{"floor":11.0,"key":"REST"},{"data":"Static Discharge","floor":13.0,"key":"SMITH"},{"data":"Zap","floor":15.0,"key":"SMITH"},{"floor":23.0,"key":"REST"},{"data":"Skim","floor":29,"key":"SMITH"},{"data":"Multi-Cast","floor":32,"key":"SMITH"},{"floor":42,"key":"REST"}],"neow_cost":"NONE","seed_source_timestamp":432075848764062,"circlet_count":0,"master_deck":["AscendersBane","Defend_B","Defend_B","Defend_B","Defend_B","Zap+1","Dualcast+1","Fission+1","Turbo","Glacier","Skim+1","Static Discharge+1","Conserve Battery","Core Surge","Leap","Stack+1","Stack","Doom and Gloom","Chaos+1","Self Repair","Multi-Cast+1","Echo Form","Coolheaded","Hologram","Glacier"],"special_seed":0,"relics":["Cracked Core","Symbiotic Virus","Mercury Hourglass","MawBank","Darkstone Periapt","Cursed Key","Ice Cream","Omamori","Pocketwatch","Empty Cage","War Paint","Meat on the Bone","Mummified Hand"],"potions_floor_usage":[33,35,38,40],"damage_taken":[{"damage":0.0,"enemies":"Cultist","floor":1.0,"turns":3.0},{"damage":5.0,"enemies":"Small Slimes","floor":5.0,"turns":3.0},{"damage":12.0,"enemies":"Jaw Worm","floor":6.0,"turns":4.0},{"damage":23.0,"enemies":"3 Sentries","floor":8.0,"turns":16.0},{"damage":2.0,"enemies":"Lots of Slimes","floor":10.0,"turns":3.0},{"damage":0.0,"enemies":"Gremlin Nob","floor":12.0,"turns":3.0},{"damage":0.0,"enemies":"3 Louse","floor":14.0,"turns":2.0},{"damage":16.0,"enemies":"Hexaghost","floor":16.0,"turns":9.0},{"damage":8.0,"enemies":"Shell Parasite","floor":18.0,"turns":5.0},{"damage":19.0,"enemies":"Chosen","floor":21.0,"turns":5.0},{"damage":18.0,"enemies":"Book of Stabbing","floor":24.0,"turns":5.0},{"damage":0.0,"enemies":"3 Cultists","floor":25.0,"turns":5.0},{"damage":10,"enemies":"Sentry and Sphere","floor":28,"turns":4},{"damage":8,"enemies":"Gremlin Leader","floor":30,"turns":8},{"damage":37,"enemies":"Automaton","floor":33,"turns":8},{"damage":25,"enemies":"3 Darklings","floor":35,"turns":4},{"damage":11,"enemies":"Orb Walker","floor":38,"turns":5},{"damage":4,"enemies":"Spire Growth","floor":39,"turns":3},{"damage":54,"enemies":"Nemesis","floor":40,"turns":16},{"damage":10,"enemies":"Jaw Worm Horde","floor":44,"turns":7},{"damage":84,"enemies":"Giant Head","floor":45,"turns":10}],"seed_played":"7344812931384173387","potions_obtained":[{"floor":1.0,"key":"Poison Potion"},{"floor":12.0,"key":"Energy Potion"},{"floor":16.0,"key":"FearPotion"},{"floor":22.0,"key":"Regen Potion"},{"floor":22.0,"key":"AttackPotion"},{"floor":24.0,"key":"PowerPotion"},{"floor":25.0,"key":"SteroidPotion"},{"floor":39,"key":"Regen Potion"},{"floor":40,"key":"SteroidPotion"}],"is_trial":false,"path_per_floor":["M","?","?","$","M","M","R","E","T","M","R","E","R","M","R","B",null,"M","?","?","M","?","R","E","M","T","$","M","R","E","$","R","B",null,"M","?","$","M","M","E","?","R","T","M","E"],"character_chosen":"DEFECT","items_purchased":["War Paint","Meat on the Bone","Block Potion"],"campfire_rested":3,"item_purchase_floors":[37,37,37],"current_hp_per_floor":[64,64,64,64,59,47,47,24,24,22,43,43,43,43,43,27,60,52,52,52,33,33,54,50,50,56,56,53,53,52,52,52,15,62,44,44,44,52,48,35,35,58,58,62,0],"gold":365,"neow_bonus":"TRANSFORM_CARD","is_prod":false,"is_daily":false,"chose_seed":false,"campfire_upgraded":5,"win_rate":0,"timestamp":1550532030,"path_taken":["M","?","?","?","M","M","R","E","T","M","R","E","R","?","R","BOSS","M","?","?","M","?","R","E","M","T","$","?","R","E","?","R","BOSS","M","?","$","M","M","E","?","R","T","M","E"],"build_version":"2019-02-06","purchased_purges":1,"victory":false,"max_hp_per_floor":[71,71,71,71,71,71,71,71,71,71,71,71,71,71,71,71,71,71,71,71,71,71,71,71,71,77,77,77,77,77,77,77,77,77,77,77,77,77,77,77,77,77,77,77,77],"card_choices":[{"not_picked":["Fusion","Turbo","Recycle"],"picked":"SKIP","floor":1.0},{"not_picked":["Fusion","Turbo","Recycle"],"picked":"SKIP","floor":1.0},{"not_picked":["Fusion","Recycle"],"picked":"Turbo","floor":1.0},{"not_picked":["Go for the Eyes","Reprogram","Heatsinks"],"picked":"SKIP","floor":5.0},{"not_picked":["Darkness","Ball Lightning"],"picked":"Glacier","floor":6.0},{"not_picked":["Fusion","Steam"],"picked":"FTL","floor":8.0},{"not_picked":["Coolheaded","Redo"],"picked":"Skim","floor":10.0},{"not_picked":["Rip and Tear","Rebound"],"picked":"Static Discharge","floor":12.0},{"not_picked":["Turbo","BootSequence"],"picked":"Conserve Battery","floor":14.0},{"not_picked":["Thunder Strike","Fission"],"picked":"Core Surge","floor":16.0},{"not_picked":["Steam","Beam Cell"],"picked":"Leap","floor":18.0},{"not_picked":["Rebound","Auto Shields"],"picked":"Doom and Gloom","floor":21.0},{"not_picked":["Gash","Steam Power+1"],"picked":"Chaos+1","floor":24.0},{"not_picked":["Streamline","Beam Cell"],"picked":"Self Repair","floor":25.0},{"not_picked":["Steam","BootSequence","Leap"],"picked":"SKIP","floor":28},{"not_picked":["Storm","Force Field+1"],"picked":"Multi-Cast","floor":30},{"not_picked":["Multi-Cast","Reboot"],"picked":"Echo Form","floor":33},{"not_picked":["Recycle+1","Ball Lightning+1"],"picked":"Coolheaded","floor":35},{"not_picked":["Recycle","Cold Snap","Go for the Eyes"],"picked":"SKIP","floor":38},{"not_picked":["Rebound+1","Undo"],"picked":"Hologram","floor":39},{"not_picked":["Gash","BootSequence"],"picked":"Glacier","floor":40},{"not_picked":["Rebound+1","Self Repair","Redo"],"picked":"SKIP","floor":44}],"player_experience":943130,"relics_obtained":[{"floor":8.0,"key":"Mercury Hourglass"},{"floor":9.0,"key":"MawBank"},{"floor":12.0,"key":"Darkstone Periapt"},{"floor":24.0,"key":"Ice Cream"},{"floor":26.0,"key":"Omamori"},{"floor":30,"key":"Pocketwatch"},{"floor":40,"key":"Mummified Hand"}],"event_choices":[{"damage_healed":0.0,"max_hp_gain":0.0,"max_hp_loss":0.0,"gold_gain":0.0,"event_name":"The Cleric","player_choice":"Leave","floor":2.0,"gold_loss":0.0,"damage_taken":0.0},{"damage_healed":0.0,"max_hp_gain":0.0,"max_hp_loss":0.0,"gold_gain":0.0,"event_name":"Big Fish","player_choice":"Box","floor":3.0,"gold_loss":0.0,"damage_taken":0.0,"relics_obtained":["Symbiotic Virus"],"cards_obtained":["Regret"]},{"damage_healed":0.0,"max_hp_gain":0.0,"max_hp_loss":0.0,"gold_gain":0.0,"event_name":"Beggar","player_choice":"Ignored","floor":19.0,"gold_loss":0.0,"damage_taken":0.0},{"damage_healed":0.0,"max_hp_gain":0.0,"max_hp_loss":0.0,"gold_gain":0.0,"cards_transformed":["Strike_B","Strike_B"],"event_name":"Drug Dealer","player_choice":"Became Test Subject","floor":20.0,"gold_loss":0.0,"damage_taken":0.0,"cards_obtained":["Stack","Stack"]},{"damage_healed":0.0,"max_hp_gain":0.0,"max_hp_loss":0.0,"gold_gain":0.0,"event_name":"Lab","player_choice":"Got Potions","floor":22.0,"gold_loss":0.0,"damage_taken":0.0},{"damage_healed":0,"gold_gain":0,"player_choice":"Ignored","damage_taken":0,"max_hp_gain":0,"max_hp_loss":0,"event_name":"Tomb of Lord Red Mask","floor":36,"gold_loss":0},{"cards_removed":["FTL"],"damage_healed":0,"gold_gain":0,"player_choice":"Removed Attack","damage_taken":0,"max_hp_gain":0,"max_hp_loss":0,"event_name":"Falling","floor":41,"gold_loss":0}],"is_beta":true,"boss_relics":[{"not_picked":["Nuclear Battery","Philosopher\u0027s Stone"],"picked":"Cursed Key"},{"not_picked":["FrozenCore","Velvet Choker"],"picked":"Empty Cage"}],"items_purged_floors":[4],"is_endless":false,"potions_floor_spawned":[1,12,16,24,25,39,40],"killed_by":"Giant Head","ascension_level":20}