{"gold_per_floor":[117,117,117,117,192,232,232,9,81,116,116,134,167,16,16,110,110,128,143,163,176,176,176,219,219,219,262,262,262,262,282,282,378,378,391,447,447,462,481,481,381,381,381,61,61,99,0,39,39,39,39,39,39,15,15],"floor_reached":55,"playtime":2879,"items_purged":["Regret","Defend_B"],"score":2075,"play_id":"d7ab313d-1209-44f8-8752-c54d13a689e8","local_time":"20190301202650","is_ascension_mode":true,"campfire_choices":[{"floor":7.0,"key":"REST"},{"data":"Zap","floor":11.0,"key":"SMITH"},{"data":"Defragment","floor":15.0,"key":"SMITH"},{"data":"Defragment","floor":23.0,"key":"SMITH"},{"floor":25.0,"key":"REST"},{"floor":30.0,"key":"REST"},{"data":"Hologram","floor":32.0,"key":"SMITH"},{"data":"Coolheaded","floor":40.0,"key":"SMITH"},{"floor":42.0,"key":"RECALL"},{"data":"Capacitor","floor":45.0,"key":"SMITH"},{"data":"Blizzard","floor":49.0,"key":"SMITH"},{"data":"Defragment","floor":53.0,"key":"SMITH"}],"neow_cost":"NONE","seed_source_timestamp":599822957902108,"circlet_count":0,"master_deck":["AscendersBane","Defend_B","Defend_B","Zap+1","Dualcast","Cold Snap","Genetic Algorithm","Leap","Glacier","Melter","Defragment+1","Rainbow","Defragment+1","Ball Lightning+1","Hologram+1","Barrage","Blizzard+1","Capacitor+1","Bite","Bite","Bite","Bite","Bite","Glacier+1","Multi-Cast","Sweeping Beam+1","Barrage","Self Repair","Coolheaded+1","Doom and Gloom","Defragment+1","Heatsinks+1","Coolheaded"],"special_seed":0,"relics":["Cracked Core","NeowsBlessing","Golden Idol","Ancient Tea Set","Kunai","Question Card","Runic Capacitor","Pear","Omamori","Sozu","Vajra","Orichalcum","Happy Flower","Lantern","Nuclear Battery","Girya","Torii","Boot","Red Mask","Ornamental Fan"],"potions_floor_usage":[],"damage_taken":[{"damage":0.0,"enemies":"Small Slimes","floor":1.0,"turns":1.0},{"damage":0.0,"enemies":"Gremlin Nob","floor":6.0,"turns":1.0},{"damage":0.0,"enemies":"Lagavulin","floor":10.0,"turns":1.0},{"damage":0.0,"enemies":"Jaw Worm","floor":12.0,"turns":3.0},{"damage":6.0,"enemies":"3 Sentries","floor":13.0,"turns":9.0},{"damage":5.0,"enemies":"The Guardian","floor":16.0,"turns":10.0},{"damage":0.0,"enemies":"Chosen","floor":18.0,"turns":5.0},{"damage":0.0,"enemies":"Spheric Guardian","floor":19.0,"turns":2.0},{"damage":9.0,"enemies":"Snake Plant","floor":20.0,"turns":5.0},{"damage":16.0,"enemies":"Chosen and Byrds","floor":21.0,"turns":7.0},{"damage":26.0,"enemies":"Slavers","floor":24.0,"turns":6.0},{"damage":17.0,"enemies":"Gremlin Leader","floor":27.0,"turns":7.0},{"damage":2.0,"enemies":"Centurion and Healer","floor":31.0,"turns":9.0},{"damage":28.0,"enemies":"Champ","floor":33.0,"turns":17.0},{"damage":9.0,"enemies":"3 Darklings","floor":35.0,"turns":6.0},{"damage":58.0,"enemies":"2 Orb Walkers","floor":36.0,"turns":7.0},{"damage":7.0,"enemies":"Orb Walker","floor":38.0,"turns":5.0},{"damage":0.0,"enemies":"4 Shapes","floor":39.0,"turns":14.0},{"damage":12.0,"enemies":"Giant Head","floor":46.0,"turns":8.0},{"damage":8.0,"enemies":"Reptomancer","floor":48.0,"turns":7.0},{"damage":34.0,"enemies":"Awakened One","floor":50.0,"turns":29.0},{"damage":14.0,"enemies":"Donu and Deca","floor":51.0,"turns":7.0},{"damage":91,"enemies":"Shield and Spear","floor":55,"turns":5}],"seed_played":"8022973008909566292","potions_obtained":[{"floor":6.0,"key":"FocusPotion"},{"floor":12.0,"key":"Poison Potion"}],"is_trial":false,"path_per_floor":["M","?","?","?","?","E","R","$","T","E","R","M","E","$","R","B",null,"M","M","M","M","?","R","E","R","T","E","?","$","R","M","R","B",null,"M","?","?","M","M","R","$","R","T","$","R","E","?","E","R","B","B",null,"R","$","E"],"character_chosen":"DEFECT","items_purchased":["Runic Capacitor","Defragment","Torii","Coolheaded"],"campfire_rested":3,"item_purchase_floors":[8,14,44,54],"current_hp_per_floor":[64,40,40,14,3,3,24,24,34,34,34,34,28,28,28,25,67,69,71,64,50,50,50,26,50,50,35,35,35,59,79,79,81,81,81,33,33,41,66,66,66,66,66,66,66,75,75,81,81,81,71,79,79,79,0],"gold":15,"neow_bonus":"THREE_ENEMY_KILL","is_prod":false,"is_daily":false,"chose_seed":false,"campfire_upgraded":8,"win_rate":0,"timestamp":1551490010,"path_taken":["M","?","?","?","?","E","R","$","T","E","R","?","E","?","R","BOSS","M","M","M","M","?","R","E","R","T","E","?","$","R","?","R","BOSS","M","?","?","M","?","R","$","R","T","?","R","E","?","E","R","BOSS","BOSS","R","$","E"],"build_version":"2019-02-06","purchased_purges":2,"victory":false,"max_hp_per_floor":[71,71,71,71,71,71,71,71,81,81,81,81,81,81,81,81,81,81,81,81,81,81,81,81,81,81,81,81,81,81,81,81,81,81,81,81,81,81,81,81,81,81,81,81,81,81,81,81,81,81,81,81,81,81,81],"card_choices":[{"not_picked":["Beam Cell","White Noise"],"picked":"Cold Snap","floor":1.0},{"not_picked":["FTL","Scrape"],"picked":"Genetic Algorithm","floor":6.0},{"not_picked":["Tempest","Steam","Hologram"],"picked":"Leap","floor":10.0},{"not_picked":["Steam","Rebound","Streamline"],"picked":"Glacier","floor":12.0},{"not_picked":["Heatsinks","Conserve Battery","Turbo"],"picked":"Melter","floor":13.0},{"not_picked":["Amplify","Meteor Strike","Thunder Strike"],"picked":"Rainbow","floor":16.0},{"not_picked":["Ball Lightning","White Noise","Auto Shields"],"picked":"Defragment","floor":18.0},{"not_picked":["Redo","FTL+1","BootSequence"],"picked":"Ball Lightning+1","floor":19.0},{"not_picked":["Sweeping Beam","Go for the Eyes","Aggregate"],"picked":"Hologram","floor":20.0},{"not_picked":["Ball Lightning","Go for the Eyes","Coolheaded"],"picked":"Barrage","floor":21.0},{"not_picked":["Stack","Amplify","Sweeping Beam"],"picked":"Blizzard","floor":24.0},{"not_picked":["Streamline","Lockon","Steam Power"],"picked":"Capacitor","floor":27.0},{"not_picked":["Rip and Tear","Streamline","Barrage"],"picked":"Glacier+1","floor":31.0},{"not_picked":["Fission","All For One","Creative AI"],"picked":"Multi-Cast","floor":33.0},{"not_picked":["Leap","Rebound","Steam Power"],"picked":"Sweeping Beam+1","floor":35.0},{"not_picked":["Streamline","Stack","Thunder Strike"],"picked":"Barrage","floor":36.0},{"not_picked":["Barrage","Cold Snap+1","BootSequence"],"picked":"Coolheaded","floor":38.0},{"not_picked":["Hologram","Ball Lightning","Stack"],"picked":"Doom and Gloom","floor":39.0},{"not_picked":["Hologram","Biased Cognition","Conserve Battery+1"],"picked":"Defragment","floor":46.0},{"not_picked":["Leap","Go for the Eyes","Rebound"],"picked":"Heatsinks+1","floor":48.0}],"player_experience":1022428,"relics_obtained":[{"floor":6.0,"key":"Question Card"},{"floor":9.0,"key":"Pear"},{"floor":10.0,"key":"Omamori"},{"floor":13.0,"key":"Blood Vial"},{"floor":24.0,"key":"Orichalcum"},{"floor":26.0,"key":"Happy Flower"},{"floor":27.0,"key":"Lantern"},{"floor":36.0,"key":"Girya"},{"floor":46.0,"key":"Boot"},{"floor":48.0,"key":"Ornamental Fan"}],"event_choices":[{"damage_healed":0.0,"max_hp_gain":0.0,"max_hp_loss":0.0,"gold_gain":0.0,"event_name":"Golden Idol","player_choice":"Take Damage","floor":2.0,"gold_loss":0.0,"damage_taken":24.0,"relics_obtained":["Golden Idol"]},{"damage_healed":0.0,"max_hp_gain":0.0,"max_hp_loss":0.0,"gold_gain":0.0,"event_name":"Big Fish","player_choice":"Box","floor":3.0,"gold_loss":0.0,"damage_taken":0.0,"relics_obtained":["Ancient Tea Set"],"cards_obtained":["Regret"]},{"damage_healed":0.0,"max_hp_gain":0.0,"max_hp_loss":0.0,"gold_gain":0.0,"event_name":"Scrap Ooze","player_choice":"Success","floor":4.0,"gold_loss":0.0,"damage_taken":26.0,"relics_obtained":["Kunai"]},{"damage_healed":0.0,"max_hp_gain":0.0,"max_hp_loss":0.0,"gold_gain":75.0,"event_name":"World of Goop","player_choice":"Gather Gold","floor":5.0,"gold_loss":0.0,"damage_taken":11.0},{"damage_healed":0.0,"max_hp_gain":0.0,"max_hp_loss":0.0,"gold_gain":0.0,"event_name":"The Mausoleum","player_choice":"Opened","floor":22.0,"gold_loss":0.0,"damage_taken":0.0,"relics_obtained":["Vajra"],"cards_obtained":["Writhe"]},{"damage_healed":0.0,"max_hp_gain":0.0,"max_hp_loss":0.0,"gold_gain":0.0,"event_name":"Vampires","player_choice":"Became a vampire (Vial)","floor":28.0,"relics_lost":["Blood Vial"],"gold_loss":0.0,"damage_taken":0.0,"cards_obtained":["Bite","Bite","Bite","Bite","Bite"]},{"damage_healed":0.0,"max_hp_gain":0.0,"max_hp_loss":0.0,"gold_gain":0.0,"event_name":"Mysterious Sphere","player_choice":"Fight","floor":36.0,"gold_loss":0.0,"damage_taken":0.0},{"damage_healed":0.0,"max_hp_gain":0.0,"max_hp_loss":0.0,"gold_gain":0.0,"cards_transformed":["Defend_B"],"event_name":"Transmorgrifier","player_choice":"Transformed","floor":37.0,"gold_loss":0.0,"damage_taken":0.0,"cards_obtained":["Self Repair"]},{"damage_healed":0.0,"max_hp_gain":0.0,"max_hp_loss":0.0,"gold_gain":0.0,"event_name":"Tomb of Lord Red Mask","player_choice":"Paid","floor":47.0,"gold_loss":99.0,"damage_taken":0.0,"relics_obtained":["Red Mask"]}],"is_beta":true,"boss_relics":[{"not_picked":["Runic Dome","Busted Crown"],"picked":"Sozu"},{"not_picked":["Lizard Tail","Philosopher\u0027s Stone"],"picked":"Nuclear Battery"}],"items_purged_floors":[14,41],"is_endless":false,"potions_floor_spawned":[6,12,18,20,27,31,36,38,46],"killed_by":"Shield and Spear","ascension_level":20}