{"gold_per_floor":[14,14,33,33,33,65,65,96,96,96,96,115,115,128,128,202,202,216,216,234,246,246,246,246],"floor_reached":24,"playtime":798,"items_purged":[],"score":408,"play_id":"30cd006e-009a-4c3d-a3a9-1e0b06bf004c","local_time":"20190224162047","is_ascension_mode":true,"campfire_choices":[{"floor":7,"key":"REST"},{"floor":10,"key":"REST"},{"data":"Auto Shields","floor":15,"key":"SMITH"},{"floor":23,"key":"REST"}],"neow_cost":"NO_GOLD","seed_source_timestamp":155623757092853,"circlet_count":0,"master_deck":["AscendersBane","Strike_B+1","Strike_B+1","Strike_B+1","Strike_B+1","Defend_B+1","Defend_B+1","Defend_B+1","Zap","Dualcast","Glacier","Tempest","Glacier","Auto Shields+1","Melter+1","Creative AI","Genetic Algorithm","Turbo","Coolheaded+1"],"relics":["Cracked Core","Du-Vu Doll","Calipers","Question Card","Happy Flower","Molten Egg 2","Inserter","Gambling Chip"],"potions_floor_usage":[8,16,16,20,24],"damage_taken":[{"damage":0,"enemies":"2 Louse","floor":1,"turns":2},{"damage":0,"enemies":"Cultist","floor":3,"turns":2},{"damage":34,"enemies":"Lagavulin","floor":6,"turns":8},{"damage":46,"enemies":"Gremlin Nob","floor":8,"turns":4},{"damage":0,"enemies":"Small Slimes","floor":12,"turns":5},{"damage":0,"enemies":"2 Fungi Beasts","floor":14,"turns":2},{"damage":22,"enemies":"The Guardian","floor":16,"turns":14},{"damage":31,"enemies":"Chosen","floor":18,"turns":5},{"damage":6,"enemies":"Spheric Guardian","floor":20,"turns":3},{"damage":22,"enemies":"Snecko","floor":21,"turns":6},{"damage":0,"enemies":"Slavers","floor":24,"turns":2}],"seed_played":"474913375455279248","potions_obtained":[{"floor":1,"key":"Energy Potion"},{"floor":12,"key":"Block Potion"},{"floor":14,"key":"EntropicBrew"},{"floor":16,"key":"LiquidBronze"},{"floor":20,"key":"SteroidPotion"},{"floor":21,"key":"Energy Potion"}],"is_trial":false,"path_per_floor":["M","?","M","$","?","E","R","E","T","R","?","M","T","M","R","B",null,"M","?","M","M","?","R","E"],"character_chosen":"DEFECT","items_purchased":[],"campfire_rested":3,"item_purchase_floors":[],"current_hp_per_floor":[64,64,64,64,64,30,51,5,5,26,26,26,26,26,26,4,54,23,23,26,4,4,25,25],"gold":246,"neow_bonus":"ONE_RARE_RELIC","is_prod":false,"is_daily":false,"chose_seed":false,"campfire_upgraded":1,"win_rate":0,"timestamp":1551043247,"path_taken":["M","?","?","?","?","E","R","E","T","R","?","M","?","M","R","BOSS","M","?","M","M","?","R","E"],"build_version":"2019-02-06","purchased_purges":0,"victory":false,"max_hp_per_floor":[71,71,71,71,71,71,71,71,71,71,71,71,71,71,71,71,71,71,71,71,71,71,71,71],"card_choices":[{"not_picked":["Ball Lightning","Go for the Eyes"],"picked":"Glacier","floor":1},{"not_picked":["Reprogram","Recycle"],"picked":"Tempest","floor":3},{"not_picked":["Steam Power","Hologram"],"picked":"Glacier","floor":6},{"not_picked":["Reprogram","Beam Cell","Darkness"],"picked":"Auto Shields","floor":8},{"not_picked":["Darkness","Cold Snap","Conserve Battery"],"picked":"Doom and Gloom","floor":12},{"not_picked":["Self Repair","Leap","Beam Cell+1"],"picked":"Melter+1","floor":14},{"not_picked":["Biased Cognition","Meteor Strike+1","Thunder Strike+1"],"picked":"Creative AI","floor":16},{"not_picked":["Scrape+1","Barrage+1","Compile Driver+1"],"picked":"Genetic Algorithm","floor":18},{"not_picked":["Coolheaded","Sweeping Beam+1","Tempest"],"picked":"Turbo","floor":20},{"not_picked":["Rip and Tear+1","Static Discharge","Loop"],"picked":"Coolheaded+1","floor":21}],"player_experience":1000759,"relics_obtained":[{"floor":6,"key":"Question Card"},{"floor":8,"key":"Happy Flower"},{"floor":13,"key":"Molten Egg 2"}],"event_choices":[{"cards_removed":["Defend_B"],"damage_healed":0,"gold_gain":0,"player_choice":"Offered Basic","damage_taken":0,"max_hp_gain":0,"max_hp_loss":0,"event_name":"Bonfire Elementals","floor":2,"gold_loss":0},{"damage_healed":0,"gold_gain":0,"player_choice":"Box","damage_taken":0,"relics_obtained":["Calipers"],"max_hp_gain":0,"max_hp_loss":0,"event_name":"Big Fish","floor":5,"gold_loss":0,"cards_obtained":["Regret"]},{"cards_removed":["Regret"],"damage_healed":0,"gold_gain":0,"player_choice":"Forget","damage_taken":0,"max_hp_gain":0,"max_hp_loss":0,"event_name":"Living Wall","floor":11,"gold_loss":0},{"damage_healed":0,"gold_gain":0,"player_choice":"Simplicity","damage_taken":0,"max_hp_gain":0,"max_hp_loss":0,"event_name":"Back to Basics","floor":19,"gold_loss":0,"cards_upgraded":["Strike_B","Strike_B","Strike_B","Strike_B","Defend_B","Defend_B","Defend_B"]},{"cards_removed":["Doom and Gloom"],"damage_healed":0,"gold_gain":0,"player_choice":"Gave Card","damage_taken":0,"relics_obtained":["Gambling Chip"],"max_hp_gain":0,"max_hp_loss":0,"event_name":"WeMeetAgain","floor":22,"gold_loss":0}],"is_beta":true,"boss_relics":[{"not_picked":["Busted Crown","Philosopher\u0027s Stone"],"picked":"Inserter"}],"items_purged_floors":[],"is_endless":false,"potions_floor_spawned":[1,12,14,16,20,21],"killed_by":"Slavers","ascension_level":20}