{"gold_per_floor":[114,114,126,145,161,161,191,211,211,222,222,238,238],"floor_reached":13,"playtime":587,"items_purged":[],"score":89,"play_id":"22e38e52-c803-4906-8071-809086703ea7","local_time":"20181108233406","is_ascension_mode":false,"campfire_choices":[{"data":"Deep Breath","floor":6,"key":"SMITH"},{"data":"Capacitor","floor":11,"key":"SMITH"}],"neow_cost":"NONE","seed_source_timestamp":11093506122413,"circlet_count":0,"master_deck":["Strike_B","Strike_B","Strike_B","Defend_B","Defend_B","Defend_B","Defend_B","Zap","Dualcast","Deep Breath+1","Storm","Ball Lightning","Coolheaded","Undo","Capacitor+1","Chill","Skim","Beam Cell"],"relics":["Cracked Core","Omamori","Pantograph"],"potions_floor_usage":[4,7,7,13],"damage_taken":[{"damage":1,"enemies":"2 Louse","floor":1,"turns":3},{"damage":10,"enemies":"Cultist","floor":3,"turns":4},{"damage":2,"enemies":"Jaw Worm","floor":4,"turns":3},{"damage":11,"enemies":"Looter","floor":5,"turns":3},{"damage":22,"enemies":"Gremlin Nob","floor":7,"turns":5},{"damage":5,"enemies":"Exordium Wildlife","floor":8,"turns":6},{"damage":4,"enemies":"Blue Slaver","floor":10,"turns":5},{"damage":11,"enemies":"Red Slaver","floor":12,"turns":4},{"damage":11,"enemies":"2 Fungi Beasts","floor":13,"turns":4}],"seed_played":"-5583853174142113009","potions_obtained":[{"floor":1,"key":"FearPotion"},{"floor":3,"key":"EssenceOfSteel"},{"floor":5,"key":"Block Potion"},{"floor":10,"key":"Energy Potion"}],"is_trial":false,"path_per_floor":["M","?","M","M","M","R","E","M","T","M","R","M","M"],"character_chosen":"DEFECT","items_purchased":[],"campfire_rested":0,"item_purchase_floors":[],"current_hp_per_floor":[74,74,64,62,51,51,29,24,24,20,20,9,0],"gold":238,"neow_bonus":"RANDOM_COLORLESS","is_prod":false,"is_daily":false,"chose_seed":false,"campfire_upgraded":2,"win_rate":0.0,"timestamp":1541738046,"path_taken":["M","?","M","?","M","R","E","M","T","M","R","M","M"],"build_version":"2018-11-07","purchased_purges":0,"victory":false,"max_hp_per_floor":[75,75,75,75,75,75,75,75,75,75,75,75,75],"card_choices":[{"not_picked":["Defragment","Gash"],"picked":"Storm","floor":1},{"not_picked":["Scrape","Conserve Battery"],"picked":"Ball Lightning","floor":3},{"not_picked":["Reinforced Body","Gash"],"picked":"Coolheaded","floor":4},{"not_picked":["Coolheaded","Reinforced Body"],"picked":"Undo","floor":5},{"not_picked":["Doom and Gloom","Coolheaded"],"picked":"Capacitor","floor":7},{"not_picked":["Go for the Eyes","Barrage"],"picked":"Chill","floor":8},{"not_picked":["Stack","Steam Power"],"picked":"Skim","floor":10},{"not_picked":["Coolheaded","Go for the Eyes"],"picked":"Beam Cell","floor":12}],"player_experience":107738,"relics_obtained":[{"floor":7,"key":"Omamori"},{"floor":9,"key":"Pantograph"}],"event_choices":[{"cards_removed":["Strike_B"],"damage_healed":0,"gold_gain":0,"player_choice":"Purged","damage_taken":0,"max_hp_gain":0,"max_hp_loss":0,"event_name":"Purifier","floor":2,"gold_loss":0}],"is_beta":true,"boss_relics":[],"items_purged_floors":[],"is_endless":false,"potions_floor_spawned":[1,3,5,10],"killed_by":"2 Fungi Beasts","ascension_level":0}