{"gold_per_floor":[118,137,153,163,176,176,203,215,302,314,343,371,383,420,432,515,527,552,582,594,626,180,180,180],"floor_reached":24,"playtime":1250,"items_purged":[],"score":399,"play_id":"28ba42eb-e13e-4f8f-9862-7e8cc610f0f9","local_time":"20190316110832","is_ascension_mode":true,"campfire_choices":[{"data":"Searing Blow","floor":6,"key":"SMITH"},{"data":"Searing Blow+1","floor":8,"key":"SMITH"},{"data":"Searing Blow+2","floor":10,"key":"SMITH"},{"data":"Searing Blow+3","floor":15,"key":"SMITH"},{"data":"Searing Blow+5","floor":23,"key":"SMITH"}],"neow_cost":"NONE","seed_source_timestamp":199852209848024,"circlet_count":0,"master_deck":["AscendersBane","Strike_R","Strike_R","Strike_R","Strike_R","Strike_R","Defend_R","Defend_R","Defend_R","Defend_R","Bash","Clothesline","Cleave","True Grit","Searing Blow+6","Ghostly Armor","Barricade","Shockwave","Impervious","Clumsy","Normality","Injury","Corruption","Metallicize","Master of Strategy","Flash of Steel"],"relics":["Burning Blood","Blood Vial","MawBank","Mercury Hourglass","Du-Vu Doll","Calling Bell","Ginger","Question Card","Ancient Tea Set"],"potions_floor_usage":[7,16,16,24],"damage_taken":[{"damage":6,"enemies":"Small Slimes","floor":1,"turns":4},{"damage":1,"enemies":"Cultist","floor":2,"turns":4},{"damage":2,"enemies":"2 Louse","floor":3,"turns":3},{"damage":12,"enemies":"2 Fungi Beasts","floor":4,"turns":4},{"damage":6,"enemies":"3 Louse","floor":5,"turns":5},{"damage":32,"enemies":"Gremlin Nob","floor":7,"turns":5},{"damage":10,"enemies":"Red Slaver","floor":11,"turns":4},{"damage":3,"enemies":"Looter","floor":12,"turns":2},{"damage":18,"enemies":"3 Sentries","floor":14,"turns":7},{"damage":2,"enemies":"Slime Boss","floor":16,"turns":7},{"damage":11,"enemies":"Spheric Guardian","floor":18,"turns":4},{"damage":32,"enemies":"2 Thieves","floor":19,"turns":5},{"damage":14,"enemies":"Snake Plant","floor":21,"turns":2},{"damage":40,"enemies":"Book of Stabbing","floor":24,"turns":4}],"seed_played":"-4155008958727647533","potions_obtained":[{"floor":4,"key":"Block Potion"},{"floor":7,"key":"Weak Potion"},{"floor":11,"key":"Poison Potion"},{"floor":14,"key":"PowerPotion"}],"is_trial":false,"path_per_floor":["M","M","M","M","M","R","E","R","T","R","M","M","?","E","R","B",null,"M","M","?","M","$","R","E"],"character_chosen":"IRONCLAD","items_purchased":["Master of Strategy","Flash of Steel","EssenceOfSteel","FearPotion"],"campfire_rested":0,"item_purchase_floors":[22,22,22,22],"current_hp_per_floor":[70,75,75,69,71,71,47,47,47,47,45,50,50,40,40,46,68,65,41,41,35,35,35,0],"gold":180,"neow_bonus":"RANDOM_COMMON_RELIC","is_prod":false,"is_daily":false,"chose_seed":false,"campfire_upgraded":5,"win_rate":0,"timestamp":1552748912,"path_taken":["M","M","M","M","M","R","E","R","T","R","M","M","?","E","R","BOSS","M","M","?","M","$","R","E"],"build_version":"2019-03-15","purchased_purges":0,"victory":false,"max_hp_per_floor":[75,75,75,75,75,75,75,75,75,75,75,75,75,75,75,75,75,75,75,75,75,75,75,75],"card_choices":[{"not_picked":["Wild Strike","Second Wind"],"picked":"Clothesline","floor":1},{"not_picked":["Fire Breathing","Disarm"],"picked":"Cleave","floor":2},{"not_picked":["Wild Strike","Clash"],"picked":"True Grit","floor":3},{"not_picked":["Shrug It Off","Berserk"],"picked":"Searing Blow","floor":4},{"not_picked":["Body Slam","Rupture","Twin Strike"],"picked":"SKIP","floor":5},{"not_picked":["Flame Barrier","Cleave"],"picked":"Ghostly Armor","floor":7},{"not_picked":["Fire Breathing","Sword Boomerang"],"picked":"Barricade","floor":11},{"not_picked":["Sword Boomerang","Cleave"],"picked":"Shockwave","floor":12},{"not_picked":["Rage","Sword Boomerang","True Grit"],"picked":"SKIP","floor":14},{"not_picked":["Barricade","Berserk"],"picked":"Impervious","floor":16},{"not_picked":["Body Slam","Sword Boomerang+1","Sever Soul"],"picked":"Corruption","floor":18},{"not_picked":["Twin Strike+1","Heavy Blade","Wild Strike","Thunderclap+1"],"picked":"SKIP","floor":19},{"not_picked":["Cleave","Searing Blow","Heavy Blade"],"picked":"Metallicize","floor":21}],"player_experience":532136,"relics_obtained":[{"floor":7,"key":"MawBank"},{"floor":9,"key":"Mercury Hourglass"},{"floor":14,"key":"Du-Vu Doll"},{"floor":17,"key":"Ginger"},{"floor":17,"key":"Question Card"},{"floor":17,"key":"Ancient Tea Set"}],"event_choices":[{"damage_healed":0,"gold_gain":0,"player_choice":"Ignored","damage_taken":0,"max_hp_gain":0,"max_hp_loss":0,"event_name":"Liars Game","floor":13,"gold_loss":0},{"damage_healed":0,"gold_gain":0,"player_choice":"Forge","damage_taken":0,"max_hp_gain":0,"max_hp_loss":0,"event_name":"Accursed Blacksmith","floor":20,"gold_loss":0,"cards_upgraded":["Searing Blow"]}],"is_beta":true,"boss_relics":[{"not_picked":["White Beast Statue","Tiny House"],"picked":"Calling Bell"}],"items_purged_floors":[],"is_endless":false,"potions_floor_spawned":[4,7,11,14],"killed_by":"Book of Stabbing","ascension_level":18}