{"gold_per_floor":[119,41,41,41,41,41,72,72,72,98,109,138,151,165,165,165],"floor_reached":16,"playtime":511,"items_purged":[],"score":336,"play_id":"05b5265f-5d31-4b0d-8569-27dff709a1e1","local_time":"20190303122425","is_ascension_mode":true,"campfire_choices":[{"data":"Well Laid Plans","floor":6,"key":"SMITH"},{"data":"Neutralize","floor":8,"key":"SMITH"},{"floor":15,"key":"REST"}],"neow_cost":"NONE","seed_source_timestamp":746519419324217,"circlet_count":0,"master_deck":["AscendersBane","Defend_G","Defend_G","Defend_G","Defend_G","Defend_G","Strike_G","Strike_G","Strike_G","Strike_G","Strike_G","Survivor","Neutralize+1","Well Laid Plans+1","Pain","Doppelganger","Deadly Poison","Deadly Poison","Catalyst","Caltrops"],"relics":["Ring of the Snake","NeowsBlessing","Question Card","WarpedTongs","Bottled Lightning","Singing Bowl","Pear","Anchor"],"potions_floor_usage":[12],"damage_taken":[{"damage":0,"enemies":"Cultist","floor":1,"turns":1},{"damage":0,"enemies":"3 Sentries","floor":7,"turns":1},{"damage":0,"enemies":"Gremlin Nob","floor":10,"turns":1},{"damage":4,"enemies":"Jaw Worm","floor":11,"turns":4},{"damage":21,"enemies":"Lagavulin","floor":12,"turns":8},{"damage":3,"enemies":"2 Louse","floor":13,"turns":3},{"damage":29,"enemies":"Exordium Thugs","floor":14,"turns":5},{"damage":26,"enemies":"Slime Boss","floor":16,"turns":8}],"seed_played":"-3973719983398529228","potions_obtained":[{"floor":1,"key":"LiquidBronze"},{"floor":7,"key":"FearPotion"},{"floor":10,"key":"Swift Potion"},{"floor":12,"key":"Strength Potion"}],"is_trial":false,"path_per_floor":["M","$","T","$","?","R","E","R","T","E","M","E","M","M","R","B"],"character_chosen":"THE_SILENT","items_purchased":["Well Laid Plans"],"campfire_rested":1,"item_purchase_floors":[2],"current_hp_per_floor":[59,59,59,59,59,59,59,59,59,69,67,46,43,14,37,11],"gold":165,"neow_bonus":"THREE_ENEMY_KILL","is_prod":false,"is_daily":false,"chose_seed":false,"campfire_upgraded":2,"win_rate":0,"timestamp":1551633865,"path_taken":["M","$","?","$","?","R","E","R","T","E","M","E","?","M","R","BOSS"],"build_version":"2019-02-06","purchased_purges":0,"victory":false,"max_hp_per_floor":[66,66,66,66,66,66,66,66,66,76,78,78,78,78,78,78],"card_choices":[{"not_picked":["Blade Dance","Outmaneuver","Underhanded Strike"],"picked":"SKIP","floor":1},{"not_picked":["Distraction","Outmaneuver","Quick Slash"],"picked":"Doppelganger","floor":7},{"not_picked":["Bane","Blade Dance","Tactician"],"picked":"Deadly Poison","floor":10},{"not_picked":["Concentrate","Underhanded Strike","Flying Knee","Tactician"],"picked":"Singing Bowl","floor":11},{"not_picked":["Sucker Punch","Dagger Spray","Bane"],"picked":"Deadly Poison","floor":12},{"not_picked":["Slice","Dodge and Roll","Expertise"],"picked":"Catalyst","floor":13},{"not_picked":["Envenom","Deflect","Calculated Gamble"],"picked":"Caltrops","floor":14}],"player_experience":1045201,"relics_obtained":[{"floor":3,"key":"Question Card"},{"floor":7,"key":"Bottled Lightning"},{"floor":9,"key":"Singing Bowl"},{"floor":10,"key":"Pear"},{"floor":12,"key":"Anchor"}],"event_choices":[{"damage_healed":0,"gold_gain":0,"player_choice":"Rummage","damage_taken":0,"relics_obtained":["WarpedTongs"],"max_hp_gain":0,"max_hp_loss":0,"event_name":"Accursed Blacksmith","floor":5,"gold_loss":0,"cards_obtained":["Pain"]}],"is_beta":true,"boss_relics":[],"items_purged_floors":[],"is_endless":false,"potions_floor_spawned":[1,7,10,12],"killed_by":"Slime Boss","ascension_level":20}