{"gold_per_floor":[115,115,132,132,151,151,220,220,244,244,244,260,260,273,273,273],"floor_reached":16,"playtime":386,"items_purged":[],"score":200,"play_id":"e5e480b0-d050-45d7-a3cf-f217cde05300","local_time":"20190301091440","is_ascension_mode":true,"campfire_choices":[{"data":"1","floor":6,"key":"LIFT"},{"data":"2","floor":11,"key":"LIFT"},{"data":"3","floor":13,"key":"LIFT"},{"data":"Bash","floor":15,"key":"SMITH"}],"neow_cost":"CURSE","seed_source_timestamp":562463465807794,"circlet_count":0,"master_deck":["AscendersBane","Strike_R","Strike_R","Strike_R","Strike_R","Defend_R","Defend_R","Defend_R","Defend_R","Bash+1","Disarm","Iron Wave","Sword Boomerang","Shrug It Off+1","Battle Trance+1"],"relics":["Burning Blood","Girya","Golden Idol","Tiny Chest","Smiling Mask","War Paint"],"potions_floor_usage":[7,7,16],"damage_taken":[{"damage":3,"enemies":"2 Louse","floor":1,"turns":4},{"damage":7,"enemies":"Cultist","floor":3,"turns":4},{"damage":0,"enemies":"Small Slimes","floor":5,"turns":4},{"damage":34,"enemies":"Gremlin Nob","floor":7,"turns":5},{"damage":1,"enemies":"Looter","floor":12,"turns":4},{"damage":0,"enemies":"Exordium Wildlife","floor":14,"turns":2},{"damage":28,"enemies":"Slime Boss","floor":16,"turns":7}],"seed_played":"-5874218233170620930","potions_obtained":[{"floor":3,"key":"GamblersBrew"},{"floor":5,"key":"Block Potion"},{"floor":12,"key":"PowerPotion"}],"is_trial":false,"path_per_floor":["M","?","M","?","M","R","E","?","T","T","R","M","R","M","R","B"],"character_chosen":"IRONCLAD","items_purchased":[],"campfire_rested":0,"item_purchase_floors":[],"current_hp_per_floor":[71,71,70,68,68,68,40,33,33,33,33,38,38,44,44,16],"gold":273,"neow_bonus":"ONE_RARE_RELIC","is_prod":false,"is_daily":false,"chose_seed":false,"campfire_upgraded":1,"win_rate":0,"timestamp":1551449680,"path_taken":["M","?","?","?","M","R","E","?","T","?","R","M","R","?","R","BOSS"],"build_version":"2019-02-06","purchased_purges":0,"victory":false,"max_hp_per_floor":[75,75,75,68,68,68,68,68,68,68,68,68,68,68,68,68],"card_choices":[{"not_picked":["Seeing Red","Feel No Pain"],"picked":"Disarm","floor":1},{"not_picked":["Body Slam","Warcry"],"picked":"Sword Boomerang","floor":3},{"not_picked":["Spot Weakness","Havoc"],"picked":"Shrug It Off","floor":5},{"not_picked":["Uppercut","Wild Strike"],"picked":"Battle Trance","floor":7},{"not_picked":["Havoc","Clothesline","Body Slam"],"picked":"SKIP","floor":12},{"not_picked":["Blood for Blood","Reckless Charge","Body Slam"],"picked":"SKIP","floor":14}],"player_experience":1018138,"relics_obtained":[{"floor":7,"key":"Tiny Chest"},{"floor":9,"key":"Smiling Mask"},{"floor":10,"key":"War Paint"}],"event_choices":[{"damage_healed":0,"gold_gain":0,"cards_transformed":["Strike_R"],"player_choice":"Transformed","damage_taken":0,"max_hp_gain":0,"max_hp_loss":0,"event_name":"Transmorgrifier","floor":2,"gold_loss":0,"cards_obtained":["Iron Wave"]},{"damage_healed":0,"gold_gain":0,"player_choice":"Lose Max HP","damage_taken":0,"relics_obtained":["Golden Idol"],"max_hp_gain":0,"max_hp_loss":7,"event_name":"Golden Idol","floor":4,"gold_loss":0},{"cards_removed":["Clumsy"],"damage_healed":0,"gold_gain":0,"player_choice":"Card Removal","damage_taken":7,"max_hp_gain":0,"max_hp_loss":0,"event_name":"Golden Wing","floor":8,"gold_loss":0}],"is_beta":true,"boss_relics":[],"items_purged_floors":[],"is_endless":false,"potions_floor_spawned":[3,5,12],"killed_by":"Slime Boss","ascension_level":20}