{"gold_per_floor":[114,114,114,264,283,283,310,310,310,325,325,344,372,382,382,460,460,478,478,478,489,502,7,17,43,68,102,102,102,128,98,98,174,174,187,197,197,207,107,107,141,141,141,173,173,205,218,230,230,230,230,230,230,22,48,48],"floor_reached":57,"playtime":3924,"items_purged":["Doubt","Strike_R"],"score":2841,"play_id":"dd3e6267-8bd5-4b0f-8426-8d8da058966e","local_time":"20190319195625","is_ascension_mode":true,"campfire_choices":[{"data":"Perfected Strike","floor":6.0,"key":"SMITH"},{"floor":8.0,"key":"REST"},{"data":"Whirlwind","floor":15.0,"key":"SMITH"},{"data":"Armaments","floor":28.0,"key":"SMITH"},{"data":"Dual Wield","floor":32.0,"key":"SMITH"},{"floor":40.0,"key":"RECALL"},{"data":"Pommel Strike","floor":45,"key":"SMITH"},{"data":"Clothesline","floor":49,"key":"SMITH"},{"data":"Flame Barrier","floor":53,"key":"SMITH"}],"neow_cost":"NONE","seed_source_timestamp":570737657411955,"circlet_count":0,"master_deck":["AscendersBane","Strike_R+1","Strike_R","Strike_R","Strike_R","Defend_R","Defend_R+1","Defend_R+1","Defend_R+1","Bash+1","Perfected Strike+1","Pommel Strike+1","Feel No Pain+1","Whirlwind+1","Warcry","Battle Trance+1","Reaper","Clothesline+1","Necronomicurse","Dual Wield+1","Flame Barrier+1","Impervious","Perfected Strike","Armaments+1","Dark Embrace+1","Barricade+1","Limit Break","Body Slam","True Grit+1","Spot Weakness","Evolve+1","Entrench","Power Through+1","Feel No Pain+1"],"special_seed":0,"relics":["Burning Blood","Frozen Egg 2","Matryoshka","Ancient Tea Set","War Paint","Snecko Eye","Necronomicon","Pocketwatch","Juzu Bracelet","Orichalcum","Boot","Mummified Hand","Potion Belt","Coffee Dripper","Mango","Letter Opener","Centennial Puzzle","Bag of Marbles","Bronze Scales","Bottled Lightning"],"potions_floor_usage":[41,56,56,56,56],"damage_taken":[{"damage":7.0,"enemies":"Cultist","floor":1.0,"turns":4.0},{"damage":1.0,"enemies":"Small Slimes","floor":5.0,"turns":4.0},{"damage":32.0,"enemies":"Lagavulin","floor":7.0,"turns":8.0},{"damage":7.0,"enemies":"Jaw Worm","floor":10.0,"turns":3.0},{"damage":10.0,"enemies":"Large Slime","floor":12.0,"turns":3.0},{"damage":23.0,"enemies":"3 Sentries","floor":13.0,"turns":8.0},{"damage":0.0,"enemies":"2 Fungi Beasts","floor":14.0,"turns":4.0},{"damage":24.0,"enemies":"Slime Boss","floor":16.0,"turns":8.0},{"damage":0.0,"enemies":"Chosen","floor":18.0,"turns":3.0},{"damage":0.0,"enemies":"3 Byrds","floor":21.0,"turns":2.0},{"damage":0.0,"enemies":"Snecko","floor":22.0,"turns":3.0},{"damage":5.0,"enemies":"Centurion and Healer","floor":24.0,"turns":6.0},{"damage":13.0,"enemies":"Slavers","floor":25.0,"turns":3.0},{"damage":28.0,"enemies":"Book of Stabbing","floor":27.0,"turns":4.0},{"damage":0.0,"enemies":"Gremlin Leader","floor":30.0,"turns":2.0},{"damage":11.0,"enemies":"Champ","floor":33.0,"turns":11.0},{"damage":0.0,"enemies":"Orb Walker","floor":35.0,"turns":2.0},{"damage":0.0,"enemies":"3 Darklings","floor":36.0,"turns":2.0},{"damage":8.0,"enemies":"4 Shapes","floor":38.0,"turns":6.0},{"damage":4,"enemies":"Nemesis","floor":41,"turns":7},{"damage":13,"enemies":"Giant Head","floor":44,"turns":4},{"damage":35,"enemies":"Nemesis","floor":46,"turns":5},{"damage":0,"enemies":"Maw","floor":47,"turns":11},{"damage":0,"enemies":"Spire Growth","floor":48,"turns":3},{"damage":4,"enemies":"Awakened One","floor":50,"turns":10},{"damage":26,"enemies":"Time Eater","floor":51,"turns":15},{"damage":29,"enemies":"Shield and Spear","floor":55,"turns":17},{"damage":46,"enemies":"The Heart","floor":56,"turns":10}],"seed_played":"8036191906142676362","potions_obtained":[{"floor":5.0,"key":"SkillPotion"},{"floor":12.0,"key":"Poison Potion"},{"floor":13.0,"key":"Fruit Juice"},{"floor":16.0,"key":"GamblersBrew"},{"floor":18.0,"key":"EssenceOfSteel"},{"floor":25.0,"key":"GamblersBrew"},{"floor":27.0,"key":"Dexterity Potion"},{"floor":31.0,"key":"Regen Potion"},{"floor":31.0,"key":"SpeedPotion"},{"floor":35.0,"key":"SpeedPotion"},{"floor":46,"key":"SpeedPotion"},{"floor":47,"key":"Dexterity Potion"},{"floor":48,"key":"Dexterity Potion"},{"floor":55,"key":"Ancient Potion"}],"is_trial":false,"path_per_floor":["M","?","?","?","M","R","E","R","T","M","?","M","E","M","R","B",null,"M","?","?","M","M","$","M","E","T","E","R","?","E","?","R","B",null,"M","M","?","M","$","R","E","?","T","E","R","E","M","M","R","B","B",null,"R","$","E","B",null],"character_chosen":"IRONCLAD","items_purchased":["Pocketwatch","Flame Barrier","Bronze Scales","Feel No Pain+1"],"campfire_rested":1,"item_purchase_floors":[23,23,54,54],"current_hp_per_floor":[74,74,49,49,54,54,28,52,52,51,40,36,19,25,30,12,68,78,57,32,47,53,53,62,63,63,41,41,41,47,47,47,62,85,91,92,92,90,90,90,106,106,106,99,99,75,106,106,106,106,106,106,106,106,90,62],"gold":48,"neow_bonus":"TEN_PERCENT_HP_BONUS","is_prod":false,"is_daily":false,"chose_seed":false,"campfire_upgraded":7,"win_rate":0,"timestamp":1553039785,"path_taken":["M","?","?","?","M","R","E","R","T","M","?","M","E","M","R","BOSS","M","?","?","M","M","$","M","E","T","E","R","?","E","?","R","BOSS","M","M","?","M","?","R","E","?","T","E","R","E","M","M","R","BOSS","BOSS","R","$","E","BOSS"],"build_version":"2019-03-15","purchased_purges":2,"victory":true,"max_hp_per_floor":[82,82,82,82,82,82,82,82,82,82,82,82,82,82,87,87,87,87,87,92,92,92,92,92,92,92,92,92,92,92,92,92,92,92,92,92,92,92,92,92,106,106,106,106,106,106,106,106,106,106,106,106,106,106,106,106],"card_choices":[{"not_picked":["Heavy Blade","Sever Soul","Sword Boomerang"],"picked":"SKIP","floor":1.0},{"not_picked":["Fire Breathing","Shrug It Off"],"picked":"Perfected Strike","floor":5.0},{"not_picked":["Warcry","Clash"],"picked":"Pommel Strike","floor":7.0},{"not_picked":["Heavy Blade","Clash"],"picked":"Feel No Pain+1","floor":10.0},{"not_picked":["Dropkick","Shrug It Off"],"picked":"Whirlwind","floor":12.0},{"not_picked":["Rampage","Carnage"],"picked":"Warcry","floor":13.0},{"not_picked":["Iron Wave","Dual Wield"],"picked":"Battle Trance","floor":14.0},{"not_picked":["Dark Embrace+1","Barricade+1"],"picked":"Reaper","floor":16.0},{"not_picked":["Sword Boomerang+1","Flex"],"picked":"Clothesline","floor":18.0},{"not_picked":["Pommel Strike","Searing Blow","Clothesline"],"picked":"SKIP","floor":21.0},{"not_picked":["Pommel Strike","Clothesline"],"picked":"Dual Wield","floor":22.0},{"not_picked":["Cleave","Body Slam"],"picked":"Impervious","floor":24.0},{"not_picked":["Cleave","Seeing Red"],"picked":"Perfected Strike","floor":25.0},{"not_picked":["Pommel Strike","Immolate"],"picked":"Armaments","floor":27.0},{"not_picked":["Armaments","Heavy Blade+1"],"picked":"Barricade+1","floor":30.0},{"not_picked":["Barricade+1","Berserk+1"],"picked":"Limit Break","floor":33.0},{"not_picked":["Pommel Strike","Carnage"],"picked":"Body Slam","floor":35.0},{"not_picked":["Body Slam","Evolve+1"],"picked":"True Grit+1","floor":36.0},{"not_picked":["Anger","Metallicize+1"],"picked":"Evolve+1","floor":38.0},{"not_picked":["Seeing Red","Iron Wave"],"picked":"Entrench","floor":41},{"not_picked":["Havoc+1","Thunderclap","Anger+1"],"picked":"SKIP","floor":44},{"not_picked":["Pommel Strike","Anger","Limit Break"],"picked":"SKIP","floor":46},{"not_picked":["Bloodletting","Cleave","Pommel Strike"],"picked":"SKIP","floor":47},{"not_picked":["Wild Strike+1","Pommel Strike+1"],"picked":"Power Through+1","floor":48},{"not_picked":["Pommel Strike","Bloodletting+1","Inflame+1"],"picked":"SKIP","floor":55}],"player_experience":1144868,"relics_obtained":[{"floor":7.0,"key":"Frozen Egg 2"},{"floor":9.0,"key":"Matryoshka"},{"floor":13.0,"key":"War Paint"},{"floor":19.0,"key":"Necronomicon"},{"floor":25.0,"key":"Juzu Bracelet"},{"floor":26.0,"key":"Orichalcum"},{"floor":26.0,"key":"Boot"},{"floor":27.0,"key":"Mummified Hand"},{"floor":30.0,"key":"Potion Belt"},{"floor":41,"key":"Mango"},{"floor":43,"key":"Letter Opener"},{"floor":44,"key":"Centennial Puzzle"},{"floor":46,"key":"Bag of Marbles"},{"floor":55,"key":"Bottled Lightning"}],"event_choices":[{"damage_healed":0.0,"max_hp_gain":0.0,"max_hp_loss":0.0,"gold_gain":0.0,"event_name":"Living Wall","player_choice":"Grow","floor":2.0,"gold_loss":0.0,"damage_taken":0.0,"cards_upgraded":["Bash"]},{"damage_healed":0.0,"max_hp_gain":0.0,"max_hp_loss":0.0,"gold_gain":0.0,"event_name":"Shining Light","player_choice":"Entered Light","floor":3.0,"gold_loss":0.0,"damage_taken":25.0,"cards_upgraded":["Defend_R","Strike_R"]},{"damage_healed":0.0,"max_hp_gain":0.0,"max_hp_loss":0.0,"gold_gain":150.0,"event_name":"Liars Game","player_choice":"AGREE","floor":4.0,"gold_loss":0.0,"damage_taken":0.0,"cards_obtained":["Doubt"]},{"damage_healed":0.0,"max_hp_gain":0.0,"max_hp_loss":0.0,"gold_gain":0.0,"event_name":"Scrap Ooze","player_choice":"Success","floor":11.0,"gold_loss":0.0,"damage_taken":11.0,"relics_obtained":["Ancient Tea Set"]},{"damage_healed":0.0,"max_hp_gain":0.0,"max_hp_loss":0.0,"gold_gain":0.0,"event_name":"Cursed Tome","player_choice":"Obtained Book","floor":19.0,"gold_loss":0.0,"damage_taken":21.0},{"damage_healed":0.0,"max_hp_gain":5.0,"max_hp_loss":0.0,"gold_gain":0.0,"event_name":"Forgotten Altar","player_choice":"Shed Blood","floor":20.0,"gold_loss":0.0,"damage_taken":30.0},{"damage_healed":0.0,"max_hp_gain":0.0,"max_hp_loss":0.0,"gold_gain":0.0,"event_name":"Match and Keep!","player_choice":"1 cards matched","floor":29.0,"gold_loss":0.0,"damage_taken":0.0,"cards_obtained":["Dark Embrace"]},{"damage_healed":0.0,"max_hp_gain":0.0,"max_hp_loss":0.0,"gold_gain":0.0,"event_name":"The Woman in Blue","player_choice":"Bought 2 Potions","floor":31.0,"gold_loss":0.0,"damage_taken":0.0},{"damage_healed":0.0,"max_hp_gain":0.0,"max_hp_loss":0.0,"gold_gain":0.0,"event_name":"Match and Keep!","player_choice":"1 cards matched","floor":37.0,"gold_loss":0.0,"damage_taken":0.0,"cards_obtained":["Spot Weakness"]},{"damage_healed":0,"gold_gain":0,"player_choice":"Forge","damage_taken":0,"max_hp_gain":0,"max_hp_loss":0,"event_name":"Accursed Blacksmith","floor":42,"gold_loss":0,"cards_upgraded":["Battle Trance"]}],"is_beta":true,"boss_relics":[{"not_picked":["Empty Cage","Runic Dome"],"picked":"Snecko Eye"},{"not_picked":["Eternal Feather","Runic Pyramid"],"picked":"Coffee Dripper"}],"items_purged_floors":[23,39],"is_endless":false,"potions_floor_spawned":[5,12,13,16,18,25,27,35,46,47,48,55],"ascension_level":20}