{"gold_per_floor":[115,128,140,61,11,11,186,186,186,186,216,216,246,290,290,411,411,431,431,446,12,35,35,35],"floor_reached":24,"playtime":1249,"items_purged":["Doubt"],"score":263,"play_id":"c4a3f08b-a15c-4a0f-9d06-49e9ffeb3e1a","local_time":"20190129011151","is_ascension_mode":true,"campfire_choices":[{"data":"Capacitor","floor":6,"key":"SMITH"},{"data":"Hologram","floor":8,"key":"SMITH"},{"data":"Dualcast","floor":10,"key":"SMITH"},{"floor":15,"key":"REST"},{"data":"Consume","floor":23,"key":"SMITH"}],"neow_cost":"NONE","seed_source_timestamp":119362155235,"circlet_count":0,"master_deck":["Strike_B","Strike_B","Defend_B","Defend_B","Defend_B","Defend_B","Zap+1","Dualcast+1","Cold Snap","Ball Lightning","Hologram+1","Capacitor+1","Glacier","Undo","Amplify","BootSequence","Reinforced Body","Streamline","Consume+1","Self Repair","Bandage Up","Steam+1"],"relics":["Cracked Core","Regal Pillow","Golden Idol","PreservedInsect","Black Star","Oddly Smooth Stone"],"potions_floor_usage":[20,24],"damage_taken":[{"damage":0,"enemies":"2 Louse","floor":1,"turns":2},{"damage":0,"enemies":"Small Slimes","floor":2,"turns":2},{"damage":0,"enemies":"Cultist","floor":3,"turns":3},{"damage":34,"enemies":"Lagavulin","floor":11,"turns":6},{"damage":17,"enemies":"Gremlin Nob","floor":14,"turns":5},{"damage":6,"enemies":"The Guardian","floor":16,"turns":14},{"damage":13,"enemies":"Spheric Guardian","floor":18,"turns":8},{"damage":5,"enemies":"Chosen","floor":20,"turns":6},{"damage":27,"enemies":"Shelled Parasite and Fungi","floor":22,"turns":11},{"damage":54,"enemies":"Gremlin Leader","floor":24,"turns":7}],"seed_played":"-1292438824389993473","potions_obtained":[{"floor":14,"key":"Regen Potion"},{"floor":20,"key":"Swift Potion"}],"is_trial":false,"path_per_floor":["M","M","M","$","?","R","?","R","T","R","E","?","?","E","R","B",null,"M","?","M","$","M","R","E"],"character_chosen":"DEFECT","items_purchased":["Capacitor","Oddly Smooth Stone","Consume","Self Repair","Bandage Up"],"campfire_rested":1,"item_purchase_floors":[4,21,21,21,21],"current_hp_per_floor":[68,68,68,68,68,68,68,68,68,68,34,34,34,17,52,46,63,50,50,57,57,48,48,0],"gold":35,"neow_bonus":"UPGRADE_CARD","is_prod":false,"is_daily":false,"chose_seed":false,"campfire_upgraded":4,"win_rate":0,"timestamp":1548742311,"path_taken":["M","M","M","$","?","R","?","R","T","R","E","?","?","E","R","BOSS","M","?","M","$","M","R","E"],"build_version":"2019-01-23","purchased_purges":1,"victory":false,"max_hp_per_floor":[75,75,75,75,75,75,75,75,75,75,75,69,69,69,69,69,69,69,69,69,69,69,69,69],"card_choices":[{"not_picked":["Ball Lightning","Sweeping Beam"],"picked":"Cold Snap","floor":1},{"not_picked":["Force Field","Doom and Gloom"],"picked":"Ball Lightning","floor":2},{"not_picked":["Rip and Tear","Beam Cell"],"picked":"Hologram","floor":3},{"not_picked":["FTL","Darkness"],"picked":"Glacier","floor":11},{"not_picked":["Rainbow","Leap"],"picked":"Undo","floor":14},{"not_picked":["Rainbow","Thunder Strike"],"picked":"Amplify","floor":16},{"not_picked":["Compile Driver+1","Redo"],"picked":"BootSequence","floor":18},{"not_picked":["Lockon","Darkness+1"],"picked":"Streamline","floor":20},{"not_picked":["Chaos","Leap"],"picked":"Steam+1","floor":22}],"player_experience":283337,"relics_obtained":[{"floor":11,"key":"Regal Pillow"},{"floor":14,"key":"PreservedInsect"}],"event_choices":[{"cards_removed":["Strike_B"],"damage_healed":0,"gold_gain":0,"player_choice":"Card Removal","damage_taken":0,"max_hp_gain":0,"max_hp_loss":0,"event_name":"The Cleric","floor":5,"gold_loss":50},{"damage_healed":0,"gold_gain":175,"player_choice":"AGREE","damage_taken":0,"max_hp_gain":0,"max_hp_loss":0,"event_name":"Liars Game","floor":7,"gold_loss":0,"cards_obtained":["Doubt"]},{"damage_healed":0,"gold_gain":0,"player_choice":"Lose Max HP","damage_taken":0,"relics_obtained":["Golden Idol"],"max_hp_gain":0,"max_hp_loss":6,"event_name":"Golden Idol","floor":12,"gold_loss":0},{"damage_healed":0,"gold_gain":30,"player_choice":"Searched \u00271\u0027 times","damage_taken":0,"max_hp_gain":0,"max_hp_loss":0,"event_name":"Dead Adventurer","floor":13,"gold_loss":0},{"damage_healed":0,"gold_gain":0,"cards_transformed":["Strike_B"],"player_choice":"Transformed","damage_taken":0,"max_hp_gain":0,"max_hp_loss":0,"event_name":"Transmorgrifier","floor":19,"gold_loss":0,"cards_obtained":["Reinforced Body"]}],"is_beta":true,"boss_relics":[{"not_picked":["Snecko Eye","Fusion Hammer"],"picked":"Black Star"}],"items_purged_floors":[21],"is_endless":false,"potions_floor_spawned":[14,20],"killed_by":"Gremlin Leader","ascension_level":6}