{"gold_per_floor":[116,134,11,22,22,22,40,52,75,91,111,111,111,286,286,286],"floor_reached":16,"playtime":582,"items_purged":["Strike_R"],"score":94,"play_id":"cc74caed-f5fd-4e71-b2ae-76cf47e646a5","local_time":"20190129042555","is_ascension_mode":false,"campfire_choices":[{"data":"Flex","floor":6,"key":"SMITH"},{"floor":13,"key":"REST"},{"floor":15,"key":"REST"}],"neow_cost":"NONE","seed_source_timestamp":163647142290322,"circlet_count":0,"master_deck":["Strike_R","Strike_R","Strike_R","Strike_R","Defend_R","Defend_R","Defend_R+1","Defend_R","Bash","Juggernaut","Clothesline","Flex+1","Clothesline","Limit Break+1","Rupture","Heavy Blade"],"relics":["Burning Blood","War Paint","Omamori"],"potions_floor_usage":[11,16],"damage_taken":[{"damage":3,"enemies":"Small Slimes","floor":1,"turns":4},{"damage":4,"enemies":"2 Louse","floor":2,"turns":4},{"damage":17,"enemies":"Jaw Worm","floor":4,"turns":4},{"damage":26,"enemies":"Exordium Thugs","floor":7,"turns":5},{"damage":20,"enemies":"Exordium Wildlife","floor":8,"turns":4},{"damage":17,"enemies":"2 Fungi Beasts","floor":10,"turns":3},{"damage":14,"enemies":"Lots of Slimes","floor":11,"turns":7},{"damage":69,"enemies":"Slime Boss","floor":16,"turns":12}],"seed_played":"-1417079085473897479","potions_obtained":[{"floor":4,"key":"BloodPotion"},{"floor":10,"key":"PowerPotion"},{"floor":11,"key":"Swift Potion"}],"is_trial":false,"path_per_floor":["M","M","$","M","?","R","M","M","T","M","M","?","R","?","R","B"],"character_chosen":"IRONCLAD","items_purchased":["Flex"],"campfire_rested":2,"item_purchase_floors":[3],"current_hp_per_floor":[80,80,80,69,74,74,54,40,40,29,21,9,34,34,59,0],"gold":286,"neow_bonus":"ONE_RANDOM_RARE_CARD","is_prod":false,"is_daily":false,"chose_seed":false,"campfire_upgraded":1,"win_rate":0,"timestamp":1548764755,"path_taken":["M","M","$","M","?","R","M","M","T","M","M","?","R","?","R","BOSS"],"build_version":"2019-01-23","purchased_purges":1,"victory":false,"max_hp_per_floor":[80,80,80,80,85,85,85,85,85,85,85,85,85,85,85,85],"card_choices":[{"not_picked":["Anger","Feel No Pain","Thunderclap"],"picked":"SKIP","floor":1},{"not_picked":["Headbutt","Iron Wave"],"picked":"Clothesline","floor":2},{"not_picked":["Perfected Strike","True Grit"],"picked":"Clothesline","floor":4},{"not_picked":["Anger","Power Through"],"picked":"Limit Break","floor":7},{"not_picked":["Sentinel","Shrug It Off","Rampage"],"picked":"SKIP","floor":8},{"not_picked":["Headbutt","Intimidate"],"picked":"Rupture","floor":10},{"not_picked":["Armaments","Sword Boomerang"],"picked":"Heavy Blade","floor":11}],"player_experience":216498,"relics_obtained":[{"floor":9,"key":"War Paint"}],"event_choices":[{"damage_healed":0,"gold_gain":0,"player_choice":"Donut","damage_taken":0,"max_hp_gain":5,"max_hp_loss":0,"event_name":"Big Fish","floor":5,"gold_loss":0},{"damage_healed":0,"gold_gain":0,"player_choice":"Success","damage_taken":12,"relics_obtained":["Omamori"],"max_hp_gain":0,"max_hp_loss":0,"event_name":"Scrap Ooze","floor":12,"gold_loss":0},{"damage_healed":0,"gold_gain":175,"player_choice":"AGREE","damage_taken":0,"max_hp_gain":0,"max_hp_loss":0,"event_name":"Liars Game","floor":14,"gold_loss":0,"cards_obtained":["Doubt"]}],"is_beta":false,"boss_relics":[],"items_purged_floors":[3],"is_endless":false,"potions_floor_spawned":[4,10,11],"killed_by":"Slime Boss","ascension_level":0}