{"gold_per_floor":[118,134,153,172,172,172,192,223,250,261,292,62,79,93,93,197,197,215,232,232,244,244],"floor_reached":22,"playtime":990,"items_purged":[],"score":222,"play_id":"cd7b032d-5062-46d0-b6d6-df7288c56257","local_time":"20190318033042","is_ascension_mode":true,"campfire_choices":[{"data":"Backstab","floor":6,"key":"SMITH"},{"floor":15,"key":"REST"}],"neow_cost":"NONE","seed_source_timestamp":153777524593644,"circlet_count":0,"master_deck":["Defend_G","Defend_G","Defend_G","Defend_G","Defend_G","Strike_G","Strike_G","Strike_G","Strike_G","Survivor","Neutralize","Dagger Throw","Cloak And Dagger","Backstab+1","Poisoned Stab","Leg Sweep","Burst","Dash","Noxious Fumes","Crippling Poison","Catalyst","Underhanded Strike+1"],"relics":["Ring of the Snake","NeowsBlessing","Bronze Scales","Potion Belt","Snake Skull","Black Star","GremlinMask"],"potions_floor_usage":[11,11,16,16,18],"damage_taken":[{"damage":0,"enemies":"Jaw Worm","floor":1,"turns":1},{"damage":0,"enemies":"Cultist","floor":2,"turns":1},{"damage":0,"enemies":"Small Slimes","floor":3,"turns":1},{"damage":27,"enemies":"Gremlin Gang","floor":4,"turns":7},{"damage":0,"enemies":"3 Louse","floor":7,"turns":2},{"damage":16,"enemies":"Lagavulin","floor":8,"turns":9},{"damage":2,"enemies":"Exordium Thugs","floor":10,"turns":4},{"damage":19,"enemies":"Gremlin Nob","floor":11,"turns":5},{"damage":0,"enemies":"2 Fungi Beasts","floor":13,"turns":3},{"damage":0,"enemies":"3 Louse","floor":14,"turns":2},{"damage":17,"enemies":"The Guardian","floor":16,"turns":9},{"damage":9,"enemies":"Shell Parasite","floor":18,"turns":9},{"damage":17,"enemies":"Chosen","floor":19,"turns":5},{"damage":26,"enemies":"Shelled Parasite and Fungi","floor":21,"turns":5},{"damage":18,"enemies":"Centurion and Healer","floor":22,"turns":5}],"seed_played":"8800431442941531958","potions_obtained":[{"floor":1,"key":"Explosive Potion"},{"floor":4,"key":"Block Potion"},{"floor":8,"key":"Weak Potion"},{"floor":11,"key":"SkillPotion"},{"floor":13,"key":"PowerPotion"},{"floor":16,"key":"PowerPotion"}],"is_trial":false,"path_per_floor":["M","M","M","M","?","R","M","E","T","M","E","$","M","M","R","B",null,"M","M","?","M","M"],"character_chosen":"THE_SILENT","items_purchased":["Snake Skull","Dash"],"campfire_rested":1,"item_purchase_floors":[12,12],"current_hp_per_floor":[70,70,70,43,43,43,43,27,27,25,6,6,6,6,27,10,70,61,44,44,18,0],"gold":244,"neow_bonus":"THREE_ENEMY_KILL","is_prod":false,"is_daily":false,"chose_seed":false,"campfire_upgraded":1,"win_rate":0,"timestamp":1552905042,"path_taken":["M","M","M","M","?","R","M","E","T","M","E","$","M","?","R","BOSS","M","M","?","M","M"],"build_version":"2019-01-23","purchased_purges":0,"victory":false,"max_hp_per_floor":[70,70,70,70,70,70,70,70,70,70,70,70,70,70,70,70,70,70,70,70,70,70],"card_choices":[{"not_picked":["Caltrops","Flying Knee","Slice"],"picked":"SKIP","floor":1},{"not_picked":["Prepared","Footwork"],"picked":"Dagger Throw","floor":2},{"not_picked":["Sucker Punch","Bane"],"picked":"Cloak And Dagger","floor":3},{"not_picked":["Accuracy","Catalyst"],"picked":"Backstab","floor":4},{"not_picked":["Terror","Noxious Fumes"],"picked":"Leg Sweep","floor":7},{"not_picked":["Predator","Deflect","Skewer"],"picked":"SKIP","floor":8},{"not_picked":["Footwork","Flechettes","Caltrops"],"picked":"SKIP","floor":10},{"not_picked":["Reflex","Outmaneuver"],"picked":"Burst","floor":11},{"not_picked":["Tactician","Calculated Gamble"],"picked":"Noxious Fumes","floor":13},{"not_picked":["Quick Slash","Distraction"],"picked":"Crippling Poison","floor":14},{"not_picked":["Sucker Punch","Backflip"],"picked":"Catalyst","floor":18},{"not_picked":["Acrobatics","Poisoned Stab"],"picked":"Underhanded Strike+1","floor":19},{"not_picked":["Deflect","Sucker Punch","Endless Agony"],"picked":"SKIP","floor":21}],"player_experience":350876,"relics_obtained":[{"floor":8,"key":"Bronze Scales"},{"floor":11,"key":"Potion Belt"}],"event_choices":[{"damage_healed":0,"gold_gain":0,"cards_transformed":["Strike_G"],"player_choice":"Transformed","damage_taken":0,"max_hp_gain":0,"max_hp_loss":0,"event_name":"Transmorgrifier","floor":5,"gold_loss":0,"cards_obtained":["Poisoned Stab"]},{"damage_healed":0,"gold_gain":0,"player_choice":"Trade","damage_taken":0,"relics_obtained":["GremlinMask"],"max_hp_gain":0,"max_hp_loss":0,"event_name":"FaceTrader","floor":20,"gold_loss":0}],"is_beta":false,"boss_relics":[{"not_picked":["Pandora\u0027s Box","Cursed Key"],"picked":"Black Star"}],"items_purged_floors":[],"is_endless":false,"potions_floor_spawned":[1,4,8,11,13,16],"killed_by":"Centurion and Healer","ascension_level":2}