{"gold_per_floor":[109,109,109,129,146,146,171,186,255,255,290,68,103,117,117,219,219,235,32,32,43,43,74,94,94,94,94,112,112,112,144,144,243,243,263,274,274,274,287,319,319,337,362,394,414,7,39,59,59,59,59,59,13,45,45],"floor_reached":56,"playtime":6423,"items_purged":["Strike_G","Parasite"],"score":1345,"play_id":"016e1d7f-3070-497a-a815-93140e4ae7a6","local_time":"20190318172357","is_ascension_mode":true,"campfire_choices":[{"data":"Neutralize","floor":6.0,"key":"SMITH"},{"data":"Malaise","floor":10.0,"key":"SMITH"},{"floor":15.0,"key":"REST"},{"data":"After Image","floor":25.0,"key":"SMITH"},{"data":"Catalyst","floor":27.0,"key":"SMITH"},{"floor":29.0,"key":"REST"},{"data":"Crippling Poison","floor":32.0,"key":"SMITH"},{"floor":41.0,"key":"RECALL"},{"data":"Adrenaline","floor":49.0,"key":"SMITH"},{"data":"After Image","floor":52.0,"key":"SMITH"}],"neow_cost":"NONE","seed_source_timestamp":428915437400,"circlet_count":0,"master_deck":["Defend_G","Defend_G","Defend_G","Defend_G","Defend_G","Survivor","Neutralize+1","Bouncing Flask","Deep Breath","Flying Knee+1","Calculated Gamble","Malaise+1","Underhanded Strike+1","PiercingWail","Crippling Poison+1","Poisoned Stab","After Image+1","Sucker Punch+1","Well Laid Plans+1","Catalyst+1","Quick Slash+1","Poisoned Stab","Bite","Bite","Bite","Bite","Corpse Explosion","After Image+1","Infinite Blades+1","Heel Hook+1","After Image+1","Deflect","Endless Agony+1","Adrenaline+1","Flying Knee+1","Dodge and Roll","Tools of the Trade"],"special_seed":0,"relics":["Ring of the Snake","Juzu Bracelet","Peace Pipe","Centennial Puzzle","Happy Flower","Incense Burner","Black Star","TwistedFunnel","Potion Belt","Bag of Marbles","Vajra","Pocketwatch","Ice Cream","Philosopher\u0027s Stone","Lantern","Bottled Flame","Boot","Molten Egg 2","Whetstone","Ginger","Bottled Lightning","Ninja Scroll","Ornamental Fan","Dodecahedron"],"potions_floor_usage":[55],"damage_taken":[{"damage":2.0,"enemies":"Small Slimes","floor":1.0,"turns":4.0},{"damage":5.0,"enemies":"Cultist","floor":4.0,"turns":4.0},{"damage":0.0,"enemies":"Jaw Worm","floor":5.0,"turns":3.0},{"damage":13.0,"enemies":"Lagavulin","floor":7.0,"turns":5.0},{"damage":2.0,"enemies":"Blue Slaver","floor":8.0,"turns":5.0},{"damage":3.0,"enemies":"Gremlin Nob","floor":11.0,"turns":4.0},{"damage":12.0,"enemies":"Lagavulin","floor":13.0,"turns":5.0},{"damage":7.0,"enemies":"Large Slime","floor":14.0,"turns":6.0},{"damage":14.0,"enemies":"The Guardian","floor":16.0,"turns":9.0},{"damage":2.0,"enemies":"3 Byrds","floor":18.0,"turns":5.0},{"damage":4.0,"enemies":"Spheric Guardian","floor":21.0,"turns":4.0},{"damage":13.0,"enemies":"Book of Stabbing","floor":23.0,"turns":7.0},{"damage":16.0,"enemies":"Shelled Parasite and Fungi","floor":24.0,"turns":5.0},{"damage":0.0,"enemies":"3 Cultists","floor":28.0,"turns":5.0},{"damage":1.0,"enemies":"Gremlin Leader","floor":31.0,"turns":8.0},{"damage":50.0,"enemies":"Collector","floor":33.0,"turns":8.0},{"damage":0.0,"enemies":"3 Shapes","floor":35.0,"turns":2.0},{"damage":0.0,"enemies":"3 Darklings","floor":36.0,"turns":5.0},{"damage":8.0,"enemies":"Spire Growth","floor":39.0,"turns":5.0},{"damage":27.0,"enemies":"Nemesis","floor":40.0,"turns":7.0},{"damage":0.0,"enemies":"Writhing Mass","floor":42.0,"turns":7.0},{"damage":3.0,"enemies":"Giant Head","floor":44.0,"turns":9.0},{"damage":0.0,"enemies":"Transient","floor":45.0,"turns":5.0},{"damage":23.0,"enemies":"Reptomancer","floor":47.0,"turns":6.0},{"damage":0.0,"enemies":"3 Darklings","floor":48.0,"turns":4.0},{"damage":38.0,"enemies":"Time Eater","floor":50.0,"turns":12.0},{"damage":11,"enemies":"Shield and Spear","floor":54,"turns":7},{"damage":47,"enemies":"The Heart","floor":55,"turns":11}],"seed_played":"8623899630578876263","potions_obtained":[{"floor":5.0,"key":"Energy Potion"},{"floor":7.0,"key":"GhostInAJar"},{"floor":14.0,"key":"Weak Potion"},{"floor":16.0,"key":"Fire Potion"},{"floor":18.0,"key":"Energy Potion"},{"floor":33.0,"key":"Swift Potion"},{"floor":35.0,"key":"SteroidPotion"},{"floor":42.0,"key":"Energy Potion"},{"floor":48.0,"key":"Strength Potion"}],"is_trial":false,"path_per_floor":["M","?","?","M","M","R","E","M","T","R","E","$","E","M","R","B",null,"M","$","?","M","$","E","M","R","T","R","M","R","?","E","R","B",null,"M","M","?","?","M","E","R","M","T","E","M","$","E","M","R","B",null,"R","$","E","B",null],"character_chosen":"THE_SILENT","items_purchased":["Happy Flower","TwistedFunnel","Ginger","Dodge and Roll"],"campfire_rested":2,"item_purchase_floors":[12,19,46,53],"current_hp_per_floor":[68,68,68,63,63,63,50,48,48,48,45,45,33,26,47,33,70,68,68,55,51,51,38,22,22,22,22,22,44,44,52,52,10,52,52,52,52,52,52,33,33,47,47,52,52,49,32,36,36,20,49,49,49,44,13],"gold":45,"neow_bonus":"RANDOM_COMMON_RELIC","is_prod":false,"is_daily":false,"chose_seed":false,"campfire_upgraded":7,"win_rate":1,"timestamp":1552910037,"path_taken":["M","?","?","M","M","R","E","M","T","R","E","?","E","M","R","BOSS","M","?","?","M","$","E","M","R","T","R","M","R","?","E","R","BOSS","M","M","?","?","M","E","R","M","T","E","M","$","E","M","R","BOSS","R","$","E","BOSS"],"build_version":"2019-01-23","purchased_purges":2,"victory":true,"max_hp_per_floor":[70,70,70,70,70,70,70,70,70,70,70,70,70,70,70,70,70,70,70,75,75,75,75,75,75,75,75,75,75,52,52,52,52,52,52,52,52,52,52,52,52,52,52,52,52,49,49,49,49,49,49,49,49,49,49],"card_choices":[{"not_picked":["Slice","Outmaneuver"],"picked":"Bouncing Flask","floor":1.0},{"not_picked":["Acrobatics","Dagger Spray"],"picked":"Flying Knee","floor":4.0},{"not_picked":["Outmaneuver","Underhanded Strike"],"picked":"Calculated Gamble","floor":5.0},{"not_picked":["Dodge and Roll","Dagger Spray"],"picked":"Malaise","floor":7.0},{"not_picked":["Slice","Dagger Spray"],"picked":"Underhanded Strike","floor":8.0},{"not_picked":["All Out Attack","Corpse Explosion"],"picked":"PiercingWail","floor":11.0},{"not_picked":["Choke","Dagger Throw"],"picked":"Crippling Poison","floor":13.0},{"not_picked":["Crippling Poison","Deflect"],"picked":"Poisoned Stab","floor":14.0},{"not_picked":["Venomology","Phantasmal Killer"],"picked":"After Image","floor":16.0},{"not_picked":["Prepared","Escape Plan"],"picked":"Sucker Punch+1","floor":18.0},{"not_picked":["Crippling Poison","Masterful Stab"],"picked":"Well Laid Plans+1","floor":21.0},{"not_picked":["Flechettes","Expertise"],"picked":"Catalyst","floor":23.0},{"not_picked":["Prepared","Dodge and Roll+1"],"picked":"Quick Slash+1","floor":24.0},{"not_picked":["Sucker Punch","Slice"],"picked":"Poisoned Stab","floor":28.0},{"not_picked":["Deadly Poison","Flechettes"],"picked":"Corpse Explosion","floor":31.0},{"not_picked":["A Thousand Cuts","Phantasmal Killer"],"picked":"After Image","floor":33.0},{"not_picked":["Crippling Poison","All Out Attack"],"picked":"Infinite Blades+1","floor":35.0},{"not_picked":["Terror+1","PiercingWail"],"picked":"Heel Hook+1","floor":36.0},{"not_picked":["Quick Slash+1","Backflip","Slice+1"],"picked":"SKIP","floor":39.0},{"not_picked":["PiercingWail","Bane+1"],"picked":"Deflect","floor":40.0},{"not_picked":["Underhanded Strike","Dodge and Roll","Distraction"],"picked":"SKIP","floor":42.0},{"not_picked":["Riddle With Holes+1","Eviscerate+1","Blade Dance"],"picked":"SKIP","floor":44.0},{"not_picked":["Backflip","Deadly Poison+1"],"picked":"Endless Agony+1","floor":45.0},{"not_picked":["Catalyst","Deflect"],"picked":"Adrenaline","floor":47.0},{"not_picked":["Dagger Spray+1","Slice+1"],"picked":"Flying Knee+1","floor":48.0},{"not_picked":["Heel Hook+1","Flying Knee+1"],"picked":"Tools of the Trade","floor":54}],"player_experience":37063,"relics_obtained":[{"floor":7.0,"key":"Peace Pipe"},{"floor":11.0,"key":"Centennial Puzzle"},{"floor":13.0,"key":"Incense Burner"},{"floor":23.0,"key":"Potion Belt"},{"floor":23.0,"key":"Bag of Marbles"},{"floor":26.0,"key":"Vajra"},{"floor":31.0,"key":"Pocketwatch"},{"floor":31.0,"key":"Ice Cream"},{"floor":40.0,"key":"Lantern"},{"floor":40.0,"key":"Bottled Flame"},{"floor":43.0,"key":"Boot"},{"floor":44.0,"key":"Molten Egg 2"},{"floor":44.0,"key":"Whetstone"},{"floor":47.0,"key":"Bottled Lightning"},{"floor":47.0,"key":"Ninja Scroll"},{"floor":54,"key":"Ornamental Fan"},{"floor":54,"key":"Dodecahedron"}],"event_choices":[{"cards_removed":["Strike_G"],"damage_healed":0.0,"max_hp_gain":0.0,"max_hp_loss":0.0,"gold_gain":0.0,"event_name":"Bonfire Elementals","player_choice":"Offered Basic","floor":2.0,"gold_loss":0.0,"damage_taken":0.0},{"damage_healed":0.0,"max_hp_gain":0.0,"max_hp_loss":0.0,"gold_gain":0.0,"event_name":"Match and Keep!","player_choice":"1 cards matched","floor":3.0,"gold_loss":0.0,"damage_taken":0.0,"cards_obtained":["Deep Breath"]},{"damage_healed":0.0,"max_hp_gain":5.0,"max_hp_loss":0.0,"gold_gain":0.0,"event_name":"Forgotten Altar","player_choice":"Shed Blood","floor":20.0,"gold_loss":0.0,"damage_taken":18.0},{"damage_healed":0.0,"max_hp_gain":0.0,"max_hp_loss":23.0,"gold_gain":0.0,"event_name":"Vampires","player_choice":"Became a vampire","floor":30.0,"gold_loss":0.0,"damage_taken":0.0,"cards_obtained":["Bite","Bite","Bite","Bite","Bite"]},{"damage_healed":0.0,"max_hp_gain":0.0,"max_hp_loss":0.0,"gold_gain":0.0,"event_name":"Duplicator","player_choice":"Copied","floor":37.0,"gold_loss":0.0,"damage_taken":0.0,"cards_obtained":["After Image"]},{"cards_removed":["Bite"],"damage_healed":0.0,"max_hp_gain":0.0,"max_hp_loss":0.0,"gold_gain":0.0,"event_name":"Falling","player_choice":"Removed Attack","floor":38.0,"gold_loss":0.0,"damage_taken":0.0}],"is_beta":false,"boss_relics":[{"not_picked":["Astrolabe","Calling Bell"],"picked":"Black Star"},{"not_picked":["Runic Pyramid","White Beast Statue"],"picked":"Philosopher\u0027s Stone"}],"items_purged_floors":[12,46],"is_endless":false,"potions_floor_spawned":[5,7,14,16,18,21,33,35,42,48],"ascension_level":1}