{"gold_per_floor":[114,133,148,165,165,165,188,213,213,213,224,224,244,244,244,323,323,334,348,348,365,384,384,401,426,449,462,462,462,491,491,491,570,570,584,11,31,43,93,93,113,113,139,153,163,198,198,232,232,232,232,232,106,137,137],"floor_reached":56,"playtime":3683,"items_purged":["Strike_R","Strike_R"],"score":2484,"play_id":"8ec745d3-700b-4033-b101-acc6b6041f2d","local_time":"20190318185052","is_ascension_mode":true,"campfire_choices":[{"data":"Bash","floor":6,"key":"SMITH"},{"data":"Flame Barrier","floor":10,"key":"SMITH"},{"data":"Dark Embrace","floor":12,"key":"SMITH"},{"data":"Burning Pact","floor":15,"key":"SMITH"},{"data":"Corruption","floor":23,"key":"SMITH"},{"data":"Body Slam","floor":29,"key":"SMITH"},{"data":"Corruption","floor":32,"key":"SMITH"},{"floor":40,"key":"RECALL"},{"data":"True Grit","floor":42,"key":"SMITH"},{"data":"True Grit","floor":47,"key":"SMITH"},{"data":"Barricade","floor":49,"key":"SMITH"},{"data":"Feel No Pain","floor":52,"key":"SMITH"}],"neow_cost":"NONE","seed_source_timestamp":32972841126860,"circlet_count":0,"master_deck":["AscendersBane","Strike_R+1","Strike_R","Defend_R","Defend_R+1","Defend_R","Defend_R","Bash+1","Burning Pact+1","Sentinel+1","Pommel Strike","Dark Embrace+1","Pommel Strike","Flame Barrier+1","Reaper+1","Havoc+1","Barricade+1","Shrug It Off","Corruption+1","Shrug It Off","True Grit+1","True Grit+1","Body Slam+1","Corruption+1","Impervious+1","Body Slam+1","Feel No Pain+1","Finesse","Ghostly Armor","Shrug It Off"],"relics":["Burning Blood","Oddly Smooth Stone","Odd Mushroom","FossilizedHelix","Dead Branch","Sozu","Letter Opener","Whetstone","Anchor","Molten Egg 2","Busted Crown","War Paint","Ancient Tea Set","Art of War","Juzu Bracelet","Happy Flower"],"potions_floor_usage":[4,7,8,11,19],"damage_taken":[{"damage":6,"enemies":"Small Slimes","floor":1,"turns":3},{"damage":3,"enemies":"2 Louse","floor":2,"turns":4},{"damage":0,"enemies":"Cultist","floor":3,"turns":3},{"damage":1,"enemies":"3 Louse","floor":4,"turns":3},{"damage":24,"enemies":"The Mushroom Lair","floor":7,"turns":4},{"damage":28,"enemies":"Gremlin Nob","floor":8,"turns":4},{"damage":0,"enemies":"Red Slaver","floor":11,"turns":4},{"damage":0,"enemies":"Blue Slaver","floor":13,"turns":5},{"damage":17,"enemies":"The Guardian","floor":16,"turns":13},{"damage":6,"enemies":"2 Thieves","floor":18,"turns":5},{"damage":0,"enemies":"3 Byrds","floor":19,"turns":5},{"damage":0,"enemies":"Cultist and Chosen","floor":21,"turns":6},{"damage":0,"enemies":"Sentry and Sphere","floor":22,"turns":3},{"damage":0,"enemies":"Centurion and Healer","floor":24,"turns":5},{"damage":0,"enemies":"Gremlin Leader","floor":25,"turns":4},{"damage":0,"enemies":"Snecko","floor":27,"turns":2},{"damage":0,"enemies":"Slavers","floor":30,"turns":4},{"damage":47,"enemies":"Collector","floor":33,"turns":6},{"damage":0,"enemies":"3 Darklings","floor":35,"turns":3},{"damage":0,"enemies":"Orb Walker","floor":37,"turns":4},{"damage":0,"enemies":"Sphere and 2 Shapes","floor":38,"turns":4},{"damage":0,"enemies":"Spire Growth","floor":41,"turns":1},{"damage":0,"enemies":"4 Shapes","floor":44,"turns":1},{"damage":0,"enemies":"Jaw Worm Horde","floor":45,"turns":2},{"damage":0,"enemies":"Nemesis","floor":46,"turns":3},{"damage":0,"enemies":"Reptomancer","floor":48,"turns":2},{"damage":0,"enemies":"Donu and Deca","floor":50,"turns":4},{"damage":49,"enemies":"Shield and Spear","floor":54,"turns":5},{"damage":6,"enemies":"The Heart","floor":55,"turns":5}],"seed_played":"946664484599377242","potions_obtained":[{"floor":3,"key":"Explosive Potion"},{"floor":4,"key":"AttackPotion"},{"floor":7,"key":"FearPotion"},{"floor":8,"key":"Strength Potion"},{"floor":13,"key":"FairyPotion"},{"floor":16,"key":"Swift Potion"}],"is_trial":false,"path_per_floor":["M","M","M","M","?","R","?","E","T","R","M","R","M","?","R","B",null,"M","M","?","M","M","R","M","E","T","M","?","R","E","?","R","B",null,"M","$","M","M","?","R","M","R","T","M","M","E","R","E","R","B",null,"R","$","E","B",null],"character_chosen":"IRONCLAD","items_purchased":["Feel No Pain","War Paint","Finesse","Ancient Tea Set","Shrug It Off"],"campfire_rested":0,"item_purchase_floors":[36,36,36,36,53],"current_hp_per_floor":[68,71,75,75,75,75,57,35,35,35,41,41,47,47,47,42,67,67,75,75,75,75,75,75,75,75,75,75,75,75,75,75,34,65,75,75,75,75,75,75,75,75,75,75,75,75,75,75,75,75,75,75,75,44,44],"gold":137,"neow_bonus":"RANDOM_COMMON_RELIC","is_prod":false,"is_daily":false,"chose_seed":false,"campfire_upgraded":11,"win_rate":0,"timestamp":1552949452,"path_taken":["M","M","M","M","?","R","?","E","T","R","M","R","M","?","R","BOSS","M","?","?","?","M","R","M","E","T","M","?","R","E","?","R","BOSS","M","$","?","M","?","R","M","R","T","M","M","E","R","E","R","BOSS","R","$","E","BOSS"],"build_version":"2019-03-15","purchased_purges":2,"victory":true,"max_hp_per_floor":[75,75,75,75,75,75,75,75,75,75,75,75,75,75,75,75,75,75,75,75,75,75,75,75,75,75,75,75,75,75,75,75,75,75,75,75,75,75,75,75,75,75,75,75,75,75,75,75,75,75,75,75,75,75,75],"card_choices":[{"not_picked":["Wild Strike","Warcry"],"picked":"Burning Pact","floor":1},{"not_picked":["Power Through","Combust"],"picked":"Sentinel","floor":2},{"not_picked":["Iron Wave","Heavy Blade"],"picked":"Pommel Strike","floor":3},{"not_picked":["Sword Boomerang","Body Slam"],"picked":"Dark Embrace","floor":4},{"not_picked":["Heavy Blade","Blood for Blood"],"picked":"Pommel Strike","floor":7},{"not_picked":["Havoc","Twin Strike"],"picked":"Flame Barrier","floor":8},{"not_picked":["Metallicize","Armaments"],"picked":"Reaper","floor":11},{"not_picked":["Thunderclap","Clash"],"picked":"Havoc","floor":13},{"not_picked":["Exhume","Demon Form"],"picked":"Barricade","floor":16},{"not_picked":["Clothesline","Cleave"],"picked":"Shrug It Off","floor":18},{"not_picked":["Clothesline","Twin Strike"],"picked":"Corruption","floor":19},{"not_picked":["Pommel Strike","Heavy Blade","Clash"],"picked":"SKIP","floor":21},{"not_picked":["Clash","Twin Strike"],"picked":"Shrug It Off","floor":22},{"not_picked":["Twin Strike","Perfected Strike"],"picked":"True Grit","floor":24},{"not_picked":["Pummel","Dark Embrace"],"picked":"True Grit","floor":25},{"not_picked":["Infernal Blade","Shrug It Off"],"picked":"Body Slam","floor":27},{"not_picked":["Intimidate","Power Through"],"picked":"Corruption","floor":30},{"not_picked":["Brutality","Exhume"],"picked":"Impervious","floor":33},{"not_picked":[],"picked":"Body Slam+1","floor":35},{"not_picked":["Thunderclap+1"],"picked":"SKIP","floor":37},{"not_picked":[],"picked":"Ghostly Armor","floor":38},{"not_picked":["Clash+1"],"picked":"SKIP","floor":41},{"not_picked":["Blood for Blood+1"],"picked":"SKIP","floor":44},{"not_picked":["Shockwave"],"picked":"SKIP","floor":45},{"not_picked":["Power Through+1"],"picked":"SKIP","floor":46},{"not_picked":["Flex"],"picked":"SKIP","floor":48},{"not_picked":["Clothesline+1"],"picked":"SKIP","floor":54}],"player_experience":579526,"relics_obtained":[{"floor":7,"key":"Odd Mushroom"},{"floor":8,"key":"FossilizedHelix"},{"floor":9,"key":"Dead Branch"},{"floor":25,"key":"Letter Opener"},{"floor":26,"key":"Whetstone"},{"floor":30,"key":"Anchor"},{"floor":46,"key":"Art of War"},{"floor":48,"key":"Juzu Bracelet"},{"floor":54,"key":"Happy Flower"}],"event_choices":[{"damage_healed":0,"gold_gain":0,"player_choice":"Grow","damage_taken":0,"max_hp_gain":0,"max_hp_loss":0,"event_name":"Living Wall","floor":5,"gold_loss":0,"cards_upgraded":["Sentinel"]},{"damage_healed":0,"gold_gain":0,"player_choice":"Fought Mushrooms","damage_taken":0,"max_hp_gain":0,"max_hp_loss":0,"event_name":"Mushrooms","floor":7,"gold_loss":0},{"damage_healed":0,"gold_gain":0,"player_choice":"Upgraded","damage_taken":0,"max_hp_gain":0,"max_hp_loss":0,"event_name":"Upgrade Shrine","floor":14,"gold_loss":0,"cards_upgraded":["Havoc"]},{"cards_removed":["Strike_R"],"damage_healed":0,"gold_gain":0,"player_choice":"Purged","damage_taken":0,"max_hp_gain":0,"max_hp_loss":0,"event_name":"Purifier","floor":20,"gold_loss":0},{"damage_healed":0,"gold_gain":0,"player_choice":"Ignored","damage_taken":0,"max_hp_gain":0,"max_hp_loss":0,"event_name":"The Mausoleum","floor":28,"gold_loss":0},{"damage_healed":0,"gold_gain":0,"player_choice":"Gave Potion","damage_taken":0,"relics_obtained":["Molten Egg 2"],"max_hp_gain":0,"max_hp_loss":0,"event_name":"WeMeetAgain","floor":31,"gold_loss":0},{"damage_healed":0,"gold_gain":50,"player_choice":"Pray","damage_taken":0,"max_hp_gain":0,"max_hp_loss":0,"event_name":"Golden Shrine","floor":39,"gold_loss":0}],"is_beta":true,"boss_relics":[{"not_picked":["Runic Pyramid","Runic Dome"],"picked":"Sozu"},{"not_picked":["Orrery","Coffee Dripper"],"picked":"Busted Crown"}],"items_purged_floors":[36,53],"is_endless":false,"potions_floor_spawned":[3,4,7,8,13,16,18,22,33,38,41,46],"ascension_level":18}