{"gold_per_floor":[112,162,182,14,14,14,48,48,101,119,119,134,155,189,189,282,282,297,297],"floor_reached":19,"playtime":575,"items_purged":[],"score":404,"play_id":"ee198482-1630-4fe4-87a7-ef6d17cad5b7","local_time":"20181229124435","is_ascension_mode":true,"campfire_choices":[{"data":"Zap","floor":6,"key":"SMITH"},{"data":"Loop","floor":8,"key":"SMITH"},{"floor":15,"key":"REST"}],"neow_cost":"NONE","seed_source_timestamp":552393700855032,"circlet_count":0,"master_deck":["AscendersBane","Zap+1","Dualcast","Gash","Gash","Loop+1","Defragment+1","Sunder","Amplify","Doom and Gloom","All For One","Hyperbeam","Double Energy","FTL","Aggregate","Tempest","Scrape","Chill","Chill","Conserve Battery"],"special_seed":0,"relics":["Cracked Core","NeowsBlessing","Vajra","Golden Idol","Art of War","Lantern","Blue Candle","Pandora\u0027s Box"],"potions_floor_usage":[12,14,16,19],"damage_taken":[{"damage":0.0,"enemies":"Small Slimes","floor":1.0,"turns":1.0},{"damage":0,"enemies":"Cultist","floor":3,"turns":1},{"damage":0,"enemies":"3 Sentries","floor":7,"turns":1},{"damage":4,"enemies":"Jaw Worm","floor":10,"turns":3},{"damage":13,"enemies":"3 Louse","floor":12,"turns":3},{"damage":6,"enemies":"Looter","floor":13,"turns":3},{"damage":36,"enemies":"Gremlin Nob","floor":14,"turns":4},{"damage":20,"enemies":"Hexaghost","floor":16,"turns":7},{"damage":0,"enemies":"3 Byrds","floor":18,"turns":3},{"damage":16,"enemies":"Colosseum Slavers","floor":19,"turns":4},{"damage":26,"enemies":"Colosseum Nobs","floor":19,"turns":3}],"seed_played":"-1203768228873694127","potions_obtained":[{"floor":3,"key":"Regen Potion"},{"floor":7,"key":"FocusPotion"},{"floor":12,"key":"Dexterity Potion"},{"floor":18,"key":"Weak Potion"}],"is_trial":false,"path_per_floor":["M","M","$","?","R","E","R","T","M","?","M","M","E","R","B",null,"M","?"],"character_chosen":"DEFECT","items_purchased":["Vajra"],"campfire_rested":1,"item_purchase_floors":[4],"current_hp_per_floor":[64,57,57,57,57,57,57,57,57,53,53,49,43,7,26,6,50,50,8],"gold":297,"neow_bonus":"THREE_ENEMY_KILL","is_prod":false,"is_daily":false,"chose_seed":false,"campfire_upgraded":2,"win_rate":0,"timestamp":1546105475,"path_taken":["M","?","?","$","?","R","E","R","T","M","?","M","M","E","R","BOSS","M","?"],"build_version":"2018-12-25","purchased_purges":0,"victory":false,"max_hp_per_floor":[71,71,71,71,64,64,64,64,64,64,64,64,64,64,64,64,64,64,64],"card_choices":[{"not_picked":["Steam","Recycle"],"picked":"Gash","floor":1.0},{"not_picked":["Undo","Go for the Eyes"],"picked":"Gash","floor":3},{"not_picked":["Steam","Amplify"],"picked":"Loop","floor":7},{"not_picked":["Conserve Battery","Steam"],"picked":"Defragment","floor":10},{"not_picked":["Rebound","Beam Cell"],"picked":"Sunder","floor":12},{"not_picked":["Rebound","Beam Cell"],"picked":"Amplify","floor":13},{"not_picked":["Steam","Thunder Strike"],"picked":"Doom and Gloom","floor":14},{"not_picked":["Thunder Strike","Reboot"],"picked":"All For One","floor":16},{"not_picked":["Tempest","Compile Driver"],"picked":"Conserve Battery","floor":18}],"player_experience":920005,"relics_obtained":[{"floor":7,"key":"Art of War"},{"floor":9,"key":"Lantern"},{"floor":14,"key":"Blue Candle"}],"event_choices":[{"damage_healed":0,"gold_gain":50,"player_choice":"Touch","damage_taken":7,"max_hp_gain":0,"max_hp_loss":0,"event_name":"FaceTrader","floor":2,"gold_loss":0},{"damage_healed":0,"gold_gain":0,"player_choice":"Lose Max HP","damage_taken":0,"relics_obtained":["Golden Idol"],"max_hp_gain":0,"max_hp_loss":7,"event_name":"Golden Idol","floor":5,"gold_loss":0},{"damage_healed":0,"gold_gain":0,"player_choice":"Grow","damage_taken":0,"max_hp_gain":0,"max_hp_loss":0,"event_name":"Living Wall","floor":11,"gold_loss":0,"cards_upgraded":["Defragment"]},{"damage_healed":0,"gold_gain":0,"player_choice":"Fight","damage_taken":0,"max_hp_gain":0,"max_hp_loss":0,"event_name":"Colosseum","floor":19,"gold_loss":0},{"damage_healed":0,"gold_gain":0,"player_choice":"Fought Nobs","damage_taken":0,"max_hp_gain":0,"max_hp_loss":0,"event_name":"Colosseum","floor":19,"gold_loss":0}],"is_beta":true,"boss_relics":[{"not_picked":["Empty Cage","Nuclear Battery"],"picked":"Pandora\u0027s Box"}],"items_purged_floors":[],"is_endless":false,"potions_floor_spawned":[3,7,10,12,18],"killed_by":"Colosseum Nobs","ascension_level":20}