{"gold_per_floor":[13,88,18,33,33,62,62,72,72,72,72,82,82],"floor_reached":13,"playtime":501,"items_purged":[],"score":104,"play_id":"ead6b3c3-b2fe-48e7-b9fc-a342ecda5c8e","local_time":"20181208200550","is_ascension_mode":true,"campfire_choices":[{"data":"Cleave","floor":10,"key":"SMITH"}],"neow_cost":"NO_GOLD","seed_source_timestamp":587047654841449,"circlet_count":0,"master_deck":["Strike_R","Strike_R","Strike_R","Strike_R+1","Strike_R","Defend_R","Defend_R","Defend_R","Defend_R","Bash","Jack Of All Trades+1","Purity+1","Cleave+1","Shrug It Off+1","Flex","Havoc","Flex","Entrench","Feel No Pain"],"relics":["Burning Blood","Bag of Marbles","Self Forming Clay"],"potions_floor_usage":[6,6],"damage_taken":[{"damage":4,"enemies":"2 Louse","floor":1,"turns":3},{"damage":7,"enemies":"Jaw Worm","floor":4,"turns":3},{"damage":38,"enemies":"3 Sentries","floor":6,"turns":10},{"damage":0,"enemies":"Cultist","floor":8,"turns":2},{"damage":4,"enemies":"Looter","floor":12,"turns":3},{"damage":43,"enemies":"Lagavulin","floor":13,"turns":6}],"seed_played":"3903102789561583432","potions_obtained":[{"floor":1,"key":"SkillPotion"},{"floor":4,"key":"AttackPotion"}],"is_trial":false,"path_per_floor":["M","?","$","M","?","E","?","M","T","R","?","M","E"],"character_chosen":"IRONCLAD","items_purchased":["Shrug It Off","Flex"],"campfire_rested":0,"item_purchase_floors":[3,3],"current_hp_per_floor":[80,69,69,68,68,36,36,42,42,42,26,28,0],"gold":82,"neow_bonus":"RANDOM_COLORLESS_2","is_prod":false,"is_daily":false,"chose_seed":false,"campfire_upgraded":1,"win_rate":0,"timestamp":1544317550,"path_taken":["M","?","$","M","?","E","?","?","T","R","?","M","E"],"build_version":"2018-12-06","purchased_purges":0,"victory":false,"max_hp_per_floor":[80,80,80,80,80,80,80,80,80,80,80,80,80],"card_choices":[{"not_picked":["Warcry","Twin Strike"],"picked":"Cleave","floor":1},{"not_picked":["Reckless Charge","Hemokinesis"],"picked":"Havoc","floor":4},{"not_picked":["Warcry","Rage"],"picked":"Flex","floor":6},{"not_picked":["Pommel Strike","Corruption"],"picked":"Entrench","floor":8},{"not_picked":["Reckless Charge","Clash"],"picked":"Feel No Pain","floor":12}],"player_experience":148923,"relics_obtained":[{"floor":6,"key":"Bag of Marbles"},{"floor":9,"key":"Self Forming Clay"}],"event_choices":[{"damage_healed":0,"gold_gain":75,"player_choice":"Gather Gold","damage_taken":11,"max_hp_gain":0,"max_hp_loss":0,"event_name":"World of Goop","floor":2,"gold_loss":0},{"damage_healed":0,"gold_gain":0,"player_choice":"Grow","damage_taken":0,"max_hp_gain":0,"max_hp_loss":0,"event_name":"Living Wall","floor":5,"gold_loss":0,"cards_upgraded":["Jack Of All Trades"]},{"damage_healed":0,"gold_gain":0,"player_choice":"Forge","damage_taken":0,"max_hp_gain":0,"max_hp_loss":0,"event_name":"Accursed Blacksmith","floor":7,"gold_loss":0,"cards_upgraded":["Shrug It Off"]},{"damage_healed":0,"gold_gain":0,"player_choice":"Entered Light","damage_taken":16,"max_hp_gain":0,"max_hp_loss":0,"event_name":"Shining Light","floor":11,"gold_loss":0,"cards_upgraded":["Purity","Strike_R"]}],"is_beta":true,"boss_relics":[],"items_purged_floors":[],"is_endless":false,"potions_floor_spawned":[1,4],"killed_by":"Lagavulin","ascension_level":5}