{"gold_per_floor":[113,288,288,288,301,301,342,342,342,342,367,20,44,119,119,119],"floor_reached":16,"playtime":569,"items_purged":[],"score":103,"play_id":"6e0fd0ba-6ad7-4855-9b85-875efcd8876e","local_time":"20190228025031","is_ascension_mode":true,"campfire_choices":[{"data":"Quick Slash","floor":6,"key":"SMITH"},{"floor":10,"key":"REST"},{"floor":15,"key":"REST"}],"neow_cost":"NONE","seed_source_timestamp":644194468319987,"circlet_count":0,"master_deck":["Defend_G","Defend_G","Defend_G","Defend_G","Defend_G","Strike_G","Strike_G","Strike_G","Strike_G","Strike_G","Survivor","Neutralize","Grand Finale","Quick Slash+1","Doubt","Deadly Poison","Flying Knee","PiercingWail","Noxious Fumes","Bouncing Flask"],"relics":["Ring of the Snake","Golden Idol","Bag of Preparation","Ice Cream","Anchor","Shovel"],"potions_floor_usage":[16,16,16],"damage_taken":[{"damage":2,"enemies":"Small Slimes","floor":1,"turns":5},{"damage":0,"enemies":"2 Louse","floor":5,"turns":3},{"damage":33,"enemies":"3 Sentries","floor":7,"turns":13},{"damage":1,"enemies":"Cultist","floor":11,"turns":4},{"damage":10,"enemies":"3 Louse","floor":13,"turns":4},{"damage":44,"enemies":"Slime Boss","floor":16,"turns":9}],"seed_played":"7872753944895241932","potions_obtained":[{"floor":5,"key":"GhostInAJar"},{"floor":7,"key":"Poison Potion"},{"floor":13,"key":"Weak Potion"}],"is_trial":false,"path_per_floor":["M","?","?","?","M","R","E","T","T","R","M","$","M","?","R","B"],"character_chosen":"THE_SILENT","items_purchased":["Shovel","Noxious Fumes"],"campfire_rested":2,"item_purchase_floors":[12,12],"current_hp_per_floor":[68,68,73,55,55,55,22,22,22,44,43,43,33,22,44,0],"gold":119,"neow_bonus":"ONE_RANDOM_RARE_CARD","is_prod":false,"is_daily":false,"chose_seed":false,"campfire_upgraded":1,"win_rate":0,"timestamp":1551351031,"path_taken":["M","?","?","?","M","R","E","?","T","R","M","$","?","?","R","BOSS"],"build_version":"2019-01-23","purchased_purges":0,"victory":false,"max_hp_per_floor":[70,70,75,75,75,75,75,75,75,75,75,75,75,75,75,75],"card_choices":[{"not_picked":["Deflect","Cloak And Dagger"],"picked":"Quick Slash","floor":1},{"not_picked":["Underhanded Strike","Leg Sweep"],"picked":"Deadly Poison","floor":5},{"not_picked":["Cloak And Dagger","Riddle With Holes"],"picked":"Flying Knee","floor":7},{"not_picked":["Blade Dance","Cloak And Dagger"],"picked":"PiercingWail","floor":11},{"not_picked":["Outmaneuver","Infinite Blades"],"picked":"Bouncing Flask","floor":13}],"player_experience":282500,"relics_obtained":[{"floor":7,"key":"Bag of Preparation"},{"floor":8,"key":"Ice Cream"},{"floor":9,"key":"Anchor"}],"event_choices":[{"damage_healed":0,"gold_gain":175,"player_choice":"AGREE","damage_taken":0,"max_hp_gain":0,"max_hp_loss":0,"event_name":"Liars Game","floor":2,"gold_loss":0,"cards_obtained":["Doubt"]},{"damage_healed":0,"gold_gain":0,"player_choice":"Donut","damage_taken":0,"max_hp_gain":5,"max_hp_loss":0,"event_name":"Big Fish","floor":3,"gold_loss":0},{"damage_healed":0,"gold_gain":0,"player_choice":"Take Damage","damage_taken":18,"relics_obtained":["Golden Idol"],"max_hp_gain":0,"max_hp_loss":0,"event_name":"Golden Idol","floor":4,"gold_loss":0},{"damage_healed":0,"gold_gain":75,"player_choice":"Gather Gold","damage_taken":11,"max_hp_gain":0,"max_hp_loss":0,"event_name":"World of Goop","floor":14,"gold_loss":0}],"is_beta":false,"boss_relics":[],"items_purged_floors":[],"is_endless":false,"potions_floor_spawned":[5,7,13],"killed_by":"Slime Boss","ascension_level":1}