{"path_per_floor":["M","M","M","M","?","E","M","R","T","$","M","E","?","M","R"],"character_chosen":"THE_SILENT","items_purchased":["Infinite Blades"],"gold_per_floor":[18,29,47,58,58,83,103,103,129,58,71,104,204,214,214],"floor_reached":16,"campfire_rested":1,"playtime":1644,"current_hp_per_floor":[70,70,69,69,69,59,32,53,53,53,51,33,33,23,23],"items_purged":[],"gold":214,"play_id":"d8b9d995-4dd6-4cde-9d0f-514d472b91f7","is_prod":false,"is_daily":false,"is_ascension_mode":false,"campfire_upgraded":1,"path_taken":["M","M","M","M","?","E","M","R","T","$","M","E","?","M","R","BOSS"],"build_version":"2018-01-25-PROD3","purchased_purges":0,"victory":false,"master_deck":["Defend_G","Defend_G","Defend_G","Defend_G","Defend_G","Strike_G","Strike_G","Strike_G","Strike_G","Survivor","Neutralize","Tactician+1","Dagger Throw","Prepared","Dagger Spray","Blur","Tools of the Trade+1","Underhanded Strike","Infinite Blades","Acrobatics","Underhanded Strike","Flying Knee"],"max_hp_per_floor":[70,70,70,70,70,70,70,70,70,70,70,70,70,70,70],"relics":["Ring of the Snake","Mummified Hand","Toxic Egg","Paper Crane"],"card_choices":[{"not_picked":["Envenom","Venomology"],"picked":"Tactician"},{"not_picked":["Heel Hook","Escape Plan"],"picked":"Dagger Throw"},{"not_picked":["PiercingWail","Slice"],"picked":"Prepared"},{"not_picked":["Quick Slash","Deadly Poison"],"picked":"Dagger Spray"},{"not_picked":["Dagger Spray","Catalyst"],"picked":"Blur"},{"not_picked":["Endless Agony","Dagger Spray"],"picked":"Tools of the Trade"},{"not_picked":["PiercingWail","Dodge and Roll"],"picked":"Underhanded Strike"},{"not_picked":["Crippling Poison","PiercingWail"],"picked":"Acrobatics"},{"not_picked":["Glass Knife","Backstab"],"picked":"Underhanded Strike"},{"not_picked":["Finisher","Prepared"],"picked":"Flying Knee"}],"player_experience":133851,"potions_floor_usage":[6,6],"damage_taken":[{"damage":0,"enemies":"Small Slimes","floor":1,"turns":4},{"damage":0,"enemies":"Blue Slaver","floor":2,"turns":4},{"damage":1,"enemies":"Cultist","floor":3,"turns":4},{"damage":0,"enemies":"2 Fungi Beasts","floor":4,"turns":3},{"damage":10,"enemies":"Lagavulin","floor":6,"turns":5},{"damage":27,"enemies":"Exordium Thugs","floor":7,"turns":7},{"damage":2,"enemies":"Large Slime","floor":11,"turns":7},{"damage":18,"enemies":"3 Sentries","floor":12,"turns":6},{"damage":10,"enemies":"Gremlin Gang","floor":14,"turns":5},{"damage":23,"enemies":"Hexaghost","floor":16,"turns":11}],"event_choices":[{"event_name":"Bonfire Elementals","player_choice":"BASIC","floor":5,"damage_taken":0},{"event_name":"Golden Shrine","player_choice":"Pray","floor":13,"damage_taken":0}],"boss_relics":[],"potions_floor_spawned":[1,3,11],"seed_played":"3430889576805763807","killed_by":"Hexaghost","ascension_level":0,"is_trial":false}