{"gold_per_floor":[118,2,2,2,21,21,21,56,56,95,113,59,59,102,102,198,198,222,242,242,242,242,281,281,304,384,417,429,476,286,304,304,304],"floor_reached":33,"playtime":1285,"items_purged":[],"score":638,"play_id":"ec363935-6baf-4e86-8add-970430002cba","local_time":"20190301105245","is_ascension_mode":true,"campfire_choices":[{"data":"Perfected Strike","floor":6.0,"key":"SMITH"},{"data":"Perfected Strike","floor":13.0,"key":"SMITH"},{"data":"Evolve","floor":15.0,"key":"SMITH"},{"data":"Corruption","floor":24.0,"key":"SMITH"},{"data":"Dark Embrace","floor":28.0,"key":"SMITH"},{"data":"Ghostly","floor":32,"key":"SMITH"}],"neow_cost":"NONE","seed_source_timestamp":0,"circlet_count":0,"master_deck":["AscendersBane","Strike_R","Strike_R","Strike_R","Strike_R","Strike_R","Defend_R","Defend_R","Defend_R","Defend_R","Bash+1","Perfected Strike+1","Shockwave","Twin Strike","Perfected Strike+1","Cleave","Battle Trance","Evolve+1","Corruption+1","Reaper","Power Through","Perfected Strike","Ghostly+1","Ghostly","Ghostly","Dark Embrace+1","Wild Strike","Ghostly Armor+1","Exhume","Dual Wield","Power Through"],"special_seed":0,"relics":["Burning Blood","Kunai","Golden Idol","Thread and Needle","Singing Bowl","Anchor","Paper Frog","Mango","Velvet Choker","The Courier","Matryoshka","Potion Belt","Frozen Egg 2","MawBank","Happy Flower","Bag of Preparation"],"potions_floor_usage":[],"damage_taken":[{"damage":4.0,"enemies":"2 Louse","floor":1.0,"turns":3.0},{"damage":7.0,"enemies":"Jaw Worm","floor":5.0,"turns":3.0},{"damage":29.0,"enemies":"Lagavulin","floor":8.0,"turns":8.0},{"damage":12.0,"enemies":"Gremlin Nob","floor":10.0,"turns":4.0},{"damage":0.0,"enemies":"Small Slimes","floor":11.0,"turns":3.0},{"damage":6.0,"enemies":"3 Sentries","floor":14.0,"turns":6.0},{"damage":24.0,"enemies":"Slime Boss","floor":16.0,"turns":6.0},{"damage":12.0,"enemies":"Shell Parasite","floor":18.0,"turns":4.0},{"damage":1.0,"enemies":"Spheric Guardian","floor":19.0,"turns":3.0},{"damage":20.0,"enemies":"Slavers","floor":23.0,"turns":7.0},{"damage":0.0,"enemies":"Cultist and Chosen","floor":25.0,"turns":6.0},{"damage":10.0,"enemies":"Gremlin Leader","floor":27.0,"turns":7.0},{"damage":21.0,"enemies":"Book of Stabbing","floor":29.0,"turns":6.0},{"damage":6.0,"enemies":"Shelled Parasite and Fungi","floor":31.0,"turns":5.0},{"damage":33,"enemies":"Champ","floor":33,"turns":13}],"seed_played":"-1423893952278140477","potions_obtained":[{"floor":1.0,"key":"Regen Potion"},{"floor":8.0,"key":"Block Potion"},{"floor":10.0,"key":"Strength Potion"},{"floor":19.0,"key":"BloodPotion"},{"floor":29.0,"key":"SkillPotion"},{"floor":31.0,"key":"LiquidBronze"}],"is_trial":false,"path_per_floor":["M","$","?","?","M","R","?","E","T","E","M","?","R","E","R","B",null,"M","M","T","?","?","E","R","M","T","E","R","E","$","M","R","B"],"character_chosen":"IRONCLAD","items_purchased":["Shockwave","Twin Strike","Bag of Preparation","Dual Wield","FearPotion"],"campfire_rested":0,"item_purchase_floors":[2,2,30,30,30],"current_hp_per_floor":[70,70,59,33,32,32,32,24,24,18,24,24,24,40,40,22,74,72,79,79,79,46,40,40,46,46,42,42,27,27,40,40,7],"gold":304,"neow_bonus":"UPGRADE_CARD","is_prod":false,"is_daily":false,"chose_seed":false,"campfire_upgraded":6,"win_rate":0,"timestamp":1551455565,"path_taken":["M","$","?","?","M","R","?","E","T","E","?","?","R","E","R","BOSS","M","?","?","?","?","E","R","M","T","E","R","E","?","M","R","BOSS"],"build_version":"2019-02-06","purchased_purges":0,"victory":false,"max_hp_per_floor":[75,75,75,75,75,75,75,75,75,75,75,75,75,91,91,91,91,91,93,93,93,46,46,46,46,46,46,46,46,46,46,46,46],"card_choices":[{"not_picked":["Ghostly Armor","Rampage"],"picked":"Perfected Strike","floor":1.0},{"not_picked":["Hemokinesis","Headbutt"],"picked":"Perfected Strike","floor":5.0},{"not_picked":["Heavy Blade","Wild Strike"],"picked":"Battle Trance","floor":8.0},{"not_picked":["Flex","Blood for Blood"],"picked":"Evolve","floor":10.0},{"not_picked":["Burning Pact","Berserk"],"picked":"Corruption","floor":11.0},{"not_picked":["Sever Soul","Sword Boomerang","Havoc"],"picked":"Singing Bowl","floor":14.0},{"not_picked":["Limit Break","Barricade"],"picked":"Reaper","floor":16.0},{"not_picked":["Havoc","Twin Strike+1"],"picked":"Power Through","floor":18.0},{"not_picked":["Warcry","Heavy Blade","True Grit"],"picked":"Singing Bowl","floor":19.0},{"not_picked":["Warcry","Headbutt"],"picked":"Dark Embrace","floor":23.0},{"not_picked":["Reckless Charge","True Grit"],"picked":"Wild Strike","floor":25.0},{"not_picked":["Wild Strike","Twin Strike+1"],"picked":"Ghostly Armor+1","floor":27.0},{"not_picked":["Clothesline+1","Entrench"],"picked":"Exhume","floor":29.0},{"not_picked":["Combust+1","Havoc"],"picked":"Power Through","floor":31.0}],"player_experience":1019684,"relics_obtained":[{"floor":8.0,"key":"Thread and Needle"},{"floor":9.0,"key":"Singing Bowl"},{"floor":10.0,"key":"Anchor"},{"floor":14.0,"key":"Mango"},{"floor":20.0,"key":"The Courier"},{"floor":23.0,"key":"Matryoshka"},{"floor":26.0,"key":"Potion Belt"},{"floor":26.0,"key":"Frozen Egg 2"},{"floor":27.0,"key":"MawBank"},{"floor":29.0,"key":"Happy Flower"}],"event_choices":[{"damage_healed":0.0,"max_hp_gain":0.0,"max_hp_loss":0.0,"gold_gain":0.0,"event_name":"Scrap Ooze","player_choice":"Success","floor":3.0,"gold_loss":0.0,"damage_taken":11.0,"relics_obtained":["Kunai"]},{"damage_healed":0.0,"max_hp_gain":0.0,"max_hp_loss":0.0,"gold_gain":0.0,"event_name":"Golden Idol","player_choice":"Take Damage","floor":4.0,"gold_loss":0.0,"damage_taken":26.0,"relics_obtained":["Golden Idol"]},{"damage_healed":0.0,"max_hp_gain":0.0,"max_hp_loss":0.0,"gold_gain":0.0,"event_name":"Match and Keep!","player_choice":"1 cards matched","floor":7.0,"gold_loss":0.0,"damage_taken":0.0,"cards_obtained":["Cleave"]},{"damage_healed":0.0,"max_hp_gain":0.0,"max_hp_loss":0.0,"gold_gain":0.0,"event_name":"WeMeetAgain","player_choice":"Paid Gold","floor":12.0,"gold_loss":54.0,"damage_taken":0.0,"relics_obtained":["Paper Frog"]},{"damage_healed":0.0,"max_hp_gain":0.0,"max_hp_loss":0.0,"gold_gain":0.0,"event_name":"The Library","player_choice":"Read","floor":21.0,"gold_loss":0.0,"damage_taken":0.0,"cards_obtained":["Perfected Strike"]},{"damage_healed":0.0,"max_hp_gain":0.0,"max_hp_loss":47.0,"gold_gain":0.0,"event_name":"Ghosts","player_choice":"Became a Ghost","floor":22.0,"gold_loss":0.0,"damage_taken":0.0,"cards_obtained":["Ghostly","Ghostly","Ghostly"]}],"is_beta":true,"boss_relics":[{"not_picked":["Runic Pyramid","Orrery"],"picked":"Velvet Choker"}],"items_purged_floors":[],"is_endless":false,"potions_floor_spawned":[1,8,10,19,29,31],"killed_by":"Champ","ascension_level":20}