{"gold_per_floor":[19,19,33,49,124,124,182,182,227,227,227,239,108,143,143,219,219,229,18,18,35,55,55,55],"floor_reached":24,"playtime":868,"items_purged":[],"score":408,"play_id":"879e0569-7e6e-439f-9642-3326e47cabad","local_time":"20190322224209","is_ascension_mode":true,"campfire_choices":[{"data":"Cold Snap","floor":6.0,"key":"SMITH"},{"data":"Dualcast","floor":8.0,"key":"SMITH"},{"data":"Conserve Battery","floor":11.0,"key":"SMITH"},{"data":"Defragment","floor":15.0,"key":"SMITH"},{"floor":23,"key":"REST"}],"neow_cost":"NO_GOLD","seed_source_timestamp":843073354869951,"circlet_count":0,"master_deck":["AscendersBane","Strike_B","Strike_B","Strike_B","Strike_B","Defend_B","Defend_B","Defend_B","Defend_B","Zap+1","Dualcast+1","Cold Snap+1","Conserve Battery+1","Auto Shields","Tempest","Conserve Battery","Defragment+1","Cold Snap","Echo Form","Glacier","Coolheaded","Conserve Battery"],"special_seed":0,"relics":["Cracked Core","Ice Cream","Tiny Chest","Omamori","Darkstone Periapt","Oddly Smooth Stone","Fusion Hammer","PreservedInsect","Necronomicon"],"potions_floor_usage":[18,24],"damage_taken":[{"damage":1.0,"enemies":"2 Louse","floor":1.0,"turns":2.0},{"damage":0.0,"enemies":"Cultist","floor":3.0,"turns":3.0},{"damage":0.0,"enemies":"Jaw Worm","floor":4.0,"turns":3.0},{"damage":3.0,"enemies":"Lagavulin","floor":7.0,"turns":8.0},{"damage":6.0,"enemies":"Looter","floor":12.0,"turns":3.0},{"damage":8.0,"enemies":"3 Sentries","floor":14.0,"turns":10.0},{"damage":10.0,"enemies":"The Guardian","floor":16.0,"turns":12.0},{"damage":6,"enemies":"2 Thieves","floor":18,"turns":5},{"damage":9,"enemies":"3 Byrds","floor":21,"turns":5},{"damage":3,"enemies":"3 Cultists","floor":22,"turns":6},{"damage":55,"enemies":"Gremlin Leader","floor":24,"turns":4}],"seed_played":"9141675109615982904","potions_obtained":[{"floor":12.0,"key":"AttackPotion"},{"floor":14.0,"key":"Dexterity Potion"},{"floor":16.0,"key":"Swift Potion"},{"floor":18,"key":"EssenceOfSteel"}],"is_trial":false,"path_per_floor":["M","?","M","M","?","R","E","R","T","?","R","M","$","E","R","B",null,"M","$","?","M","M","R","E"],"character_chosen":"DEFECT","items_purchased":["Defragment","Cold Snap","PreservedInsect","Glacier"],"campfire_rested":1,"item_purchase_floors":[13,13,19,19],"current_hp_per_floor":[63,63,63,63,52,52,49,49,49,49,49,43,43,35,35,25,60,54,54,33,24,21,42,0],"gold":55,"neow_bonus":"ONE_RARE_RELIC","is_prod":false,"is_daily":false,"chose_seed":false,"campfire_upgraded":4,"win_rate":0,"timestamp":1553308929,"path_taken":["M","?","?","M","?","R","E","R","T","?","R","M","$","E","R","BOSS","M","$","?","M","M","R","E"],"build_version":"2019-03-15","purchased_purges":0,"victory":false,"max_hp_per_floor":[71,71,71,71,71,71,71,71,71,71,71,71,71,71,71,71,71,71,71,71,71,71,71,71],"card_choices":[{"not_picked":["Gash","Rebound"],"picked":"Cold Snap","floor":1.0},{"not_picked":["Barrage","Steam Power"],"picked":"Conserve Battery","floor":3.0},{"not_picked":["Compile Driver","Redo"],"picked":"Auto Shields","floor":4.0},{"not_picked":["Chaos","Chill"],"picked":"Tempest","floor":7.0},{"not_picked":["Stack","Turbo"],"picked":"Conserve Battery","floor":12.0},{"not_picked":["FTL","Turbo","BootSequence"],"picked":"SKIP","floor":14.0},{"not_picked":["Seek","Machine Learning"],"picked":"Echo Form","floor":16.0},{"not_picked":["Heatsinks","Steam","Go for the Eyes"],"picked":"SKIP","floor":18},{"not_picked":["Turbo","Conserve Battery"],"picked":"Coolheaded","floor":21},{"not_picked":["Compile Driver","Reprogram"],"picked":"Conserve Battery","floor":22}],"player_experience":1191522,"relics_obtained":[{"floor":7.0,"key":"Tiny Chest"},{"floor":9.0,"key":"Omamori"},{"floor":14.0,"key":"Oddly Smooth Stone"},{"floor":20,"key":"Necronomicon"}],"event_choices":[{"damage_healed":0.0,"max_hp_gain":0.0,"max_hp_loss":0.0,"gold_gain":0.0,"event_name":"Accursed Blacksmith","player_choice":"Forge","floor":2.0,"gold_loss":0.0,"damage_taken":0.0,"cards_upgraded":["Zap"]},{"damage_healed":0.0,"max_hp_gain":0.0,"max_hp_loss":0.0,"gold_gain":75.0,"event_name":"World of Goop","player_choice":"Gather Gold","floor":5.0,"gold_loss":0.0,"damage_taken":11.0},{"damage_healed":0.0,"max_hp_gain":0.0,"max_hp_loss":0.0,"gold_gain":0.0,"event_name":"Big Fish","player_choice":"Box","floor":10.0,"gold_loss":0.0,"damage_taken":0.0,"relics_obtained":["Darkstone Periapt"],"cards_obtained":["Regret"]},{"damage_healed":0,"gold_gain":0,"player_choice":"Obtained Book","damage_taken":21,"max_hp_gain":0,"max_hp_loss":0,"event_name":"Cursed Tome","floor":20,"gold_loss":0}],"is_beta":true,"boss_relics":[{"not_picked":["Ectoplasm","Runic Dome"],"picked":"Fusion Hammer"}],"items_purged_floors":[],"is_endless":false,"potions_floor_spawned":[12,14,16,18],"killed_by":"Gremlin Leader","ascension_level":20}