{"gold_per_floor":[20,20,35,35,49,83,83,95,95,95,129,129,129,160,160,256,256,276,290,300,68,88,88],"floor_reached":23,"playtime":820,"items_purged":["Decay"],"score":260,"play_id":"f9a24cd9-f979-4990-8c51-8769338c621c","local_time":"20190320034553","is_ascension_mode":true,"campfire_choices":[{"floor":7,"key":"REST"},{"floor":10,"key":"REST"},{"data":"Clothesline","floor":13,"key":"SMITH"},{"floor":15,"key":"REST"}],"neow_cost":"NO_GOLD","seed_source_timestamp":327673359135015,"circlet_count":0,"master_deck":["Strike_R","Strike_R","Strike_R","Strike_R","Strike_R","Defend_R","Defend_R","Defend_R","Defend_R","Bash","Brutality+1","Blood for Blood","Headbutt+1","Clothesline+1","Iron Wave","Shrug It Off","Ghostly Armor","Bludgeon","Blood for Blood","Cleave","Rampage"],"relics":["Burning Blood","Orichalcum","Dream Catcher","Mercury Hourglass","Bag of Marbles","Lizard Tail","Vajra"],"potions_floor_usage":[6,11,16,19],"damage_taken":[{"damage":8,"enemies":"Cultist","floor":1,"turns":3},{"damage":7,"enemies":"2 Louse","floor":3,"turns":2},{"damage":11,"enemies":"Small Slimes","floor":5,"turns":2},{"damage":69,"enemies":"3 Sentries","floor":6,"turns":8},{"damage":13,"enemies":"2 Fungi Beasts","floor":8,"turns":3},{"damage":2,"enemies":"Gremlin Nob","floor":11,"turns":3},{"damage":20,"enemies":"3 Sentries","floor":14,"turns":5},{"damage":34,"enemies":"Hexaghost","floor":16,"turns":8},{"damage":26,"enemies":"Spheric Guardian","floor":18,"turns":4},{"damage":21,"enemies":"2 Thieves","floor":19,"turns":3},{"damage":21,"enemies":"Snake Plant","floor":20,"turns":4},{"damage":22,"enemies":"Centurion and Healer","floor":22,"turns":6},{"damage":56,"enemies":"Gremlin Leader","floor":23,"turns":6}],"seed_played":"-2051855946693232869","potions_obtained":[{"floor":5,"key":"PowerPotion"},{"floor":8,"key":"AttackPotion"},{"floor":11,"key":"Poison Potion"},{"floor":18,"key":"Fire Potion"}],"is_trial":false,"path_per_floor":["M","?","M","?","M","E","R","M","T","R","E","?","R","E","R","B",null,"M","M","M","$","M","E"],"character_chosen":"IRONCLAD","items_purchased":["Vajra"],"campfire_rested":3,"item_purchase_floors":[21],"current_hp_per_floor":[78,78,77,77,72,9,33,26,26,50,54,54,54,40,64,36,80,60,45,30,30,14,0],"gold":88,"neow_bonus":"THREE_RARE_CARDS","is_prod":false,"is_daily":false,"chose_seed":false,"campfire_upgraded":1,"win_rate":0,"timestamp":1553078753,"path_taken":["M","?","?","?","?","E","R","M","T","R","E","?","R","E","R","BOSS","M","M","M","$","M","E"],"build_version":"2019-01-23","purchased_purges":1,"victory":false,"max_hp_per_floor":[80,80,80,80,80,80,80,80,80,80,80,80,80,80,80,80,80,80,80,80,80,80,80],"card_choices":[{"not_picked":["Demon Form","Dark Embrace"],"picked":"Brutality","floor":0},{"not_picked":["Shrug It Off","Flex"],"picked":"Blood for Blood","floor":1},{"not_picked":["Entrench","Feel No Pain"],"picked":"Headbutt","floor":3},{"not_picked":["Power Through","Warcry","Corruption"],"picked":"SKIP","floor":5},{"not_picked":["Sword Boomerang","Wild Strike"],"picked":"Clothesline","floor":6},{"not_picked":["Searing Blow","Whirlwind","Seeing Red"],"picked":"SKIP","floor":8},{"not_picked":["Evolve","Anger"],"picked":"Iron Wave","floor":11},{"not_picked":["Feel No Pain","Perfected Strike"],"picked":"Shrug It Off","floor":14},{"not_picked":["Havoc","Heavy Blade"],"picked":"Ghostly Armor","floor":15},{"not_picked":["Impervious","Barricade"],"picked":"Bludgeon","floor":16},{"not_picked":["Disarm","Body Slam"],"picked":"Blood for Blood","floor":18},{"not_picked":["Bloodletting+1","Headbutt","Body Slam"],"picked":"SKIP","floor":19},{"not_picked":["Armaments","Body Slam"],"picked":"Cleave","floor":20},{"not_picked":["Feel No Pain+1","Havoc"],"picked":"Rampage","floor":22}],"player_experience":368440,"relics_obtained":[{"floor":6,"key":"Orichalcum"},{"floor":9,"key":"Dream Catcher"},{"floor":11,"key":"Mercury Hourglass"},{"floor":14,"key":"Bag of Marbles"}],"event_choices":[{"damage_healed":0,"gold_gain":0,"player_choice":"Upgraded","damage_taken":0,"max_hp_gain":0,"max_hp_loss":0,"event_name":"Upgrade Shrine","floor":2,"gold_loss":0,"cards_upgraded":["Brutality"]},{"damage_healed":0,"gold_gain":0,"player_choice":"Cursed","damage_taken":0,"max_hp_gain":0,"max_hp_loss":0,"event_name":"Wheel of Change","floor":4,"gold_loss":0,"cards_obtained":["Decay"]},{"damage_healed":0,"gold_gain":0,"player_choice":"Grow","damage_taken":0,"max_hp_gain":0,"max_hp_loss":0,"event_name":"Living Wall","floor":12,"gold_loss":0,"cards_upgraded":["Headbutt"]}],"is_beta":false,"boss_relics":[{"not_picked":["Pandora\u0027s Box","Cursed Key"],"picked":"Lizard Tail"}],"items_purged_floors":[21],"is_endless":false,"potions_floor_spawned":[5,8,11,18],"killed_by":"Gremlin Leader","ascension_level":2}