{"gold_per_floor":[112,262,142,417,432,432,445,445,445,445,526,526,554,572,572,650,650,661,312,323,333,333,364,364,381,381,414,430,430,109,128,128,201,201,218,218,218,110,128,128,146,6,6,6,21,21,34,34,34,34],"floor_reached":51,"playtime":3373,"items_purged":["Strike_G"],"score":1338,"play_id":"3b8788b8-6951-442f-baa1-04953e11ff56","local_time":"20190116003858","is_ascension_mode":true,"campfire_choices":[{"data":"Leg Sweep","floor":6.0,"key":"SMITH"},{"floor":12.0,"key":"REST"},{"data":"Skewer","floor":15.0,"key":"SMITH"},{"floor":24.0,"key":"REST"},{"floor":29.0,"key":"REST"},{"floor":32.0,"key":"REST"},{"data":"Strike_G+1","floor":40.0,"key":"PURGE"},{"floor":44.0,"key":"REST"},{"floor":49.0,"key":"REST"}],"neow_cost":"CURSE","seed_source_timestamp":204136023062700,"circlet_count":0,"master_deck":["AscendersBane","Defend_G+1","Defend_G+1","Defend_G+1","Defend_G+1","Strike_G+1","Strike_G+1","Strike_G+1","Survivor","Neutralize","Shame","Doubt","Skewer+1","Leg Sweep+1","Acrobatics","Injury","Well Laid Plans","Adrenaline","Tools of the Trade","Blade Dance","Backflip","Flechettes","Infinite Blades","Tools of the Trade","Blade Dance+1","Reflex+1","Infinite Blades","Storm of Steel+1","Dagger Spray","Outmaneuver+1","Glass Knife","Predator","Writhe","Thinking Ahead+1","Cloak And Dagger+1","Predator","Calculated Gamble+1","Well Laid Plans","Flying Knee","Skewer+1","Parasite","Tactician+1","Blade Dance+1"],"special_seed":0,"relics":["Ring of the Snake","Du-Vu Doll","Peace Pipe","Question Card","Bottled Lightning","Strawberry","Busted Crown","ClockworkSouvenir","Toxic Egg 2","Happy Flower","Bag of Marbles","Dream Catcher","Fusion Hammer","Potion Belt"],"potions_floor_usage":[50,50,50,50],"damage_taken":[{"damage":0.0,"enemies":"2 Louse","floor":1.0,"turns":2.0},{"damage":4.0,"enemies":"Cultist","floor":5.0,"turns":2.0},{"damage":0.0,"enemies":"Small Slimes","floor":7.0,"turns":1.0},{"damage":30.0,"enemies":"Lagavulin","floor":13.0,"turns":5.0},{"damage":0.0,"enemies":"Looter","floor":14.0,"turns":2.0},{"damage":7.0,"enemies":"The Guardian","floor":16.0,"turns":13.0},{"damage":5.0,"enemies":"3 Byrds","floor":18.0,"turns":6.0},{"damage":10.0,"enemies":"Shell Parasite","floor":20.0,"turns":7.0},{"damage":19.0,"enemies":"Chosen and Byrds","floor":21.0,"turns":6.0},{"damage":0.0,"enemies":"Slavers","floor":23.0,"turns":5.0},{"damage":13.0,"enemies":"Shelled Parasite and Fungi","floor":25.0,"turns":5.0},{"damage":14.0,"enemies":"Gremlin Leader","floor":27.0,"turns":6.0},{"damage":0.0,"enemies":"Cultist and Chosen","floor":28.0,"turns":4.0},{"damage":0.0,"enemies":"3 Cultists","floor":31.0,"turns":4.0},{"damage":12.0,"enemies":"Collector","floor":33.0,"turns":5.0},{"damage":3.0,"enemies":"Orb Walker","floor":35.0,"turns":2.0},{"damage":3.0,"enemies":"3 Darklings","floor":39.0,"turns":2.0},{"damage":1.0,"enemies":"Transient","floor":41.0,"turns":5.0},{"damage":19.0,"enemies":"Writhing Mass","floor":45.0,"turns":6.0},{"damage":0.0,"enemies":"Maw","floor":47.0,"turns":3.0},{"damage":48,"enemies":"Time Eater","floor":50,"turns":6}],"seed_played":"4022378110126580426","potions_obtained":[{"floor":1.0,"key":"AttackPotion"},{"floor":5.0,"key":"SkillPotion"},{"floor":16.0,"key":"FearPotion"},{"floor":18.0,"key":"GhostInAJar"},{"floor":20.0,"key":"GamblersBrew"},{"floor":25.0,"key":"Ancient Potion"},{"floor":45.0,"key":"Ancient Potion"},{"floor":47.0,"key":"Explosive Potion"},{"floor":48.0,"key":"SkillPotion"},{"floor":48.0,"key":"LiquidBronze"}],"is_trial":false,"path_per_floor":["M","?","$","?","M","R","M","?","T","?","T","R","E","M","R","B",null,"M","$","M","M","?","E","R","M","T","E","M","R","$","M","R","B",null,"M","?","?","$","M","R","M","$","T","R","M","?","M","?","R","B",null],"character_chosen":"THE_SILENT","items_purchased":["Skewer","Leg Sweep","ClockworkSouvenir","Backflip","Storm of Steel+1","Dream Catcher","Cloak And Dagger+1","Predator","GhostInAJar","Flying Knee"],"campfire_rested":6,"item_purchase_floors":[3,3,19,19,30,30,38,38,42,42],"current_hp_per_floor":[59,59,59,59,55,55,55,44,44,44,44,63,40,40,40,33,63,58,58,48,29,29,29,50,37,37,23,23,44,44,44,65,53,68,65,73,63,63,60,60,59,59,59,73,54,54,54,54,73,25],"gold":34,"neow_bonus":"ONE_RARE_RELIC","is_prod":false,"is_daily":false,"chose_seed":false,"campfire_upgraded":2,"win_rate":0,"timestamp":1547617138,"path_taken":["M","?","$","?","?","R","M","?","T","?","?","R","E","M","R","BOSS","M","$","M","M","?","E","R","M","T","E","M","R","$","M","R","BOSS","M","?","?","?","M","R","?","$","T","R","M","?","M","?","R","BOSS"],"build_version":"2019-01-10","purchased_purges":1,"victory":true,"max_hp_per_floor":[66,66,66,66,66,66,66,66,66,66,66,66,73,73,73,73,73,73,73,73,73,73,73,73,73,73,73,73,73,73,73,73,73,73,73,73,73,73,73,73,73,73,73,73,73,73,73,73,73,73],"card_choices":[{"not_picked":["Outmaneuver","Poisoned Stab","Sucker Punch"],"picked":"SKIP","floor":1.0},{"not_picked":["Sucker Punch","Poisoned Stab","Prepared"],"picked":"SKIP","floor":5.0},{"not_picked":["Expertise","Backflip"],"picked":"Acrobatics","floor":7.0},{"not_picked":["Escape Plan","PiercingWail","Dash"],"picked":"Well Laid Plans","floor":13.0},{"not_picked":["Deadly Poison","Dagger Throw","Escape Plan"],"picked":"Adrenaline","floor":14.0},{"not_picked":["A Thousand Cuts","Bullet Time","Storm of Steel"],"picked":"Tools of the Trade","floor":16.0},{"not_picked":["Deflect"],"picked":"Blade Dance","floor":18.0},{"not_picked":["Poisoned Stab"],"picked":"Flechettes","floor":20.0},{"not_picked":["Escape Plan+1"],"picked":"Infinite Blades","floor":21.0},{"not_picked":["Prepared"],"picked":"Tools of the Trade","floor":23.0},{"not_picked":["Bane"],"picked":"Blade Dance+1","floor":25.0},{"not_picked":["Infinite Blades"],"picked":"Reflex+1","floor":27.0},{"not_picked":["Backflip+1"],"picked":"Infinite Blades","floor":28.0},{"not_picked":["Flying Knee"],"picked":"Dagger Spray","floor":31.0},{"not_picked":["Skewer"],"picked":"Outmaneuver+1","floor":32.0},{"not_picked":["Grand Finale"],"picked":"Glass Knife","floor":33.0},{"not_picked":["Accuracy"],"picked":"Predator","floor":35.0},{"not_picked":["Jack Of All Trades+1"],"picked":"Thinking Ahead+1","floor":37.0},{"not_picked":["Noxious Fumes"],"picked":"Calculated Gamble+1","floor":39.0},{"not_picked":["Outmaneuver+1"],"picked":"Well Laid Plans","floor":41.0},{"not_picked":["Catalyst+1"],"picked":"Skewer+1","floor":44.0},{"not_picked":["Masterful Stab","Caltrops"],"picked":"SKIP","floor":45.0},{"not_picked":["Acrobatics+1"],"picked":"Tactician+1","floor":47.0},{"not_picked":["Caltrops+1"],"picked":"Blade Dance+1","floor":49.0}],"player_experience":443309,"relics_obtained":[{"floor":9.0,"key":"Question Card"},{"floor":11.0,"key":"Bottled Lightning"},{"floor":13.0,"key":"Strawberry"},{"floor":23.0,"key":"Toxic Egg 2"},{"floor":26.0,"key":"Happy Flower"},{"floor":27.0,"key":"Bag of Marbles"},{"floor":43.0,"key":"Potion Belt"}],"event_choices":[{"damage_healed":0.0,"max_hp_gain":0.0,"max_hp_loss":0.0,"gold_gain":150.0,"event_name":"Liars Game","player_choice":"AGREE","floor":2.0,"gold_loss":0.0,"damage_taken":0.0,"cards_obtained":["Doubt"]},{"damage_healed":0.0,"max_hp_gain":0.0,"max_hp_loss":0.0,"gold_gain":275.0,"event_name":"Golden Shrine","player_choice":"Desecrate","floor":4.0,"gold_loss":0.0,"damage_taken":0.0,"cards_obtained":["Regret"]},{"damage_healed":0.0,"max_hp_gain":0.0,"max_hp_loss":0.0,"gold_gain":0.0,"event_name":"Scrap Ooze","player_choice":"Success","floor":8.0,"gold_loss":0.0,"damage_taken":11.0,"relics_obtained":["Peace Pipe"]},{"damage_healed":0.0,"max_hp_gain":0.0,"max_hp_loss":0.0,"gold_gain":0.0,"cards_transformed":["Regret"],"event_name":"Living Wall","player_choice":"Change","floor":10.0,"gold_loss":0.0,"damage_taken":0.0,"cards_obtained":["Injury"]},{"damage_healed":0.0,"max_hp_gain":0.0,"max_hp_loss":0.0,"gold_gain":0.0,"event_name":"Back to Basics","player_choice":"Simplicity","floor":22.0,"gold_loss":0.0,"damage_taken":0.0,"cards_upgraded":["Defend_G","Defend_G","Defend_G","Defend_G","Defend_G","Strike_G","Strike_G","Strike_G","Strike_G"]},{"damage_healed":15.0,"max_hp_gain":0.0,"max_hp_loss":0.0,"gold_gain":0.0,"event_name":"Winding Halls","player_choice":"Writhe","floor":36.0,"gold_loss":0.0,"damage_taken":0.0,"cards_obtained":["Writhe"]},{"damage_healed":0.0,"max_hp_gain":0.0,"max_hp_loss":0.0,"gold_gain":0.0,"event_name":"SensoryStone","player_choice":"Memory 3","floor":37.0,"gold_loss":0.0,"damage_taken":10.0},{"cards_removed":["Defend_G"],"damage_healed":0.0,"max_hp_gain":0.0,"max_hp_loss":0.0,"gold_gain":0.0,"event_name":"Falling","player_choice":"Removed Skill","floor":46.0,"gold_loss":0.0,"damage_taken":0.0},{"damage_healed":0.0,"max_hp_gain":0.0,"max_hp_loss":0.0,"gold_gain":0.0,"event_name":"Lab","player_choice":"Got Potions","floor":48.0,"gold_loss":0.0,"damage_taken":0.0}],"is_beta":false,"boss_relics":[{"not_picked":["Runic Dome","Tiny House"],"picked":"Busted Crown"},{"not_picked":["HoveringKite","Philosopher\u0027s Stone"],"picked":"Fusion Hammer"}],"items_purged_floors":[19],"is_endless":false,"potions_floor_spawned":[1,5,16,18,20,25,27,31,45,47],"ascension_level":16}