{"path_per_floor":["M","?","?","?","M","E","M","R","T","M","M","R","$","?","R","B",null,"M","M","?","$","M"],"character_chosen":"DEFECT","items_purchased":["Tiny Chest","Strawberry"],"gold_per_floor":[118,118,118,118,135,161,180,180,204,220,235,235,41,41,41,140,140,157,167,167,21,33,33],"floor_reached":23,"campfire_rested":1,"playtime":690,"item_purchase_floors":[13,21],"current_hp_per_floor":[75,75,80,64,64,64,64,64,64,55,37,61,61,61,61,22,80,61,52,37,44,16,0],"items_purged":["Defend_B"],"gold":33,"score":241,"play_id":"b33a8e57-707d-494f-8c19-b50a95f8e61f","local_time":"20180608063942","is_prod":false,"is_daily":false,"chose_seed":false,"is_ascension_mode":false,"campfire_upgraded":2,"win_rate":0.0,"timestamp":1528465182,"campfire_choices":[{"data":"Melter","floor":8,"key":"SMITH"},{"floor":12,"key":"REST"},{"data":"Go for the Eyes","floor":15,"key":"SMITH"}],"path_taken":["M","?","?","?","M","E","M","R","T","M","?","R","$","?","R","BOSS","M","M","?","$","?","E"],"build_version":"2018-06-07","seed_source_timestamp":1405609346748624,"purchased_purges":1,"victory":false,"master_deck":["Zap+1","Dualcast+1","Redo+1","Decay","Melter+1","Doom and Gloom","Defragment+1","Go for the Eyes+1","Steam","Stack","Rebound","Coolheaded","Compile Driver","Rebound","Barrage","Ball Lightning","Sunder","Redo+1"],"max_hp_per_floor":[75,75,80,80,80,80,80,80,80,80,80,80,80,80,80,80,80,80,80,85,92,92,92],"relics":["Cracked Core","NeowsBlessing","War Paint","Bag of Preparation","Tiny Chest","Pandora\u0027s Box","Strawberry"],"card_choices":[{"not_picked":["Hello World","Loop"],"picked":"Redo","floor":1},{"not_picked":["Stack","Barrage","Capacitor"],"picked":"SKIP","floor":5},{"not_picked":["Beam Cell","Scrape"],"picked":"Melter","floor":6},{"not_picked":["Stack","Barrage"],"picked":"Doom and Gloom","floor":7},{"not_picked":["Streamline","Leap"],"picked":"Defragment","floor":10},{"not_picked":["Meteor Strike","Loop"],"picked":"Go for the Eyes","floor":11},{"not_picked":["Turbo","Barrage"],"picked":"Ball Lightning","floor":18},{"not_picked":["Conserve Battery","Rip and Tear"],"picked":"Sunder","floor":19},{"not_picked":["Self Repair+1","Compile Driver"],"picked":"Redo+1","floor":22}],"player_experience":151634,"potions_floor_usage":[16,18,23],"damage_taken":[{"damage":0,"enemies":"Small Slimes","floor":1,"turns":1},{"damage":0,"enemies":"Cultist","floor":5,"turns":1},{"damage":0,"enemies":"3 Sentries","floor":6,"turns":1},{"damage":0,"enemies":"2 Louse","floor":7,"turns":1},{"damage":9,"enemies":"2 Fungi Beasts","floor":10,"turns":2},{"damage":18,"enemies":"3 Louse","floor":11,"turns":3},{"damage":39,"enemies":"The Guardian","floor":16,"turns":8},{"damage":19,"enemies":"2 Thieves","floor":18,"turns":3},{"damage":9,"enemies":"Chosen","floor":19,"turns":3},{"damage":28,"enemies":"3 Cultists","floor":22,"turns":4},{"damage":21,"enemies":"Slavers","floor":23,"turns":1}],"relics_obtained":[{"floor":6,"key":"War Paint"},{"floor":9,"key":"Bag of Preparation"}],"event_choices":[{"event_name":"Wheel of Change","player_choice":"Curse","floor":2,"damage_taken":0},{"event_name":"Big Fish","player_choice":"Donut","floor":3,"damage_taken":0},{"event_name":"Shining Light","player_choice":"Entered Light","floor":4,"damage_taken":0},{"event_name":"Living Wall","player_choice":"Grow","floor":14,"damage_taken":0},{"event_name":"Forgotten Altar","player_choice":"Shed Blood","floor":20,"damage_taken":0}],"boss_relics":[{"not_picked":["Velvet Choker","Astrolabe"],"picked":"Pandora\u0027s Box"}],"items_purged_floors":[13],"potions_floor_spawned":[1,5,10,18],"seed_played":"8321898055217402734","killed_by":"Slavers","ascension_level":0,"potions_obtained":[{"floor":1,"key":"Energy Potion"},{"floor":5,"key":"Strength Potion"},{"floor":10,"key":"Block Potion"},{"floor":18,"key":"Swift Potion"}],"is_trial":false}