{"path_per_floor":["M","?","M","?","?","R","M","M","T","E","M"],"character_chosen":"DEFECT","items_purchased":[],"gold_per_floor":[116,66,82,82,82,82,106,129,153,193,218,218],"floor_reached":12,"campfire_rested":0,"playtime":408,"item_purchase_floors":[],"current_hp_per_floor":[70,70,65,47,40,40,29,14,14,2,1,0],"items_purged":[],"gold":218,"score":80,"play_id":"abf8e438-f245-4271-a068-040c24c6e32d","local_time":"20180608005730","is_prod":false,"is_daily":false,"chose_seed":false,"is_ascension_mode":false,"campfire_upgraded":1,"win_rate":0.0,"timestamp":1528444650,"campfire_choices":[{"data":"Doom and Gloom","floor":6,"key":"SMITH"}],"path_taken":["M","?","?","?","?","R","?","M","T","E","?","?"],"build_version":"2018-06-07","seed_source_timestamp":1385359247625615,"purchased_purges":0,"victory":false,"master_deck":["Strike_B","Strike_B","Defend_B","Defend_B","Defend_B","Zap","Dualcast","Capacitor","Doom and Gloom+1","Loop","Tempest","Leap","Conserve Battery"],"max_hp_per_floor":[75,75,75,75,75,75,75,75,75,75,75,75],"relics":["Cracked Core","Golden Idol","Dream Catcher","Orichalcum"],"card_choices":[{"not_picked":["Hologram","Beam Cell"],"picked":"Capacitor","floor":1},{"not_picked":["Aggregate","Redo"],"picked":"Doom and Gloom","floor":3},{"not_picked":["Undo","Redo"],"picked":"Loop","floor":7},{"not_picked":["Compile Driver","Streamline"],"picked":"Tempest","floor":8},{"not_picked":["Scrape","Go for the Eyes"],"picked":"Leap","floor":10},{"not_picked":["Hello World","Go for the Eyes"],"picked":"Conserve Battery","floor":11}],"player_experience":145966,"potions_floor_usage":[10,10,11,12],"damage_taken":[{"damage":5,"enemies":"2 Louse","floor":1,"turns":3},{"damage":5,"enemies":"Cultist","floor":3,"turns":4},{"damage":11,"enemies":"Jaw Worm","floor":7,"turns":3},{"damage":15,"enemies":"Exordium Thugs","floor":8,"turns":4},{"damage":12,"enemies":"Gremlin Nob","floor":10,"turns":4},{"damage":1,"enemies":"Looter","floor":11,"turns":3},{"damage":8,"enemies":"Gremlin Nob","floor":12,"turns":2}],"relics_obtained":[{"floor":9,"key":"Dream Catcher"},{"floor":10,"key":"Orichalcum"}],"event_choices":[{"event_name":"The Cleric","player_choice":"Card Removal","floor":2,"damage_taken":0},{"event_name":"Golden Idol","player_choice":"Take Damage","floor":4,"damage_taken":0},{"event_name":"Golden Wing","player_choice":"Card Removal","floor":5,"damage_taken":0},{"event_name":"Dead Adventurer","player_choice":"Searched \u00271\u0027 times","floor":12,"damage_taken":0}],"boss_relics":[],"items_purged_floors":[],"potions_floor_spawned":[3,7,8,10],"seed_played":"-4468814186749189858","killed_by":"Gremlin Nob","ascension_level":0,"potions_obtained":[{"floor":3,"key":"EssenceOfSteel"},{"floor":7,"key":"LiquidBronze"},{"floor":8,"key":"SpeedPotion"},{"floor":10,"key":"PowerPotion"}],"is_trial":false}