{"gold_per_floor":[112,132,132,132,146,146,40,40,63,91,91,122,179,193,193,271,271,290,290,290,215,225,225,259,259,259,291,291,322,372,390,390,469,469,487,487,504,342,354,373,373],"floor_reached":41,"playtime":1428,"items_purged":["Strike_B","Normality"],"score":1039,"play_id":"9db830e6-e631-4404-88f9-e2a6062f19c6","local_time":"20180921215501","is_ascension_mode":true,"campfire_choices":[{"data":"Dualcast","floor":6,"key":"SMITH"},{"floor":8,"key":"REST"},{"data":"Electrodynamics","floor":11,"key":"SMITH"},{"data":"1","floor":15,"key":"LIFT"},{"data":"2","floor":23,"key":"LIFT"},{"data":"3","floor":25,"key":"LIFT"},{"data":"Leap","floor":28,"key":"SMITH"},{"data":"Rebound","floor":32,"key":"SMITH"}],"neow_cost":"PERCENT_DAMAGE","seed_source_timestamp":737273873164409,"circlet_count":0,"master_deck":["Strike_B","Strike_B","Defend_B","Defend_B","Defend_B","Defend_B","Zap","Dualcast+1","AscendersBane","Rebound+1","Streamline+1","Cold Snap+1","Electrodynamics+1","Cold Snap+1","BootSequence","Electrodynamics+1","Rebound+1","Melter+1","FTL+1","Leap+1","Go for the Eyes+1","All For One+1","Streamline+1","Writhe","Glacier","Cold Snap+1","Self Repair+1"],"special_seed":0,"relics":["Cracked Core","Happy Flower","Molten Egg 2","Orichalcum","Omamori","Girya","Coffee Dripper","Centennial Puzzle","Ginger","Bronze Scales","Pear","Calling Bell","Oddly Smooth Stone","Matryoshka","Du-Vu Doll"],"potions_floor_usage":[27,29,33,39,40,41],"damage_taken":[{"damage":4,"enemies":"Small Slimes","floor":1,"turns":3},{"damage":7,"enemies":"Jaw Worm","floor":2,"turns":2},{"damage":1,"enemies":"Cultist","floor":5,"turns":3},{"damage":0,"enemies":"Gremlin Nob","floor":10,"turns":3},{"damage":20,"enemies":"Lagavulin","floor":12,"turns":4},{"damage":0,"enemies":"Lots of Slimes","floor":14,"turns":3},{"damage":11,"enemies":"The Guardian","floor":16,"turns":9},{"damage":0,"enemies":"Chosen","floor":18,"turns":3},{"damage":0,"enemies":"3 Byrds","floor":22,"turns":2},{"damage":0,"enemies":"Gremlin Leader","floor":24,"turns":4},{"damage":5,"enemies":"Slavers","floor":27,"turns":2},{"damage":12,"enemies":"Gremlin Leader","floor":29,"turns":4},{"damage":3,"enemies":"Sentry and Sphere","floor":31,"turns":3},{"damage":67,"enemies":"Champ","floor":33,"turns":8},{"damage":0,"enemies":"Orb Walker","floor":35,"turns":2},{"damage":0,"enemies":"3 Darklings","floor":37,"turns":3},{"damage":26,"enemies":"Maw","floor":39,"turns":6},{"damage":29,"enemies":"Transient","floor":40,"turns":6},{"damage":38,"enemies":"Spire Growth","floor":41,"turns":4}],"seed_played":"1601872799735671705","potions_obtained":[{"floor":2,"key":"EssenceOfSteel"},{"floor":10,"key":"Energy Potion"},{"floor":16,"key":"Poison Potion"},{"floor":27,"key":"Weak Potion"},{"floor":31,"key":"FocusPotion"},{"floor":33,"key":"Block Potion"},{"floor":40,"key":"GamblersBrew"}],"is_trial":false,"path_per_floor":["M","M","?","?","M","R","$","R","T","E","R","E","?","M","R","B",null,"M","?","?","?","M","R","E","R","T","E","R","E","?","M","R","B",null,"M","?","M","$","M","M"],"character_chosen":"DEFECT","items_purchased":["Cold Snap+1","Cold Snap+1"],"campfire_rested":1,"item_purchase_floors":[7,38],"current_hp_per_floor":[53,46,41,41,40,40,40,65,65,65,65,45,45,45,45,34,72,72,85,85,85,85,85,85,85,85,80,80,78,78,75,75,8,73,73,92,92,92,66,37,0],"gold":373,"neow_bonus":"TWENTY_PERCENT_HP_BONUS","is_prod":false,"is_daily":false,"chose_seed":false,"campfire_upgraded":4,"win_rate":0,"timestamp":1537581301,"path_taken":["M","M","?","?","?","R","$","R","T","E","R","E","?","M","R","BOSS","M","?","?","?","?","R","E","R","T","E","R","E","?","M","R","BOSS","M","?","M","$","M","M","M"],"build_version":"2018-09-20","purchased_purges":2,"victory":false,"max_hp_per_floor":[85,85,85,85,85,85,85,85,85,85,85,85,85,85,85,85,85,85,85,85,85,85,85,85,85,85,85,85,95,95,95,95,95,95,95,95,95,95,95,95,95],"card_choices":[{"not_picked":["Barrage","Defragment"],"picked":"Rebound","floor":1},{"not_picked":["Coolheaded","Barrage","Rebound"],"picked":"SKIP","floor":2},{"not_picked":["Leap","Hologram"],"picked":"Streamline+1","floor":5},{"not_picked":["Rip and Tear+1","Hologram"],"picked":"Electrodynamics","floor":10},{"not_picked":["Ball Lightning+1","Chill"],"picked":"Cold Snap+1","floor":12},{"not_picked":["Coolheaded","Sweeping Beam+1"],"picked":"BootSequence","floor":14},{"not_picked":["Meteor Strike+1","Fission"],"picked":"Electrodynamics","floor":16},{"not_picked":["Beam Cell+1","White Noise"],"picked":"Rebound+1","floor":18},{"not_picked":["Sweeping Beam+1","Loop"],"picked":"Melter+1","floor":22},{"not_picked":["Hello World","Blizzard+1"],"picked":"FTL+1","floor":24},{"not_picked":["Capacitor","Hologram"],"picked":"Leap","floor":27},{"not_picked":["Conserve Battery","Compile Driver+1"],"picked":"Go for the Eyes+1","floor":29},{"not_picked":["Tempest","Redo","Genetic Algorithm"],"picked":"SKIP","floor":31},{"not_picked":["Seek","Creative AI"],"picked":"All For One+1","floor":33},{"not_picked":["Conserve Battery","Steam Power"],"picked":"Streamline+1","floor":35},{"not_picked":["Sunder+1","Sweeping Beam+1"],"picked":"Glacier","floor":37},{"not_picked":["Steam Power","Redo+1","Turbo"],"picked":"SKIP","floor":39},{"not_picked":["Rebound+1","Aggregate"],"picked":"Self Repair+1","floor":40}],"player_experience":875833,"relics_obtained":[{"floor":9,"key":"Orichalcum"},{"floor":10,"key":"Omamori"},{"floor":12,"key":"Girya"},{"floor":24,"key":"Centennial Puzzle"},{"floor":26,"key":"Ginger"},{"floor":27,"key":"Bronze Scales"},{"floor":29,"key":"Pear"},{"floor":34,"key":"Oddly Smooth Stone"},{"floor":34,"key":"Matryoshka"},{"floor":34,"key":"Du-Vu Doll"}],"event_choices":[{"event_name":"Scrap Ooze","player_choice":"success","floor":3,"damage_taken":5},{"event_name":"WeMeetAgain","player_choice":"Potion","floor":4,"damage_taken":0},{"event_name":"Golden Wing","player_choice":"Gained Gold","floor":13,"damage_taken":0},{"event_name":"The Library","player_choice":"Heal","floor":19,"damage_taken":0},{"event_name":"Upgrade Shrine","player_choice":"Upgraded","floor":20,"damage_taken":0},{"event_name":"Beggar","player_choice":"Gave Gold","floor":21,"damage_taken":0},{"event_name":"Nest","player_choice":"Stole From Cult","floor":30,"damage_taken":0},{"event_name":"Winding Halls","player_choice":"Writhe","floor":36,"damage_taken":0}],"is_beta":false,"boss_relics":[{"not_picked":["White Beast Statue","Tiny House"],"picked":"Coffee Dripper"},{"not_picked":["Runic Pyramid","Black Star"],"picked":"Calling Bell"}],"items_purged_floors":[7,38],"is_endless":false,"potions_floor_spawned":[2,10,16,27,31,33,40],"killed_by":"Spire Growth","ascension_level":20}