{"path_per_floor":["M","M","M","$","M","E","R","M","T","R","?","R","?","M","R","B",null,"M","?","$","M","$","R"],"character_chosen":"DEFECT","items_purchased":["Melter","Centennial Puzzle","Beam Cell"],"gold_per_floor":[119,135,149,73,86,113,113,131,131,131,131,131,131,150,150,255,255,265,265,11,29,4,4,4],"floor_reached":24,"campfire_rested":4,"playtime":807,"item_purchase_floors":[4,20,22],"current_hp_per_floor":[75,75,75,75,68,36,58,38,38,60,53,53,53,34,56,1,75,75,59,59,35,35,57,0],"items_purged":[],"gold":4,"score":196,"play_id":"678a1b09-ecbf-445f-9cca-f5741cdfd96c","local_time":"20180609060859","is_prod":false,"is_daily":false,"chose_seed":false,"is_ascension_mode":false,"campfire_upgraded":1,"win_rate":0.0,"timestamp":1528549739,"campfire_choices":[{"floor":7,"key":"REST"},{"floor":10,"key":"REST"},{"data":"Sunder","floor":12,"key":"SMITH"},{"floor":15,"key":"REST"},{"floor":23,"key":"REST"}],"path_taken":["M","M","M","$","M","E","R","M","T","R","?","R","?","?","R","BOSS","M","?","?","M","$","R","E"],"build_version":"2018-06-07v3","seed_source_timestamp":1490056123462660,"purchased_purges":0,"victory":false,"master_deck":["Strike_B","Strike_B","Strike_B","Defend_B","Defend_B","Defend_B","Zap","Dualcast","Rainbow","Compile Driver","Redo","Sunder+1","Melter","Redo","Buffer","Ball Lightning","Necronomicurse","Beam Cell"],"max_hp_per_floor":[75,75,75,75,75,75,75,75,75,75,75,75,75,75,75,75,75,75,75,75,75,75,75,75],"relics":["Cracked Core","Du-Vu Doll","Boot","Runic Pyramid","Necronomicon","Centennial Puzzle"],"card_choices":[{"not_picked":["Turbo","Consume"],"picked":"Compile Driver","floor":1},{"not_picked":["Cold Snap","Conserve Battery"],"picked":"Redo","floor":2},{"not_picked":["Barrage","Genetic Algorithm"],"picked":"Sunder","floor":3},{"not_picked":["Self Repair","Hologram"],"picked":"Redo","floor":5},{"not_picked":["Core Surge","Sweeping Beam","Meteor Strike"],"picked":"SKIP","floor":6},{"not_picked":["Turbo","Steam","Go for the Eyes"],"picked":"SKIP","floor":8},{"not_picked":["Auto Shields","Coolheaded","Conserve Battery"],"picked":"SKIP","floor":14},{"not_picked":["Rainbow","Fission"],"picked":"Buffer","floor":16},{"not_picked":["Sweeping Beam+1","Rebound"],"picked":"Ball Lightning","floor":18},{"not_picked":["Steam","Hologram+1","Rebound"],"picked":"SKIP","floor":21}],"player_experience":167441,"potions_floor_usage":[6,6,16,21],"damage_taken":[{"damage":0,"enemies":"2 Louse","floor":1,"turns":2},{"damage":0,"enemies":"Small Slimes","floor":2,"turns":3},{"damage":0,"enemies":"Cultist","floor":3,"turns":3},{"damage":7,"enemies":"Large Slime","floor":5,"turns":5},{"damage":32,"enemies":"Gremlin Nob","floor":6,"turns":5},{"damage":20,"enemies":"Gremlin Gang","floor":8,"turns":3},{"damage":19,"enemies":"Exordium Wildlife","floor":14,"turns":4},{"damage":55,"enemies":"Hexaghost","floor":16,"turns":9},{"damage":0,"enemies":"Spheric Guardian","floor":18,"turns":1},{"damage":24,"enemies":"Shell Parasite","floor":21,"turns":4},{"damage":63,"enemies":"Gremlin Leader","floor":24,"turns":6}],"relics_obtained":[{"floor":6,"key":"Du-Vu Doll"},{"floor":9,"key":"Boot"},{"floor":19,"key":"Necronomicon"}],"event_choices":[{"event_name":"Golden Wing","player_choice":"Card Removal","floor":11,"damage_taken":0},{"event_name":"Purifier","player_choice":"One Purge","floor":13,"damage_taken":0},{"event_name":"Cursed Tome","player_choice":"Obtained Book","floor":19,"damage_taken":0}],"boss_relics":[{"not_picked":["Eternal Feather","Sozu"],"picked":"Runic Pyramid"}],"items_purged_floors":[],"potions_floor_spawned":[2,5,14,16,18],"seed_played":"3543860624981276247","killed_by":"Gremlin Leader","ascension_level":0,"potions_obtained":[{"floor":2,"key":"Weak Potion"},{"floor":5,"key":"SneckoOil"},{"floor":14,"key":"FearPotion"},{"floor":16,"key":"EssenceOfSteel"},{"floor":18,"key":"SkillPotion"}],"is_trial":false}