{"path_per_floor":["M","?","M","M","$","R","M","R","T","M","?","T","?","$","R","B",null,"M","M","$","M","M"],"character_chosen":"THE_SILENT","items_purchased":["Finesse"],"gold_per_floor":[112,112,122,138,32,32,46,46,46,64,64,64,28,28,28,125,125,136,151,76,93,112],"floor_reached":23,"campfire_rested":1,"playtime":1483,"current_hp_per_floor":[34,34,26,24,24,24,24,24,24,23,20,20,20,20,41,41,70,70,66,66,48,34],"items_purged":["Strike_G"],"gold":112,"play_id":"ca82d6d2-fb3a-415c-a6be-b19e1309cb30","is_prod":false,"is_daily":false,"campfire_rituals":0,"campfire_upgraded":2,"is_hardmode":false,"path_taken":["M","?","M","?","$","R","M","R","T","?","?","?","?","$","R","BOSS","M","M","$","M","M","E"],"build_version":"2018-01-11-PROD2","purchased_purges":1,"victory":false,"master_deck":["Defend_G","Defend_G","Defend_G","Defend_G","Strike_G","Strike_G","Strike_G","Survivor","Neutralize","Predator","Blade Dance","Backstab","Finesse","Flying Knee","Backstab","Tactician","Flying Knee","Blade Dance","Dash","Dagger Throw","Dagger Throw","Choke"],"max_hp_per_floor":[70,70,70,70,70,70,70,70,70,70,70,70,70,70,70,70,70,70,70,70,70,70],"relics":["Ring of the Snake","Anchor","Prayer Wheel","Orichalcum","Orrery"],"campfire_meditates":0,"card_choices":[{"not_picked":["Riddle With Holes","Sucker Punch"],"picked":"Predator"},{"not_picked":["Backflip","PiercingWail"],"picked":"Blade Dance"},{"not_picked":["Riddle With Holes","Dodge and Roll"],"picked":"Backstab"},{"not_picked":["Dagger Throw","Die Die Die"],"picked":"Flying Knee"},{"not_picked":["Acrobatics","PiercingWail"],"picked":"Backstab"},{"not_picked":["After Image","Phantasmal Killer"],"picked":"Tactician"},{"not_picked":["Deadly Poison","Malaise"],"picked":"Flying Knee"},{"not_picked":["Slice","Acrobatics"],"picked":"Blade Dance"},{"not_picked":["Dodge and Roll","Flying Knee"],"picked":"Dash"},{"not_picked":["Skewer","Outmaneuver"],"picked":"Dagger Throw"},{"not_picked":["Well Laid Plans","Eviscerate"],"picked":"Dagger Throw"},{"not_picked":["Deadly Poison","Acrobatics"],"picked":"Choke"}],"player_experience":51074,"potions_floor_usage":[16,18,19,21,21,23,23],"damage_taken":[{"damage":1,"enemies":"Cultist","floor":1,"turns":6},{"damage":8,"enemies":"Blue Slaver","floor":3,"turns":3},{"damage":2,"enemies":"Small Slimes","floor":4,"turns":3},{"damage":0,"enemies":"2 Fungi Beasts","floor":7,"turns":2},{"damage":1,"enemies":"Exordium Wildlife","floor":10,"turns":3},{"damage":0,"enemies":"Slime Boss","floor":16,"turns":6},{"damage":0,"enemies":"3 Byrds","floor":18,"turns":4},{"damage":4,"enemies":"2 Thieves","floor":19,"turns":3},{"damage":18,"enemies":"Slaver and Parasite","floor":21,"turns":8},{"damage":14,"enemies":"Sentry and Sphere","floor":22,"turns":4},{"damage":50,"enemies":"Slavers","floor":23,"turns":5}],"event_choices":[{"event_name":"Liars Game","player_choice":"disagreed","floor":2,"damage_taken":0},{"event_name":"Scrap Ooze","player_choice":"success","floor":11,"damage_taken":3},{"event_name":"World of Goop","player_choice":"Left","floor":13,"damage_taken":0}],"boss_relics":[{"not_picked":["The Specimen","Cursed Key"],"picked":"Orrery"}],"potions_floor_spawned":[1,3,10,16,18,19,22],"seed_played":"-8205468254612314348","killed_by":"Slavers","is_trial":false}