{"gold_per_floor":[114,164,178,178,328,328,340,340,340,340,375,375,395,411,411,487,487,502,417,432,64,78,107,107,142,142,142,142,142,156,185,185,263,263,274,327,327,346,346,346,346,361,361,390,390,268,268,295,295,295],"floor_reached":50,"playtime":2492,"items_purged":["Doubt"],"score":1233,"play_id":"1e88648d-fd60-480f-aee1-b706ed6d7fda","local_time":"20190308210945","is_ascension_mode":true,"campfire_choices":[{"data":"1","floor":6,"key":"LIFT"},{"data":"2","floor":8,"key":"LIFT"},{"data":"Armaments","floor":10,"key":"SMITH"},{"data":"3","floor":12,"key":"LIFT"},{"data":"Uppercut","floor":15,"key":"SMITH"},{"data":"Evolve","floor":24,"key":"SMITH"},{"floor":27,"key":"REST"},{"floor":32,"key":"RECALL"},{"data":"True Grit","floor":40,"key":"SMITH"},{"floor":49,"key":"REST"}],"neow_cost":"TEN_PERCENT_HP_LOSS","seed_source_timestamp":151367365123192,"circlet_count":0,"master_deck":["AscendersBane","Strike_R+1","Strike_R+1","Strike_R+1","Strike_R+1","Defend_R+1","Defend_R+1","Defend_R+1","Defend_R+1","Bash","Thunderclap","Uppercut+1","Armaments+1","Corruption","Feed","Headbutt+1","Cleave+1","Evolve+1","Dual Wield","Pommel Strike+1","Wild Strike+1","Shrug It Off","Dark Embrace","True Grit+1","Battle Trance","Ghostly Armor+1","Flame Barrier","Double Tap","Pummel","Shrug It Off+1"],"special_seed":0,"relics":["Burning Blood","Girya","Happy Flower","Bag of Marbles","Velvet Choker","Turnip","Bag of Preparation","War Paint","Thread and Needle","Sundial","Shuriken","Gremlin Horn","Snecko Eye","Mango","The Courier","Red Skull","Dream Catcher","Incense Burner"],"potions_floor_usage":[11,18,22],"damage_taken":[{"damage":1.0,"enemies":"Small Slimes","floor":1.0,"turns":4.0},{"damage":1,"enemies":"Cultist","floor":3,"turns":3},{"damage":6,"enemies":"2 Louse","floor":7,"turns":3},{"damage":17,"enemies":"3 Sentries","floor":11,"turns":6},{"damage":7,"enemies":"Exordium Wildlife","floor":13,"turns":5},{"damage":1,"enemies":"2 Fungi Beasts","floor":14,"turns":2},{"damage":38,"enemies":"The Guardian","floor":16,"turns":12},{"damage":27,"enemies":"Shell Parasite","floor":18,"turns":4},{"damage":13,"enemies":"Spheric Guardian","floor":20,"turns":4},{"damage":2,"enemies":"Cultist and Chosen","floor":22,"turns":5},{"damage":0,"enemies":"Gremlin Leader","floor":23,"turns":6},{"damage":41,"enemies":"Book of Stabbing","floor":25,"turns":4},{"damage":2,"enemies":"Centurion and Healer","floor":30,"turns":6},{"damage":11,"enemies":"Slavers","floor":31,"turns":3},{"damage":37,"enemies":"Collector","floor":33,"turns":7},{"damage":0,"enemies":"Orb Walker","floor":35,"turns":2},{"damage":11,"enemies":"2 Orb Walkers","floor":36,"turns":4},{"damage":0,"enemies":"3 Darklings","floor":38,"turns":2},{"damage":0,"enemies":"Transient","floor":42,"turns":6},{"damage":37,"enemies":"Giant Head","floor":44,"turns":7},{"damage":29,"enemies":"Nemesis","floor":48,"turns":7},{"damage":106,"enemies":"Awakened One","floor":50,"turns":15}],"seed_played":"1223838957758889070","potions_obtained":[{"floor":1.0,"key":"PowerPotion"},{"floor":3,"key":"BloodPotion"},{"floor":13,"key":"SpeedPotion"},{"floor":20,"key":"SkillPotion"},{"floor":25,"key":"SteroidPotion"},{"floor":30,"key":"LiquidBronze"}],"is_trial":false,"path_per_floor":["M","?","M","$","?","R","M","R","T","R","E","R","M","M","R","B",null,"M","?","M","$","M","E","R","E","T","R","?","?","M","E","R","B",null,"M","?","?","M","?","R","T","M","T","E","?","$","?","E","R","B"],"character_chosen":"IRONCLAD","items_purchased":["Evolve","Bag of Preparation","Dual Wield","Double Tap"],"campfire_rested":2,"item_purchase_floors":[21,21,21,46],"current_hp_per_floor":[68,62,67,67,67,67,67,67,67,67,56,56,55,60,60,28,58,47,47,44,44,52,61,61,29,29,54,54,54,62,60,60,29,77,83,100,100,110,110,110,110,116,116,88,88,88,88,65,99,0],"gold":295,"neow_bonus":"ONE_RARE_RELIC","is_prod":false,"is_daily":false,"chose_seed":false,"campfire_upgraded":4,"win_rate":0,"timestamp":1552097385,"path_taken":["M","?","?","?","?","R","M","R","T","R","E","R","M","M","R","BOSS","M","?","M","$","M","E","R","E","T","R","?","?","?","E","R","BOSS","M","?","?","M","?","R","?","?","T","E","?","?","?","E","R","BOSS"],"build_version":"2019-02-06","purchased_purges":1,"victory":false,"max_hp_per_floor":[68,68,68,68,68,68,68,68,68,68,68,68,68,68,68,68,68,72,72,76,76,80,83,83,86,86,86,86,86,90,93,93,93,93,93,115,115,119,119,119,119,119,119,122,116,116,116,116,116,120],"card_choices":[{"not_picked":["Twin Strike","Warcry"],"picked":"Thunderclap","floor":1.0},{"not_picked":["True Grit","Sword Boomerang"],"picked":"Uppercut","floor":3},{"not_picked":["Heavy Blade","Ghostly Armor"],"picked":"Armaments","floor":7},{"not_picked":["Fire Breathing","Rupture","Combust"],"picked":"SKIP","floor":11},{"not_picked":["Wild Strike","Flex"],"picked":"Corruption","floor":13},{"not_picked":["Thunderclap","Uppercut","Armaments"],"picked":"SKIP","floor":14},{"not_picked":["Berserk","Juggernaut"],"picked":"Feed","floor":16},{"not_picked":["Pommel Strike","Flex"],"picked":"Headbutt+1","floor":18},{"not_picked":["Armaments","Reckless Charge"],"picked":"Cleave+1","floor":20},{"not_picked":["Clothesline","Twin Strike"],"picked":"Pommel Strike+1","floor":22},{"not_picked":["Twin Strike","Pommel Strike"],"picked":"Wild Strike+1","floor":23},{"not_picked":["Bludgeon","Heavy Blade","Iron Wave"],"picked":"SKIP","floor":25},{"not_picked":["Havoc","Clothesline"],"picked":"Shrug It Off","floor":30},{"not_picked":["Corruption","Anger","Seeing Red"],"picked":"SKIP","floor":31},{"not_picked":["Berserk","Exhume"],"picked":"Dark Embrace","floor":33},{"not_picked":["Havoc","Pummel"],"picked":"True Grit","floor":35},{"not_picked":["Cleave+1","Blood for Blood"],"picked":"Battle Trance","floor":38},{"not_picked":["True Grit","Havoc"],"picked":"Ghostly Armor+1","floor":42},{"not_picked":["Rupture","Havoc"],"picked":"Flame Barrier","floor":44},{"not_picked":["Combust","Armaments+1"],"picked":"Pummel","floor":48},{"not_picked":["Dark Embrace","Headbutt"],"picked":"Shrug It Off+1","floor":49}],"player_experience":1066321,"relics_obtained":[{"floor":9,"key":"Happy Flower"},{"floor":11,"key":"Bag of Marbles"},{"floor":23,"key":"War Paint"},{"floor":25,"key":"Thread and Needle"},{"floor":26,"key":"Sundial"},{"floor":29,"key":"Shuriken"},{"floor":31,"key":"Gremlin Horn"},{"floor":36,"key":"Mango"},{"floor":43,"key":"The Courier"},{"floor":44,"key":"Red Skull"},{"floor":48,"key":"Incense Burner"}],"event_choices":[{"damage_healed":0,"gold_gain":50,"player_choice":"Touch","damage_taken":6,"max_hp_gain":0,"max_hp_loss":0,"event_name":"FaceTrader","floor":2,"gold_loss":0},{"damage_healed":0,"gold_gain":150,"player_choice":"AGREE","damage_taken":0,"max_hp_gain":0,"max_hp_loss":0,"event_name":"Liars Game","floor":5,"gold_loss":0,"cards_obtained":["Doubt"]},{"damage_healed":0,"gold_gain":0,"player_choice":"Obtained Relic","damage_taken":0,"relics_obtained":["Turnip"],"max_hp_gain":0,"max_hp_loss":0,"event_name":"Addict","floor":19,"gold_loss":85},{"damage_healed":0,"gold_gain":0,"player_choice":"Simplicity","damage_taken":0,"max_hp_gain":0,"max_hp_loss":0,"event_name":"Back to Basics","floor":28,"gold_loss":0,"cards_upgraded":["Strike_R","Strike_R","Strike_R","Strike_R","Strike_R","Defend_R","Defend_R"]},{"damage_healed":0,"gold_gain":0,"player_choice":"Relic","damage_taken":0,"max_hp_gain":0,"max_hp_loss":0,"event_name":"Wheel of Change","floor":29,"gold_loss":0},{"damage_healed":0,"gold_gain":0,"player_choice":"Fight","damage_taken":0,"max_hp_gain":0,"max_hp_loss":0,"event_name":"Mysterious Sphere","floor":36,"gold_loss":0},{"cards_removed":["Strike_R"],"damage_healed":0,"gold_gain":0,"player_choice":"Removed Attack","damage_taken":0,"max_hp_gain":0,"max_hp_loss":0,"event_name":"Falling","floor":37,"gold_loss":0},{"damage_healed":0,"gold_gain":0,"player_choice":"Ignored","damage_taken":0,"max_hp_gain":0,"max_hp_loss":0,"event_name":"Tomb of Lord Red Mask","floor":39,"gold_loss":0},{"damage_healed":0,"gold_gain":0,"player_choice":"Max HP","damage_taken":0,"max_hp_gain":0,"max_hp_loss":6,"event_name":"Winding Halls","floor":45,"gold_loss":0},{"damage_healed":0,"gold_gain":0,"player_choice":"Gave Potion","damage_taken":0,"relics_obtained":["Dream Catcher"],"max_hp_gain":0,"max_hp_loss":0,"event_name":"WeMeetAgain","floor":47,"gold_loss":0}],"is_beta":true,"boss_relics":[{"not_picked":["Pandora\u0027s Box","Runic Cube"],"picked":"Velvet Choker"},{"not_picked":["Lizard Tail","Runic Pyramid"],"picked":"Snecko Eye"}],"items_purged_floors":[21],"is_endless":false,"potions_floor_spawned":[1,3,13,20,25,30,36,38],"killed_by":"Awakened One","ascension_level":20}