{"gold_per_floor":[113,113,9,28,303,338,349,381,407,407,433,433,452,452,452,548,548,563,563,583,7,48,84,109,159,206,206,217,217,249,263,263,337,337,352,253,253,271,317,317,333,358,358,358],"floor_reached":44,"playtime":1723,"items_purged":["Regret"],"score":1213,"play_id":"f4b4162b-03f5-425a-97c6-9651f828bb2d","local_time":"20190223095431","is_ascension_mode":true,"campfire_choices":[{"data":"True Grit","floor":12,"key":"SMITH"},{"data":"Disarm","floor":15,"key":"SMITH"},{"data":"Apotheosis","floor":32,"key":"SMITH"},{"floor":40,"key":"RECALL"}],"neow_cost":"NONE","seed_source_timestamp":45074878279358,"circlet_count":0,"master_deck":["AscendersBane","Strike_R","Strike_R","Strike_R","Strike_R","Defend_R","Defend_R","Defend_R","Defend_R","Bash","Perfected Strike","Disarm+1","True Grit+1","Perfected Strike","Reaper","Metallicize","Shrug It Off","Impervious","Battle Trance","Immolate","Perfected Strike","Disarm+1","Inflame","Disarm","Apotheosis+1","Corruption","Shrug It Off","Spot Weakness","Perfected Strike","Perfected Strike","Limit Break","Shrug It Off","Perfected Strike+1","Uppercut","Feel No Pain"],"special_seed":0,"relics":["Burning Blood","NeowsBlessing","Potion Belt","Ancient Tea Set","Happy Flower","Thread and Needle","Bag of Marbles","Bloody Idol","Mark of Pain","Bottled Lightning","Red Mask","Anchor","Omamori","Self Forming Clay","Fusion Hammer","Mango","Regal Pillow","Kunai"],"potions_floor_usage":[20,30,42],"damage_taken":[{"damage":0.0,"enemies":"2 Louse","floor":1.0,"turns":2.0},{"damage":0.0,"enemies":"Cultist","floor":4.0,"turns":1.0},{"damage":0.0,"enemies":"Gremlin Nob","floor":6.0,"turns":1.0},{"damage":10.0,"enemies":"Jaw Worm","floor":7.0,"turns":4.0},{"damage":38.0,"enemies":"Lagavulin","floor":8.0,"turns":7.0},{"damage":21,"enemies":"Gremlin Nob","floor":11,"turns":4},{"damage":0,"enemies":"2 Fungi Beasts","floor":13,"turns":2},{"damage":0,"enemies":"Hexaghost","floor":16,"turns":12},{"damage":0,"enemies":"Chosen","floor":18,"turns":4},{"damage":11,"enemies":"2 Thieves","floor":20,"turns":3},{"damage":0,"enemies":"Masked Bandits","floor":22,"turns":1},{"damage":21,"enemies":"Gremlin Leader","floor":23,"turns":7},{"damage":10,"enemies":"Chosen and Byrds","floor":24,"turns":7},{"damage":12,"enemies":"Centurion and Healer","floor":28,"turns":4},{"damage":3,"enemies":"Slavers","floor":30,"turns":5},{"damage":3,"enemies":"Snake Plant","floor":31,"turns":3},{"damage":54,"enemies":"Automaton","floor":33,"turns":12},{"damage":0,"enemies":"Orb Walker","floor":35,"turns":2},{"damage":0,"enemies":"3 Shapes","floor":38,"turns":4},{"damage":15,"enemies":"2 Orb Walkers","floor":39,"turns":4},{"damage":12,"enemies":"Sphere and 2 Shapes","floor":41,"turns":4},{"damage":40,"enemies":"Giant Head","floor":42,"turns":7},{"damage":61,"enemies":"Nemesis","floor":44,"turns":6}],"seed_played":"-4357862838846260696","potions_obtained":[{"floor":6.0,"key":"Poison Potion"},{"floor":8.0,"key":"Regen Potion"},{"floor":13,"key":"SkillPotion"},{"floor":18,"key":"Energy Potion"},{"floor":20,"key":"Fire Potion"},{"floor":22,"key":"Energy Potion"},{"floor":30,"key":"GamblersBrew"},{"floor":35,"key":"Fire Potion"}],"is_trial":false,"path_per_floor":["M","?","$","M","?","E","M","E","T","?","E","R","M","?","R","B",null,"M","?","M","$","?","E","M","?","T","?","M","T","E","M","R","B",null,"M","$","?","M","?","R","M","E","T","E"],"character_chosen":"IRONCLAD","items_purchased":["Disarm","True Grit","Disarm","Apotheosis","Bottled Lightning","Corruption","Shrug It Off"],"campfire_rested":0,"item_purchase_floors":[3,3,21,21,21,21,36],"current_hp_per_floor":[74,74,74,75,75,75,71,45,45,34,19,19,29,29,29,35,60,68,68,63,63,68,68,68,68,68,68,67,67,68,68,68,28,58,68,68,68,68,82,82,81,60,60,0],"gold":358,"neow_bonus":"THREE_ENEMY_KILL","is_prod":false,"is_daily":false,"chose_seed":false,"campfire_upgraded":3,"win_rate":0,"timestamp":1550933671,"path_taken":["M","?","$","M","?","E","?","E","T","?","E","R","M","?","R","BOSS","M","?","M","?","?","E","M","?","T","?","M","?","E","M","R","BOSS","M","$","?","?","?","R","M","E","T","E"],"build_version":"2019-02-06","purchased_purges":1,"victory":false,"max_hp_per_floor":[75,75,75,75,75,75,75,75,75,75,75,75,75,68,68,68,68,68,68,68,68,68,68,68,68,68,68,68,68,68,68,68,68,68,68,68,68,68,82,82,82,82,82,82],"card_choices":[{"not_picked":["Flex","Bloodletting"],"picked":"Perfected Strike","floor":1.0},{"not_picked":["Wild Strike","Combust"],"picked":"Perfected Strike","floor":4.0},{"not_picked":["Clothesline","Shrug It Off"],"picked":"Reaper","floor":6.0},{"not_picked":["Infernal Blade","Anger"],"picked":"Metallicize","floor":7.0},{"not_picked":["Pummel","Ghostly Armor"],"picked":"Shrug It Off","floor":8.0},{"not_picked":["Entrench","Heavy Blade"],"picked":"Impervious","floor":11},{"not_picked":["Heavy Blade","Thunderclap"],"picked":"Battle Trance","floor":13},{"not_picked":["Dark Embrace","Reaper"],"picked":"Immolate","floor":16},{"not_picked":["Anger","Second Wind+1"],"picked":"Perfected Strike","floor":18},{"not_picked":["Rampage","Clash+1"],"picked":"Inflame","floor":20},{"not_picked":["Hemokinesis+1","Rampage"],"picked":"Shrug It Off","floor":22},{"not_picked":["Headbutt","Thunderclap"],"picked":"Spot Weakness","floor":23},{"not_picked":["Clash","Sword Boomerang","Immolate"],"picked":"SKIP","floor":24},{"not_picked":["Sentinel","Clash"],"picked":"Perfected Strike","floor":28},{"not_picked":["Ghostly Armor","Feel No Pain"],"picked":"Perfected Strike","floor":30},{"not_picked":["Pummel","Cleave","Seeing Red"],"picked":"SKIP","floor":31},{"not_picked":["Brutality","Impervious"],"picked":"Limit Break","floor":33},{"not_picked":["Clash","Bloodletting","Warcry"],"picked":"SKIP","floor":35},{"not_picked":["Shrug It Off+1","Sword Boomerang"],"picked":"Perfected Strike+1","floor":38},{"not_picked":["Cleave","Twin Strike+1"],"picked":"Uppercut","floor":41},{"not_picked":["Body Slam","Bloodletting+1"],"picked":"Feel No Pain","floor":42}],"player_experience":982705,"relics_obtained":[{"floor":6.0,"key":"Potion Belt"},{"floor":8.0,"key":"Ancient Tea Set"},{"floor":9.0,"key":"Happy Flower"},{"floor":11,"key":"Bag of Marbles"},{"floor":22,"key":"Red Mask"},{"floor":23,"key":"Anchor"},{"floor":29,"key":"Omamori"},{"floor":30,"key":"Self Forming Clay"},{"floor":39,"key":"Mango"},{"floor":42,"key":"Regal Pillow"},{"floor":43,"key":"Kunai"}],"event_choices":[{"damage_healed":0.0,"max_hp_gain":0.0,"max_hp_loss":0.0,"gold_gain":0.0,"event_name":"The Cleric","player_choice":"Leave","floor":2.0,"gold_loss":0.0,"damage_taken":0.0},{"damage_healed":0.0,"max_hp_gain":0.0,"max_hp_loss":0.0,"gold_gain":275.0,"event_name":"Golden Shrine","player_choice":"Desecrate","floor":5.0,"gold_loss":0.0,"damage_taken":0.0,"cards_obtained":["Regret"]},{"damage_healed":0.0,"max_hp_gain":0.0,"max_hp_loss":0.0,"gold_gain":0.0,"event_name":"Scrap Ooze","player_choice":"Success","floor":10.0,"gold_loss":0.0,"damage_taken":11.0,"relics_obtained":["Thread and Needle"]},{"damage_healed":0,"gold_gain":0,"player_choice":"Lose Max HP","damage_taken":0,"relics_obtained":["Golden Idol"],"max_hp_gain":0,"max_hp_loss":7,"event_name":"Golden Idol","floor":14,"gold_loss":0},{"damage_healed":0,"gold_gain":0,"player_choice":"Copied","damage_taken":0,"max_hp_gain":0,"max_hp_loss":0,"event_name":"Duplicator","floor":19,"gold_loss":0,"cards_obtained":["Disarm"]},{"damage_healed":0,"gold_gain":0,"player_choice":"Fought Bandits","damage_taken":0,"max_hp_gain":0,"max_hp_loss":0,"event_name":"Masked Bandits","floor":22,"gold_loss":0},{"damage_healed":0,"gold_gain":50,"player_choice":"Stole From Cult","damage_taken":0,"max_hp_gain":0,"max_hp_loss":0,"event_name":"Nest","floor":25,"gold_loss":0},{"damage_healed":0,"gold_gain":0,"player_choice":"Gave Idol","damage_taken":0,"relics_obtained":["Bloody Idol"],"max_hp_gain":0,"max_hp_loss":0,"event_name":"Forgotten Altar","floor":27,"relics_lost":["Golden Idol"],"gold_loss":0},{"cards_removed":["Strike_R"],"damage_healed":0,"gold_gain":0,"player_choice":"Purged","damage_taken":0,"max_hp_gain":0,"max_hp_loss":0,"event_name":"Purifier","floor":37,"gold_loss":0},{"damage_healed":0,"gold_gain":0,"player_choice":"Fight","damage_taken":0,"max_hp_gain":0,"max_hp_loss":0,"event_name":"Mysterious Sphere","floor":39,"gold_loss":0}],"is_beta":true,"boss_relics":[{"not_picked":["Eternal Feather","Empty Cage"],"picked":"Mark of Pain"},{"not_picked":["Snecko Eye","Astrolabe"],"picked":"Fusion Hammer"}],"items_purged_floors":[36],"is_endless":false,"potions_floor_spawned":[6,8,13,18,20,22,30,35,39],"killed_by":"Nemesis","ascension_level":20}