{"gold_per_floor":[110,110,122,72,72,100,100,114,114,148,148,148,168,184,184,283,333,350,350,350,382,4,4,4,4,61,61,61,77,77,96,96,96],"floor_reached":33,"playtime":1076,"items_purged":["Defend_G"],"score":276,"play_id":"8aa80958-b818-480a-82a9-90e50ca54284","local_time":"20190127054231","is_ascension_mode":false,"campfire_choices":[{"data":"Infinite Blades","floor":7,"key":"SMITH"},{"data":"Cloak And Dagger","floor":12,"key":"SMITH"},{"data":"Cloak And Dagger","floor":15,"key":"SMITH"},{"data":"Envenom","floor":23,"key":"SMITH"},{"data":"Cloak And Dagger","floor":28,"key":"SMITH"},{"floor":32,"key":"REST"}],"neow_cost":"NONE","seed_source_timestamp":834020803718129,"circlet_count":0,"master_deck":["Defend_G","Defend_G","Defend_G+1","Defend_G","Strike_G","Strike_G","Strike_G","Strike_G","Survivor","Neutralize","Cloak And Dagger+1","Neutralize","Infinite Blades+1","Cloak And Dagger+1","Backstab+1","Envenom+1","Cloak And Dagger+1","Blade Dance","A Thousand Cuts","Backstab+1","RitualDagger"],"relics":["Ring of the Snake","NeowsBlessing","Mummified Hand","Question Card","Juzu Bracelet","Tiny House","Red Mask","Vajra","Tiny Chest","MutagenicStrength"],"potions_floor_usage":[10,10,16,21,21,33],"damage_taken":[{"damage":0,"enemies":"2 Louse","floor":1,"turns":1},{"damage":0,"enemies":"Cultist","floor":3,"turns":1},{"damage":0,"enemies":"3 Sentries","floor":6,"turns":1},{"damage":0,"enemies":"Jaw Worm","floor":8,"turns":4},{"damage":18,"enemies":"Gremlin Nob","floor":10,"turns":5},{"damage":0,"enemies":"Exordium Thugs","floor":13,"turns":3},{"damage":0,"enemies":"3 Louse","floor":14,"turns":2},{"damage":16,"enemies":"The Guardian","floor":16,"turns":14},{"damage":12,"enemies":"Shell Parasite","floor":18,"turns":6},{"damage":30,"enemies":"Masked Bandits","floor":21,"turns":6},{"damage":1,"enemies":"Chosen","floor":29,"turns":3},{"damage":5,"enemies":"Shelled Parasite and Fungi","floor":31,"turns":3},{"damage":63,"enemies":"Collector","floor":33,"turns":5}],"seed_played":"-7519676705825705441","potions_obtained":[{"floor":1,"key":"PowerPotion"},{"floor":8,"key":"Block Potion"},{"floor":10,"key":"Weak Potion"},{"floor":14,"key":"Dexterity Potion"},{"floor":17,"key":"Explosive Potion"},{"floor":21,"key":"SpeedPotion"}],"is_trial":false,"path_per_floor":["M","?","M","?","$","E","R","M","T","E","?","R","M","M","R","B",null,"M","?","?","?","$","R","$","?","T","?","R","M","?","M","R","B"],"character_chosen":"THE_SILENT","items_purchased":["A Thousand Cuts","Vajra"],"campfire_rested":1,"item_purchase_floors":[22,22],"current_hp_per_floor":[70,70,70,70,70,70,70,70,70,52,52,52,52,52,52,36,75,63,63,75,45,45,45,45,45,45,39,39,38,38,33,55,0],"gold":96,"neow_bonus":"THREE_ENEMY_KILL","is_prod":false,"is_daily":false,"chose_seed":false,"campfire_upgraded":5,"win_rate":0,"timestamp":1548596551,"path_taken":["M","?","?","?","?","E","R","M","T","E","?","R","M","M","R","BOSS","M","?","?","?","$","R","$","?","T","?","R","M","?","M","R","BOSS"],"build_version":"2019-01-23","purchased_purges":1,"victory":false,"max_hp_per_floor":[70,70,70,70,70,70,70,70,70,70,70,70,70,70,70,70,75,75,75,75,75,75,75,75,75,75,75,75,75,75,75,75,75],"card_choices":[{"not_picked":["Escape Plan","Dodge and Roll"],"picked":"Cloak And Dagger","floor":1},{"not_picked":["All Out Attack","Setup","Slice"],"picked":"SKIP","floor":3},{"not_picked":["Terror","Backflip","Bouncing Flask"],"picked":"SKIP","floor":6},{"not_picked":["Flechettes","Deflect"],"picked":"Cloak And Dagger","floor":8},{"not_picked":["Poisoned Stab","Well Laid Plans","PiercingWail"],"picked":"Backstab","floor":10},{"not_picked":["Deflect","Choke","Flying Knee","Backflip"],"picked":"SKIP","floor":13},{"not_picked":["Adrenaline","Prepared","Choke","Slice"],"picked":"SKIP","floor":14},{"not_picked":["Die Die Die","Wraith Form v2","Glass Knife"],"picked":"Envenom","floor":16},{"not_picked":["Sucker Punch","Poisoned Stab+1","Outmaneuver"],"picked":"Cloak And Dagger","floor":18},{"not_picked":["PiercingWail","Prepared","Slice"],"picked":"Blade Dance","floor":21},{"not_picked":["Bouncing Flask","Setup+1","Bane","Dagger Throw"],"picked":"SKIP","floor":29},{"not_picked":["Dash","Sucker Punch","Deflect+1","Dagger Throw"],"picked":"SKIP","floor":31}],"player_experience":191624,"relics_obtained":[{"floor":6,"key":"Mummified Hand"},{"floor":9,"key":"Question Card"},{"floor":10,"key":"Juzu Bracelet"},{"floor":21,"key":"Red Mask"},{"floor":26,"key":"Tiny Chest"}],"event_choices":[{"damage_healed":0,"gold_gain":0,"player_choice":"2 cards matched","damage_taken":0,"max_hp_gain":0,"max_hp_loss":0,"event_name":"Match and Keep!","floor":2,"gold_loss":0,"cards_obtained":["Neutralize","Infinite Blades"]},{"cards_removed":["Strike_G"],"damage_healed":0,"gold_gain":0,"player_choice":"Card Removal","damage_taken":0,"max_hp_gain":0,"max_hp_loss":0,"event_name":"The Cleric","floor":4,"gold_loss":50},{"damage_healed":0,"gold_gain":0,"player_choice":"Forge","damage_taken":0,"max_hp_gain":0,"max_hp_loss":0,"event_name":"Accursed Blacksmith","floor":11,"gold_loss":0,"cards_upgraded":["Backstab"]},{"damage_healed":0,"gold_gain":0,"player_choice":"Ignored","damage_taken":0,"max_hp_gain":0,"max_hp_loss":0,"event_name":"Ghosts","floor":19,"gold_loss":0},{"damage_healed":25,"gold_gain":0,"player_choice":"Heal","damage_taken":0,"max_hp_gain":0,"max_hp_loss":0,"event_name":"The Library","floor":20,"gold_loss":0},{"damage_healed":0,"gold_gain":0,"player_choice":"Fought Bandits","damage_taken":0,"max_hp_gain":0,"max_hp_loss":0,"event_name":"Masked Bandits","floor":21,"gold_loss":0},{"damage_healed":0,"gold_gain":0,"player_choice":"Copied","damage_taken":0,"max_hp_gain":0,"max_hp_loss":0,"event_name":"Duplicator","floor":25,"gold_loss":0,"cards_obtained":["Backstab"]},{"damage_healed":0,"gold_gain":0,"player_choice":"Joined the Cult","damage_taken":6,"max_hp_gain":0,"max_hp_loss":0,"event_name":"Nest","floor":27,"gold_loss":0,"cards_obtained":["RitualDagger"]},{"damage_healed":0,"gold_gain":0,"player_choice":"Inject Mutagens","damage_taken":0,"relics_obtained":["MutagenicStrength"],"max_hp_gain":0,"max_hp_loss":0,"event_name":"Drug Dealer","floor":30,"gold_loss":0}],"is_beta":false,"boss_relics":[{"not_picked":["White Beast Statue","Fusion Hammer"],"picked":"Tiny House"}],"items_purged_floors":[22],"is_endless":false,"potions_floor_spawned":[1,8,10,14,21],"killed_by":"Collector","ascension_level":0}