{"gold_per_floor":[117,135,135,147,112,112,124,154,201,212,53,71,71,89,89,162,162,178,178,178,192,212,212,229,229,229,229,229,229,13,26,26,100,100,120,120,0,0,0,0,0,0,27,27,27,27,45,57,57,57],"floor_reached":51,"playtime":2933,"items_purged":["Strike_G"],"score":1241,"play_id":"2c0928c6-8900-4aa8-aafa-f93f2a1dc151","local_time":"20190318165517","is_ascension_mode":true,"campfire_choices":[{"data":"Infinite Blades","floor":6,"key":"SMITH"},{"floor":13,"key":"REST"},{"data":"Well Laid Plans","floor":15,"key":"SMITH"},{"floor":25,"key":"REST"},{"floor":27,"key":"REST"},{"floor":29,"key":"REST"},{"floor":32,"key":"REST"},{"floor":40,"key":"REST"},{"floor":42,"key":"REST"},{"floor":49,"key":"REST"}],"neow_cost":"NONE","seed_source_timestamp":26786809152734,"circlet_count":0,"master_deck":["AscendersBane","Defend_G+1","Defend_G+1","Defend_G+1","Defend_G+1","Defend_G+1","Strike_G+1","Strike_G+1","Survivor+1","Neutralize+1","Infinite Blades+1","Burst+1","Deadly Poison+1","Backflip+1","Poisoned Stab+1","Noxious Fumes+1","Well Laid Plans+1","PiercingWail+1","Caltrops+1","Venomology+1","Blur+1","Cloak And Dagger+1","Choke+1","Bouncing Flask+1","Noxious Fumes+1","Acrobatics+1","Poisoned Stab+1","Crippling Poison+1","Backflip+1","Noxious Fumes+1","Burst+1","Catalyst+1","Backflip","Footwork"],"relics":["Ring of the Snake","Dream Catcher","Letter Opener","Snake Skull","Whetstone","Fusion Hammer","Toolbox","Busted Crown","Red Mask","Mark of the Bloom","Blood Vial"],"potions_floor_usage":[8,8,18,18,22,22,23,23,23,24,28,28,31,31,33,33,33,47,48,50],"damage_taken":[{"damage":15,"enemies":"Small Slimes","floor":1,"turns":5},{"damage":13,"enemies":"Cultist","floor":2,"turns":5},{"damage":0,"enemies":"2 Louse","floor":4,"turns":4},{"damage":7,"enemies":"2 Fungi Beasts","floor":7,"turns":3},{"damage":20,"enemies":"Lagavulin","floor":8,"turns":6},{"damage":1,"enemies":"Looter","floor":10,"turns":3},{"damage":3,"enemies":"Blue Slaver","floor":12,"turns":4},{"damage":10,"enemies":"Exordium Thugs","floor":14,"turns":5},{"damage":5,"enemies":"Hexaghost","floor":16,"turns":8},{"damage":1,"enemies":"Chosen","floor":18,"turns":6},{"damage":27,"enemies":"2 Thieves","floor":21,"turns":4},{"damage":6,"enemies":"Snecko","floor":22,"turns":6},{"damage":3,"enemies":"Gremlin Leader","floor":23,"turns":4},{"damage":13,"enemies":"Snake Plant","floor":24,"turns":3},{"damage":7,"enemies":"Colosseum Slavers","floor":28,"turns":5},{"damage":5,"enemies":"Cultist and Chosen","floor":31,"turns":6},{"damage":49,"enemies":"Automaton","floor":33,"turns":9},{"damage":12,"enemies":"3 Shapes","floor":35,"turns":3},{"damage":0,"enemies":"3 Darklings","floor":47,"turns":4},{"damage":16,"enemies":"Jaw Worm Horde","floor":48,"turns":3},{"damage":10,"enemies":"Time Eater","floor":50,"turns":5}],"seed_played":"6570627385508188903","potions_obtained":[{"floor":2,"key":"Block Potion"},{"floor":7,"key":"PowerPotion"},{"floor":10,"key":"GhostInAJar"},{"floor":12,"key":"GamblersBrew"},{"floor":22,"key":"Block Potion"},{"floor":24,"key":"LiquidBronze"},{"floor":33,"key":"GhostInAJar"},{"floor":47,"key":"Poison Potion"}],"is_trial":false,"path_per_floor":["M","M","?","M","?","R","M","E","T","M","$","M","R","M","R","B",null,"M","?","?","M","M","E","M","R","T","R","?","R","$","M","R","B",null,"M","?","?","?","$","R","?","R","T","$","?","$","M","M","R","B",null],"character_chosen":"THE_SILENT","items_purchased":["Noxious Fumes","Toolbox"],"campfire_rested":8,"item_purchase_floors":[11,30],"current_hp_per_floor":[44,31,31,31,47,47,40,20,20,19,19,16,35,25,25,20,55,54,54,54,27,21,18,5,24,24,43,36,55,55,50,66,17,54,42,42,42,42,42,60,60,60,60,60,60,60,60,44,44,34],"gold":57,"neow_bonus":"RANDOM_COMMON_RELIC","is_prod":false,"is_daily":false,"chose_seed":false,"campfire_upgraded":2,"win_rate":0,"timestamp":1552942517,"path_taken":["M","M","?","?","?","R","M","E","T","M","$","M","R","M","R","BOSS","M","?","?","M","M","E","M","R","T","R","?","R","?","M","R","BOSS","M","?","?","?","$","R","?","R","T","$","?","?","?","M","R","BOSS"],"build_version":"2019-03-15","purchased_purges":1,"victory":true,"max_hp_per_floor":[66,66,66,66,66,66,66,66,66,66,66,66,66,66,66,66,66,66,66,66,66,66,66,66,66,66,66,66,66,66,66,66,66,66,66,63,63,63,63,63,63,63,63,63,63,63,63,63,63,63],"card_choices":[{"not_picked":["Dodge and Roll","Escape Plan"],"picked":"PiercingWail","floor":1},{"not_picked":["Bane","Dagger Throw"],"picked":"Infinite Blades","floor":2},{"not_picked":["Calculated Gamble","Dodge and Roll"],"picked":"Burst","floor":4},{"not_picked":["Acrobatics","Sucker Punch"],"picked":"Deadly Poison","floor":7},{"not_picked":["Eviscerate","Acrobatics"],"picked":"Backflip","floor":8},{"not_picked":["Eviscerate","Deflect"],"picked":"Poisoned Stab","floor":10},{"not_picked":["Backflip","Sucker Punch"],"picked":"Well Laid Plans","floor":12},{"not_picked":["Slice","Dagger Spray"],"picked":"PiercingWail","floor":13},{"not_picked":["Flying Knee","Setup"],"picked":"Caltrops","floor":14},{"not_picked":["Unload","Tools of the Trade"],"picked":"Venomology","floor":16},{"not_picked":["Distraction","Flechettes"],"picked":"Blur","floor":18},{"not_picked":["Dodge and Roll","Outmaneuver"],"picked":"Bouncing Flask","floor":21},{"not_picked":["PiercingWail","Dodge and Roll+1"],"picked":"Noxious Fumes","floor":22},{"not_picked":["Prepared","Quick Slash"],"picked":"Acrobatics+1","floor":24},{"not_picked":["Outmaneuver","Flechettes+1"],"picked":"Poisoned Stab","floor":25},{"not_picked":["Acrobatics","Bane"],"picked":"Backstab","floor":27},{"not_picked":["Blade Dance","PiercingWail"],"picked":"Crippling Poison","floor":29},{"not_picked":["Cloak And Dagger","Setup"],"picked":"Backflip","floor":31},{"not_picked":["Bane","Choke"],"picked":"Noxious Fumes","floor":32},{"not_picked":["Glass Knife","Venomology"],"picked":"Burst","floor":33},{"not_picked":["Quick Slash+1"],"picked":"SKIP","floor":35},{"not_picked":[],"picked":"Catalyst+1","floor":40},{"not_picked":[],"picked":"Backflip","floor":42},{"not_picked":["Flechettes"],"picked":"SKIP","floor":47},{"not_picked":[],"picked":"Footwork","floor":48}],"player_experience":573456,"relics_obtained":[{"floor":8,"key":"Snake Skull"},{"floor":9,"key":"Whetstone"},{"floor":43,"key":"Blood Vial"}],"event_choices":[{"cards_removed":["PiercingWail"],"damage_healed":0,"gold_gain":0,"player_choice":"Gave Card","damage_taken":0,"relics_obtained":["Letter Opener"],"max_hp_gain":0,"max_hp_loss":0,"event_name":"WeMeetAgain","floor":3,"gold_loss":0},{"damage_healed":16,"gold_gain":0,"player_choice":"Healed","damage_taken":0,"max_hp_gain":0,"max_hp_loss":0,"event_name":"The Cleric","floor":5,"gold_loss":35},{"damage_healed":0,"gold_gain":0,"player_choice":"Ignored","damage_taken":0,"max_hp_gain":0,"max_hp_loss":0,"event_name":"Vampires","floor":19,"gold_loss":0},{"damage_healed":0,"gold_gain":0,"cards_transformed":["Strike_G","Strike_G"],"player_choice":"Became Test Subject","damage_taken":0,"max_hp_gain":0,"max_hp_loss":0,"event_name":"Drug Dealer","floor":20,"gold_loss":0,"cards_obtained":["Cloak And Dagger","Choke"]},{"damage_healed":0,"gold_gain":0,"player_choice":"Fight","damage_taken":0,"max_hp_gain":0,"max_hp_loss":0,"event_name":"Colosseum","floor":28,"gold_loss":0},{"damage_healed":0,"gold_gain":0,"player_choice":"Fled From Nobs","damage_taken":0,"max_hp_gain":0,"max_hp_loss":0,"event_name":"Colosseum","floor":28,"gold_loss":0},{"damage_healed":0,"gold_gain":0,"player_choice":"Max HP","damage_taken":0,"max_hp_gain":0,"max_hp_loss":3,"event_name":"Winding Halls","floor":36,"gold_loss":0},{"damage_healed":0,"gold_gain":0,"player_choice":"Paid","damage_taken":0,"relics_obtained":["Red Mask"],"max_hp_gain":0,"max_hp_loss":0,"event_name":"Tomb of Lord Red Mask","floor":37,"gold_loss":120},{"damage_healed":0,"gold_gain":0,"player_choice":"Memory 1","damage_taken":0,"max_hp_gain":0,"max_hp_loss":0,"event_name":"SensoryStone","floor":38,"gold_loss":0},{"damage_healed":0,"gold_gain":0,"player_choice":"Upgrade","damage_taken":0,"relics_obtained":["Mark of the Bloom"],"max_hp_gain":0,"max_hp_loss":0,"event_name":"MindBloom","floor":41,"gold_loss":0,"cards_upgraded":["Defend_G","Defend_G","Defend_G","Defend_G","Defend_G","Strike_G","Survivor","Neutralize","Burst","Deadly Poison","Backflip","Poisoned Stab","Noxious Fumes","PiercingWail","Caltrops","Venomology","Blur","Cloak And Dagger","Choke","Bouncing Flask","Noxious Fumes","Poisoned Stab","Backstab","Crippling Poison","Backflip","Noxious Fumes","Burst"]},{"cards_removed":["Backstab"],"damage_healed":0,"gold_gain":0,"player_choice":"Removed Attack","damage_taken":0,"max_hp_gain":0,"max_hp_loss":0,"event_name":"Falling","floor":45,"gold_loss":0}],"is_beta":true,"boss_relics":[{"not_picked":["Black Star","Sozu"],"picked":"Fusion Hammer"},{"not_picked":["Snecko Eye","Tiny House"],"picked":"Busted Crown"}],"items_purged_floors":[11],"is_endless":false,"potions_floor_spawned":[2,7,10,12,22,24,33,47,48],"ascension_level":18}