{"gold_per_floor":[112,112,12,22,22,48,48,73,73,104,119,132,44,61,61,135,135,153,153,177,177,8,8,42,42,88,107,107,117,117,127,127,204,204,214,214,26,26,44,44,78,147,215,228,248,279,379,19,19,19,19,19,19,19,44,44],"floor_reached":57,"playtime":7565,"items_purged":["Regret","Blade Dance","Endless Agony"],"score":2771,"play_id":"37d34a88-f5c8-4dd3-b648-5bf3bda8a81b","local_time":"20190317182519","is_ascension_mode":true,"campfire_choices":[{"floor":7.0,"key":"REST"},{"data":"Crippling Poison","floor":15.0,"key":"SMITH"},{"floor":23.0,"key":"REST"},{"data":"Wraith Form v2","floor":30.0,"key":"SMITH"},{"data":"Well Laid Plans","floor":32.0,"key":"SMITH"},{"data":"Reflex","floor":40.0,"key":"SMITH"},{"floor":49.0,"key":"RECALL"},{"floor":53.0,"key":"REST"}],"neow_cost":"TEN_PERCENT_HP_LOSS","seed_source_timestamp":0,"circlet_count":0,"master_deck":["AscendersBane","Survivor","Neutralize","Deadly Poison","Dagger Throw","Crippling Poison+1","Die Die Die","Corpse Explosion","Leg Sweep","Backflip","Noxious Fumes","Acrobatics","Wraith Form v2+1","Dagger Spray","Malaise","Noxious Fumes","PiercingWail","Well Laid Plans+1","Backstab","Malaise","Tools of the Trade","Prepared","Concentrate","Blur","Venomology","Predator","Reflex+1","Heel Hook","Dodge and Roll","Blind","Footwork","PiercingWail","Footwork+1","After Image","Burst"],"special_seed":0,"relics":["Ring of the Snake","Tough Bandages","Shovel","Bottled Lightning","Boot","Ornamental Fan","Paper Crane","Velvet Choker","Anchor","Regal Pillow","Mummified Hand","Art of War","Pandora\u0027s Box","SsserpentHead","Lantern","Potion Belt","Centennial Puzzle","Orichalcum"],"potions_floor_usage":[55,56,56,56,56],"damage_taken":[{"damage":0.0,"enemies":"2 Louse","floor":1.0,"turns":3.0},{"damage":0.0,"enemies":"Cultist","floor":4.0,"turns":4.0},{"damage":31.0,"enemies":"3 Sentries","floor":6.0,"turns":12.0},{"damage":19.0,"enemies":"Lagavulin","floor":8.0,"turns":6.0},{"damage":5.0,"enemies":"3 Sentries","floor":10.0,"turns":4.0},{"damage":0.0,"enemies":"Small Slimes","floor":11.0,"turns":3.0},{"damage":2.0,"enemies":"Blue Slaver","floor":12.0,"turns":5.0},{"damage":0.0,"enemies":"Red Slaver","floor":14.0,"turns":3.0},{"damage":3.0,"enemies":"Hexaghost","floor":16.0,"turns":9.0},{"damage":17.0,"enemies":"Chosen","floor":18.0,"turns":6.0},{"damage":7.0,"enemies":"Slavers","floor":24.0,"turns":4.0},{"damage":13.0,"enemies":"Spheric Guardian","floor":27.0,"turns":5.0},{"damage":0.0,"enemies":"3 Cultists","floor":29.0,"turns":4.0},{"damage":1.0,"enemies":"Shelled Parasite and Fungi","floor":31.0,"turns":4.0},{"damage":18.0,"enemies":"Champ","floor":33.0,"turns":15.0},{"damage":0.0,"enemies":"3 Shapes","floor":35.0,"turns":3.0},{"damage":0.0,"enemies":"3 Darklings","floor":39.0,"turns":4.0},{"damage":0.0,"enemies":"Giant Head","floor":41.0,"turns":11.0},{"damage":4.0,"enemies":"Sphere and 2 Shapes","floor":42.0,"turns":4.0},{"damage":0.0,"enemies":"Spire Growth","floor":44.0,"turns":6.0},{"damage":5.0,"enemies":"Transient","floor":45.0,"turns":6.0},{"damage":0.0,"enemies":"Reptomancer","floor":46.0,"turns":6.0},{"damage":21.0,"enemies":"Awakened One","floor":50.0,"turns":20.0},{"damage":7.0,"enemies":"Time Eater","floor":51.0,"turns":21.0},{"damage":14,"enemies":"Shield and Spear","floor":55,"turns":9},{"damage":48,"enemies":"The Heart","floor":56,"turns":17}],"seed_played":"-3791438157202723644","potions_obtained":[{"floor":6.0,"key":"Strength Potion"},{"floor":8.0,"key":"GamblersBrew"},{"floor":10.0,"key":"LiquidBronze"},{"floor":16.0,"key":"EssenceOfSteel"},{"floor":24.0,"key":"PowerPotion"},{"floor":33.0,"key":"AttackPotion"},{"floor":39.0,"key":"SkillPotion"},{"floor":46.0,"key":"AttackPotion"}],"is_trial":false,"path_per_floor":["M","?","$","M","?","E","R","E","T","E","M","M","$","M","R","B",null,"M","$","T","?","$","R","E","?","T","M","?","M","R","M","R","B",null,"M","?","$","?","M","R","E","M","T","M","M","E","?","$","R","B","B",null,"R","$","E","B",null],"character_chosen":"THE_SILENT","items_purchased":["Deadly Poison","Wraith Form v2","Regal Pillow","Footwork","After Image","Centennial Puzzle","SpeedPotion"],"campfire_rested":3,"item_purchase_floors":[3,13,22,37,48,48,48],"current_hp_per_floor":[59,59,59,59,59,28,46,27,27,22,22,20,20,20,20,17,49,32,32,32,16,16,50,43,43,43,30,30,30,30,29,29,11,52,52,52,52,52,52,52,52,48,48,48,43,43,43,43,43,22,15,53,65,65,51,3],"gold":44,"neow_bonus":"ONE_RARE_RELIC","is_prod":false,"is_daily":false,"chose_seed":false,"campfire_upgraded":4,"win_rate":0,"timestamp":1552861519,"path_taken":["M","?","$","M","?","E","R","E","T","E","?","M","$","M","R","BOSS","M","$","?","?","?","R","E","?","T","?","?","M","R","M","R","BOSS","M","?","$","?","M","R","E","?","T","M","M","E","?","?","R","BOSS","BOSS","R","$","E","BOSS"],"build_version":"2019-01-23","purchased_purges":3,"victory":true,"max_hp_per_floor":[60,60,60,60,60,60,60,60,60,60,60,60,60,60,60,60,60,60,60,60,65,65,65,65,65,65,65,65,65,65,65,65,65,65,65,65,65,65,65,65,65,65,65,65,65,65,65,65,65,65,65,65,65,65,65,65],"card_choices":[{"not_picked":["Dodge and Roll","Underhanded Strike","Concentrate"],"picked":"SKIP","floor":1.0},{"not_picked":["Acrobatics","Flying Knee"],"picked":"Dagger Throw","floor":4.0},{"not_picked":["Grand Finale","Deadly Poison"],"picked":"Corpse Explosion","floor":6.0},{"not_picked":["PiercingWail","Deflect"],"picked":"Leg Sweep","floor":8.0},{"not_picked":["Bouncing Flask","Poisoned Stab"],"picked":"Backflip","floor":10.0},{"not_picked":["Underhanded Strike","Flying Knee"],"picked":"Noxious Fumes","floor":11.0},{"not_picked":["Riddle With Holes","Backflip"],"picked":"Acrobatics","floor":12.0},{"not_picked":["Tactician","Dagger Throw"],"picked":"Dagger Spray","floor":14.0},{"not_picked":["Phantasmal Killer","Glass Knife"],"picked":"Malaise","floor":16.0},{"not_picked":["Sucker Punch+1","Predator","Deadly Poison"],"picked":"SKIP","floor":18.0},{"not_picked":["Corpse Explosion","Flechettes"],"picked":"Noxious Fumes","floor":24.0},{"not_picked":["Outmaneuver","Underhanded Strike"],"picked":"PiercingWail","floor":27.0},{"not_picked":["Blur","Dagger Throw","Dodge and Roll"],"picked":"SKIP","floor":29.0},{"not_picked":["Deflect","Eviscerate"],"picked":"Backstab","floor":31.0},{"not_picked":["Storm of Steel","Bullet Time"],"picked":"Malaise","floor":33.0},{"not_picked":["Dagger Spray+1","Endless Agony"],"picked":"Dodge and Roll","floor":35.0},{"not_picked":["The Bomb","Discovery"],"picked":"Blind","floor":36.0},{"not_picked":["Flying Knee+1","Riddle With Holes","Choke"],"picked":"SKIP","floor":39.0},{"not_picked":["Backflip","Poisoned Stab+1"],"picked":"PiercingWail","floor":41.0},{"not_picked":["Riddle With Holes","Skewer","Prepared"],"picked":"SKIP","floor":42.0},{"not_picked":["Bane","Terror","Skewer"],"picked":"SKIP","floor":44.0},{"not_picked":["Noxious Fumes","Dodge and Roll+1"],"picked":"Footwork+1","floor":45.0},{"not_picked":["Outmaneuver","Poisoned Stab","Sucker Punch"],"picked":"SKIP","floor":46.0},{"not_picked":["Well Laid Plans","Skewer"],"picked":"Burst","floor":55}],"player_experience":620174,"relics_obtained":[{"floor":6.0,"key":"Bottled Lightning"},{"floor":8.0,"key":"Boot"},{"floor":9.0,"key":"Ornamental Fan"},{"floor":10.0,"key":"Paper Crane"},{"floor":20.0,"key":"Anchor"},{"floor":24.0,"key":"Mummified Hand"},{"floor":26.0,"key":"Art of War"},{"floor":41.0,"key":"Lantern"},{"floor":46.0,"key":"Potion Belt"},{"floor":55,"key":"Orichalcum"}],"event_choices":[{"damage_healed":0.0,"max_hp_gain":0.0,"max_hp_loss":0.0,"gold_gain":0.0,"event_name":"Big Fish","player_choice":"Box","floor":2.0,"gold_loss":0.0,"damage_taken":0.0,"relics_obtained":["Shovel"],"cards_obtained":["Regret"]},{"damage_healed":0.0,"max_hp_gain":0.0,"max_hp_loss":0.0,"gold_gain":0.0,"event_name":"Match and Keep!","player_choice":"2 cards matched","floor":5.0,"gold_loss":0.0,"damage_taken":0.0,"cards_obtained":["Crippling Poison","Die Die Die"]},{"damage_healed":0.0,"max_hp_gain":5.0,"max_hp_loss":0.0,"gold_gain":0.0,"event_name":"Forgotten Altar","player_choice":"Shed Blood","floor":21.0,"gold_loss":0.0,"damage_taken":21.0},{"damage_healed":0.0,"max_hp_gain":0.0,"max_hp_loss":0.0,"gold_gain":0.0,"event_name":"Match and Keep!","player_choice":"0 cards matched","floor":25.0,"gold_loss":0.0,"damage_taken":0.0,"cards_obtained":[]},{"damage_healed":0.0,"max_hp_gain":0.0,"max_hp_loss":0.0,"gold_gain":0.0,"event_name":"The Library","player_choice":"Read","floor":28.0,"gold_loss":0.0,"damage_taken":0.0,"cards_obtained":["Well Laid Plans"]},{"damage_healed":0.0,"max_hp_gain":0.0,"max_hp_loss":0.0,"gold_gain":0.0,"event_name":"SensoryStone","player_choice":"Memory 1","floor":36.0,"gold_loss":0.0,"damage_taken":0.0},{"damage_healed":0.0,"max_hp_gain":0.0,"max_hp_loss":0.0,"gold_gain":0.0,"event_name":"FaceTrader","player_choice":"Trade","floor":38.0,"gold_loss":0.0,"damage_taken":0.0,"relics_obtained":["SsserpentHead"]},{"damage_healed":0.0,"max_hp_gain":0.0,"max_hp_loss":0.0,"gold_gain":50.0,"event_name":"Golden Shrine","player_choice":"Pray","floor":47.0,"gold_loss":0.0,"damage_taken":0.0}],"is_beta":false,"boss_relics":[{"not_picked":["Eternal Feather","Lizard Tail"],"picked":"Velvet Choker"},{"not_picked":["Coffee Dripper","Ring of the Serpent"],"picked":"Pandora\u0027s Box"}],"items_purged_floors":[3,37,48],"is_endless":false,"potions_floor_spawned":[6,8,10,16,24,27,31,33,39,44,46],"ascension_level":20}