{"gold_per_floor":[109,28,103,46,62,62,87,106,106,106,138,158,158,193,193,266,266,280,295,295,315,223,223],"floor_reached":23,"playtime":923,"items_purged":["Strike_B"],"score":568,"play_id":"1c507ab6-35d0-4b25-8c22-4a6ba2524806","local_time":"20181105211235","is_ascension_mode":true,"campfire_choices":[{"floor":6.0,"key":"REST"},{"floor":10.0,"key":"REST"},{"floor":13.0,"key":"DIG"},{"floor":15.0,"key":"DIG"}],"neow_cost":"PERCENT_DAMAGE","seed_source_timestamp":216635590444583,"circlet_count":0,"master_deck":["AscendersBane","Strike_B","Strike_B","Strike_B","Defend_B","Defend_B","Defend_B","Defend_B","Zap","Dualcast","Lockon","Genetic Algorithm","Chill","Conserve Battery","Cold Snap","Capacitor","Barrage","All For One","Go for the Eyes","BootSequence","Leap","Self Repair"],"special_seed":0,"relics":["Cracked Core","Dead Branch","Pocketwatch","Shovel","Bronze Scales","Juzu Bracelet","Omamori","Smiling Mask","Cursed Key"],"potions_floor_usage":[18,23],"damage_taken":[{"damage":7.0,"enemies":"Small Slimes","floor":1.0,"turns":3.0},{"damage":8.0,"enemies":"Jaw Worm","floor":5.0,"turns":3.0},{"damage":11.0,"enemies":"Gremlin Nob","floor":7.0,"turns":3.0},{"damage":0.0,"enemies":"Cultist","floor":8.0,"turns":3.0},{"damage":0.0,"enemies":"3 Sentries","floor":11.0,"turns":8.0},{"damage":0.0,"enemies":"Blue Slaver","floor":12.0,"turns":3.0},{"damage":2.0,"enemies":"Lagavulin","floor":14.0,"turns":7.0},{"damage":0.0,"enemies":"The Guardian","floor":16.0,"turns":10.0},{"damage":3,"enemies":"Spheric Guardian","floor":18,"turns":4},{"damage":2,"enemies":"3 Byrds","floor":19,"turns":4},{"damage":31,"enemies":"Cultist and Chosen","floor":21,"turns":6},{"damage":38,"enemies":"Slavers","floor":23,"turns":3}],"seed_played":"9176313982238387354","potions_obtained":[{"floor":1.0,"key":"EssenceOfSteel"},{"floor":7.0,"key":"Block Potion"},{"floor":11.0,"key":"Dexterity Potion"},{"floor":14.0,"key":"FocusPotion"},{"floor":16.0,"key":"SpeedPotion"},{"floor":18,"key":"FocusPotion"}],"is_trial":false,"path_per_floor":["M","$","?","$","M","R","E","M","T","R","E","M","R","E","R","B",null,"M","M","?","M","$","E"],"character_chosen":"DEFECT","items_purchased":["Genetic Algorithm","AttackPotion","Self Repair"],"campfire_rested":2,"item_purchase_floors":[2,4,22],"current_hp_per_floor":[39,39,28,28,20,41,30,30,30,51,51,51,51,49,49,49,66,63,61,61,30,30,0],"gold":223,"neow_bonus":"ONE_RARE_RELIC","is_prod":false,"is_daily":false,"chose_seed":false,"campfire_upgraded":0,"win_rate":0,"timestamp":1541470355,"path_taken":["M","$","?","?","M","R","E","?","T","R","E","M","R","E","R","BOSS","M","M","?","M","$","E"],"build_version":"2018-11-02","purchased_purges":1,"victory":false,"max_hp_per_floor":[71,71,71,71,71,71,71,71,71,71,71,71,71,71,71,71,71,71,71,71,71,71,71],"card_choices":[{"not_picked":["Go for the Eyes","Leap"],"picked":"Lockon","floor":1.0},{"not_picked":["Barrage","Rebound"],"picked":"Chill","floor":5.0},{"not_picked":["Capacitor","Hologram"],"picked":"Conserve Battery","floor":7.0},{"not_picked":["Barrage","Self Repair"],"picked":"Cold Snap","floor":8.0},{"not_picked":["Coolheaded","Streamline"],"picked":"Capacitor","floor":11.0},{"not_picked":["Capacitor","Beam Cell","Scrape"],"picked":"SKIP","floor":12.0},{"not_picked":["Gash","Hologram"],"picked":"Barrage","floor":14.0},{"not_picked":["Thunder Strike","Meteor Strike"],"picked":"All For One","floor":16.0},{"not_picked":["Coolheaded","Ball Lightning+1"],"picked":"Go for the Eyes","floor":18},{"not_picked":["Darkness","Steam"],"picked":"BootSequence","floor":19},{"not_picked":["Rebound+1","Compile Driver"],"picked":"Leap","floor":21}],"player_experience":855378,"relics_obtained":[{"floor":7.0,"key":"Pocketwatch"},{"floor":9.0,"key":"Shovel"},{"floor":11.0,"key":"Bronze Scales"},{"floor":13.0,"key":"Juzu Bracelet"},{"floor":14.0,"key":"Omamori"},{"floor":15.0,"key":"Smiling Mask"}],"event_choices":[{"damage_healed":0.0,"max_hp_gain":0.0,"max_hp_loss":0.0,"gold_gain":75.0,"event_name":"World of Goop","player_choice":"Gather Gold","floor":3.0,"gold_loss":0.0,"damage_taken":11.0},{"damage_healed":0,"gold_gain":0,"player_choice":"Ignored","damage_taken":0,"max_hp_gain":0,"max_hp_loss":0,"event_name":"Ghosts","floor":20,"gold_loss":0}],"is_beta":true,"boss_relics":[{"not_picked":["Empty Cage","Busted Crown"],"picked":"Cursed Key"}],"items_purged_floors":[22],"is_endless":false,"potions_floor_spawned":[1,7,11,12,14,16,18],"killed_by":"Slavers","ascension_level":20}