{"gold_per_floor":[113,126,126,140,154,154,74,74,74,93,18,30,57,57,57,57],"floor_reached":16,"playtime":570,"items_purged":[],"score":204,"play_id":"be9801f0-66cd-4800-a823-cc3df5a59654","local_time":"20190216120550","is_ascension_mode":true,"campfire_choices":[{"data":"Consume","floor":6,"key":"SMITH"},{"data":"Zap","floor":8,"key":"SMITH"},{"floor":15,"key":"REST"}],"neow_cost":"NONE","seed_source_timestamp":239078359392388,"circlet_count":0,"master_deck":["AscendersBane","Strike_B","Strike_B","Strike_B","Defend_B","Defend_B","Defend_B","Defend_B","Zap+1","Dualcast","Conserve Battery","Consume+1","Auto Shields","Leap","Sweeping Beam","Gash","Glacier","Undo","Steam","Rebound"],"relics":["Cracked Core","Blood Vial","Mercury Hourglass","Emotion Chip"],"potions_floor_usage":[5,13,13],"damage_taken":[{"damage":12,"enemies":"Small Slimes","floor":1,"turns":4},{"damage":1,"enemies":"Cultist","floor":2,"turns":3},{"damage":3,"enemies":"Jaw Worm","floor":4,"turns":3},{"damage":1,"enemies":"2 Fungi Beasts","floor":5,"turns":3},{"damage":0,"enemies":"Blue Slaver","floor":10,"turns":4},{"damage":6,"enemies":"Lots of Slimes","floor":12,"turns":2},{"damage":50,"enemies":"Gremlin Nob","floor":13,"turns":6},{"damage":30,"enemies":"The Guardian","floor":16,"turns":9}],"seed_played":"1269454286313049482","potions_obtained":[{"floor":1,"key":"Explosive Potion"},{"floor":4,"key":"Swift Potion"},{"floor":12,"key":"Block Potion"}],"is_trial":false,"path_per_floor":["M","M","?","M","M","R","$","R","T","M","?","M","E","?","R","B"],"character_chosen":"DEFECT","items_purchased":["Glacier"],"campfire_rested":1,"item_purchase_floors":[7],"current_hp_per_floor":[54,55,55,54,55,55,55,55,55,57,57,53,5,5,26,0],"gold":57,"neow_bonus":"RANDOM_COMMON_RELIC","is_prod":false,"is_daily":false,"chose_seed":false,"campfire_upgraded":2,"win_rate":0,"timestamp":1550336750,"path_taken":["M","M","?","M","M","R","?","R","T","M","?","M","E","?","R","BOSS"],"build_version":"2019-02-06","purchased_purges":0,"victory":false,"max_hp_per_floor":[71,71,71,71,71,71,71,71,71,71,71,71,71,71,71,71],"card_choices":[{"not_picked":["Steam","Self Repair"],"picked":"Conserve Battery","floor":1},{"not_picked":["Blizzard","Steam Power"],"picked":"Consume","floor":2},{"not_picked":["Hologram","Gash"],"picked":"Sweeping Beam","floor":4},{"not_picked":["Consume","Heatsinks"],"picked":"Gash","floor":5},{"not_picked":["Redo","Beam Cell"],"picked":"Undo","floor":10},{"not_picked":["Turbo","Beam Cell"],"picked":"Steam","floor":12},{"not_picked":["Sunder","Machine Learning"],"picked":"Rebound","floor":13}],"player_experience":921650,"relics_obtained":[{"floor":9,"key":"Mercury Hourglass"},{"floor":13,"key":"Emotion Chip"}],"event_choices":[{"damage_healed":0,"gold_gain":0,"player_choice":"2 cards matched","damage_taken":0,"max_hp_gain":0,"max_hp_loss":0,"event_name":"Match and Keep!","floor":3,"gold_loss":0,"cards_obtained":["Auto Shields","Leap"]},{"cards_removed":["Strike_B"],"damage_healed":0,"gold_gain":0,"player_choice":"Card Removal","damage_taken":0,"max_hp_gain":0,"max_hp_loss":0,"event_name":"The Cleric","floor":11,"gold_loss":75},{"damage_healed":0,"gold_gain":0,"player_choice":"Fled","damage_taken":0,"max_hp_gain":0,"max_hp_loss":0,"event_name":"Scrap Ooze","floor":14,"gold_loss":0}],"is_beta":true,"boss_relics":[],"items_purged_floors":[],"is_endless":false,"potions_floor_spawned":[1,4,12],"killed_by":"The Guardian","ascension_level":20}