{"gold_per_floor":[209,284,297,70,86,111,123,168,180,192,217,229],"floor_reached":12,"playtime":566,"items_purged":[],"score":176,"play_id":"4f5c7ba5-1268-4942-a451-7db809d33ef0","local_time":"20190315195549","is_ascension_mode":true,"campfire_choices":[{"floor":7,"key":"REST"},{"floor":10,"key":"REST"}],"neow_cost":"NONE","seed_source_timestamp":228610787310482,"circlet_count":0,"master_deck":["AscendersBane","Defend_G","Defend_G","Defend_G","Defend_G","Defend_G","Strike_G","Strike_G","Strike_G","Strike_G","Strike_G","Survivor","Neutralize","Bouncing Flask","Well Laid Plans","Deflect","Blur"],"special_seed":0,"relics":["Ring of the Snake","TwistedFunnel","MawBank","Torii","Pear"],"potions_floor_usage":[6,8],"damage_taken":[{"damage":1.0,"enemies":"Small Slimes","floor":1.0,"turns":6.0},{"damage":2.0,"enemies":"2 Louse","floor":3.0,"turns":4.0},{"damage":0.0,"enemies":"Cultist","floor":5.0,"turns":3.0},{"damage":39,"enemies":"Gremlin Nob","floor":6,"turns":4},{"damage":23,"enemies":"Lagavulin","floor":8,"turns":6},{"damage":0,"enemies":"2 Fungi Beasts","floor":11,"turns":4},{"damage":35,"enemies":"3 Sentries","floor":12,"turns":15}],"seed_played":"6570152493080439089","potions_obtained":[{"floor":1.0,"key":"Explosive Potion"},{"floor":5.0,"key":"Strength Potion"},{"floor":8,"key":"Ancient Potion"}],"is_trial":false,"path_per_floor":["M","?","M","$","M","E","R","E","T","R","M","E"],"character_chosen":"THE_SILENT","items_purchased":["TwistedFunnel"],"campfire_rested":2,"item_purchase_floors":[4],"current_hp_per_floor":[58,47,45,45,45,6,25,2,12,34,34,0],"gold":229,"neow_bonus":"HUNDRED_GOLD","is_prod":false,"is_daily":false,"chose_seed":false,"campfire_upgraded":0,"win_rate":0,"timestamp":1552694149,"path_taken":["M","?","M","$","M","E","R","E","T","R","M","E"],"build_version":"2019-02-06","purchased_purges":0,"victory":false,"max_hp_per_floor":[66,66,66,66,66,66,66,66,76,76,76,76],"card_choices":[{"not_picked":["Tactician","Bane","Expertise"],"picked":"SKIP","floor":1.0},{"not_picked":["Underhanded Strike","Endless Agony"],"picked":"Bouncing Flask","floor":3.0},{"not_picked":["Flechettes","Outmaneuver"],"picked":"Well Laid Plans","floor":5.0},{"not_picked":["Well Laid Plans","All Out Attack","Storm of Steel"],"picked":"SKIP","floor":6},{"not_picked":["Dodge and Roll","Poisoned Stab"],"picked":"Deflect","floor":8},{"not_picked":["Poisoned Stab","Slice"],"picked":"Blur","floor":11}],"player_experience":1098758,"relics_obtained":[{"floor":6,"key":"MawBank"},{"floor":8,"key":"Torii"},{"floor":9,"key":"Pear"}],"event_choices":[{"damage_healed":0.0,"max_hp_gain":0.0,"max_hp_loss":0.0,"gold_gain":75.0,"event_name":"World of Goop","player_choice":"Gather Gold","floor":2.0,"gold_loss":0.0,"damage_taken":11.0}],"is_beta":true,"boss_relics":[],"items_purged_floors":[],"is_endless":false,"potions_floor_spawned":[1,5,8],"killed_by":"3 Sentries","ascension_level":20}