{"gold_per_floor":[111,111,111,60,72,99,99,23,23,23,98,98,111,137,137,238,238,257,257,267,29,47,78,78,160,160,174,174],"floor_reached":28,"playtime":721,"items_purged":[],"score":256,"play_id":"c2ba5d89-f5a2-4a67-803d-45983f8deafc","local_time":"20190228045243","is_ascension_mode":true,"campfire_choices":[{"data":"Go for the Eyes","floor":7,"key":"SMITH"},{"data":"Storm","floor":10,"key":"SMITH"},{"data":"Defragment","floor":12,"key":"SMITH"},{"floor":15,"key":"REST"},{"data":"Electrodynamics","floor":24,"key":"SMITH"}],"neow_cost":"NONE","seed_source_timestamp":651374158101266,"circlet_count":0,"master_deck":["Strike_B","Strike_B","Strike_B","Defend_B","Defend_B","Defend_B","Defend_B","Zap","Dualcast","Beam Cell+1","Recycle","Go for the Eyes+1","Defragment+1","Storm+1","Barrage","Hyperbeam","Electrodynamics+1","Sweeping Beam+1","Self Repair","Self Repair","Gash","Amplify","Sweeping Beam+1"],"relics":["Cracked Core","Juzu Bracelet","Oddly Smooth Stone","Inserter","MealTicket","Pantograph","Letter Opener","Boot"],"potions_floor_usage":[1,6,6,6,16,20,23],"damage_taken":[{"damage":4,"enemies":"Jaw Worm","floor":1,"turns":4},{"damage":0,"enemies":"2 Louse","floor":5,"turns":3},{"damage":14,"enemies":"Gremlin Nob","floor":6,"turns":4},{"damage":1,"enemies":"Cultist","floor":13,"turns":3},{"damage":16,"enemies":"Lagavulin","floor":14,"turns":5},{"damage":4,"enemies":"Slime Boss","floor":16,"turns":7},{"damage":10,"enemies":"Chosen","floor":18,"turns":3},{"damage":30,"enemies":"2 Thieves","floor":20,"turns":3},{"damage":0,"enemies":"3 Cultists","floor":22,"turns":2},{"damage":27,"enemies":"Gremlin Leader","floor":23,"turns":4},{"damage":30,"enemies":"Snake Plant","floor":27,"turns":4},{"damage":33,"enemies":"Shelled Parasite and Fungi","floor":28,"turns":2}],"seed_played":"-4369945256516409272","potions_obtained":[{"floor":0,"key":"SteroidPotion"},{"floor":0,"key":"Fruit Juice"},{"floor":0,"key":"AttackPotion"},{"floor":1,"key":"EssenceOfSteel"},{"floor":14,"key":"Strength Potion"},{"floor":16,"key":"Regen Potion"},{"floor":22,"key":"GamblersBrew"}],"is_trial":false,"path_per_floor":["M","?","?","$","M","E","R","$","T","R","?","R","M","E","R","B",null,"M","?","M","$","M","E","R","T","T","M","M"],"character_chosen":"DEFECT","items_purchased":["Go for the Eyes","Storm","Self Repair","MealTicket"],"campfire_rested":1,"item_purchase_floors":[4,8,21,21],"current_hp_per_floor":[76,76,76,76,76,62,62,62,62,62,51,51,50,34,58,54,80,70,70,49,49,56,43,43,43,43,20,0],"gold":174,"neow_bonus":"THREE_SMALL_POTIONS","is_prod":false,"is_daily":false,"chose_seed":false,"campfire_upgraded":4,"win_rate":0,"timestamp":1551358363,"path_taken":["M","?","?","$","M","E","R","$","T","R","?","R","M","E","R","BOSS","M","?","M","$","M","E","R","?","T","M","M"],"build_version":"2019-01-23","purchased_purges":0,"victory":false,"max_hp_per_floor":[80,80,80,80,80,80,80,80,80,80,80,80,80,80,80,80,80,80,80,80,80,80,80,80,80,80,80,80],"card_choices":[{"not_picked":["Chill","Hologram"],"picked":"Beam Cell","floor":1},{"not_picked":["Blizzard","Compile Driver"],"picked":"Defragment","floor":5},{"not_picked":["Coolheaded","Turbo","Rebound"],"picked":"SKIP","floor":6},{"not_picked":["Rebound","Blizzard"],"picked":"Barrage","floor":13},{"not_picked":["Barrage","Cold Snap"],"picked":"Hyperbeam","floor":14},{"not_picked":["Buffer","All For One"],"picked":"Electrodynamics","floor":16},{"not_picked":["Stack","Go for the Eyes"],"picked":"Sweeping Beam+1","floor":18},{"not_picked":["Steam+1","Redo"],"picked":"Self Repair","floor":20},{"not_picked":["Go for the Eyes","Redo"],"picked":"Gash","floor":22},{"not_picked":["Sweeping Beam","Redo"],"picked":"Amplify","floor":23},{"not_picked":["Reprogram","Lockon"],"picked":"Sweeping Beam+1","floor":27}],"player_experience":289561,"relics_obtained":[{"floor":6,"key":"Juzu Bracelet"},{"floor":14,"key":"Oddly Smooth Stone"},{"floor":23,"key":"Pantograph"},{"floor":25,"key":"Letter Opener"},{"floor":26,"key":"Boot"}],"event_choices":[{"damage_healed":0,"gold_gain":0,"player_choice":"Grow","damage_taken":0,"max_hp_gain":0,"max_hp_loss":0,"event_name":"Living Wall","floor":2,"gold_loss":0,"cards_upgraded":["Beam Cell"]},{"damage_healed":0,"gold_gain":0,"cards_transformed":["Strike_B"],"player_choice":"Transformed","damage_taken":0,"max_hp_gain":0,"max_hp_loss":0,"event_name":"Transmorgrifier","floor":3,"gold_loss":0,"cards_obtained":["Recycle"]},{"damage_healed":0,"gold_gain":75,"player_choice":"Gather Gold","damage_taken":11,"max_hp_gain":0,"max_hp_loss":0,"event_name":"World of Goop","floor":11,"gold_loss":0},{"damage_healed":0,"gold_gain":0,"player_choice":"Ignored","damage_taken":0,"max_hp_gain":0,"max_hp_loss":0,"event_name":"Ghosts","floor":19,"gold_loss":0}],"is_beta":false,"boss_relics":[{"not_picked":["Orrery","FrozenCore"],"picked":"Inserter"}],"items_purged_floors":[],"is_endless":false,"potions_floor_spawned":[1,5,14,16,22],"killed_by":"Shelled Parasite and Fungi","ascension_level":1}