{"gold_per_floor":[111,121,137,137,149,149,167,184,210,210,221,221,296,40,40,40],"floor_reached":16,"playtime":448,"items_purged":["Strike_B"],"score":188,"play_id":"94ab2af6-1de9-454f-a425-613cb5397901","local_time":"20181005121328","is_ascension_mode":true,"campfire_choices":[{"data":"Streamline","floor":6,"key":"SMITH"},{"data":"Reinforced Body","floor":10,"key":"SMITH"},{"data":"Rainbow","floor":12,"key":"SMITH"},{"data":"Defend_B","floor":15,"key":"SMITH"}],"neow_cost":"TEN_PERCENT_HP_LOSS","seed_source_timestamp":158441902013062,"circlet_count":0,"master_deck":["Strike_B","Strike_B","Strike_B","Defend_B","Defend_B","Defend_B","Defend_B+1","Zap","Dualcast","AscendersBane","Rainbow+1","Gash","Turbo","Gash","Streamline+1","Reinforced Body+1","Compile Driver","Leap","Barrage"],"special_seed":0,"relics":["Cracked Core","Vajra","Oddly Smooth Stone"],"potions_floor_usage":[16],"damage_taken":[{"damage":6.0,"enemies":"Small Slimes","floor":1.0,"turns":4.0},{"damage":1.0,"enemies":"Cultist","floor":2.0,"turns":3.0},{"damage":12.0,"enemies":"Jaw Worm","floor":3.0,"turns":3.0},{"damage":13,"enemies":"Lots of Slimes","floor":5,"turns":4},{"damage":0,"enemies":"Large Slime","floor":7,"turns":4},{"damage":11,"enemies":"Blue Slaver","floor":8,"turns":3},{"damage":0,"enemies":"2 Fungi Beasts","floor":11,"turns":3},{"damage":13,"enemies":"Hexaghost","floor":16,"turns":8}],"seed_played":"-5186145577411684038","potions_obtained":[{"floor":2.0,"key":"Ancient Potion"},{"floor":7,"key":"AttackPotion"},{"floor":8,"key":"Dexterity Potion"}],"is_trial":false,"path_per_floor":["M","M","M","?","M","R","M","M","T","R","M","R","?","$","R"],"character_chosen":"DEFECT","items_purchased":["Oddly Smooth Stone"],"campfire_rested":0,"item_purchase_floors":[14],"current_hp_per_floor":[58,57,45,45,32,32,32,21,21,21,21,21,10,10,10,0],"gold":40,"neow_bonus":"THREE_RARE_CARDS","is_prod":false,"is_daily":false,"chose_seed":false,"campfire_upgraded":4,"win_rate":0,"timestamp":1538756008,"path_taken":["M","M","M","?","M","R","M","?","T","R","?","R","?","?","R","BOSS"],"build_version":"2018-10-04","purchased_purges":1,"victory":false,"max_hp_per_floor":[64,64,64,64,64,64,64,64,64,64,64,64,64,64,64,64],"card_choices":[{"not_picked":["Multi-Cast","Creative AI"],"picked":"Rainbow","floor":0.0},{"not_picked":["Leap","Redo"],"picked":"Gash","floor":1.0},{"not_picked":["Go for the Eyes","Sweeping Beam"],"picked":"Turbo","floor":2.0},{"not_picked":["Aggregate","Steam"],"picked":"Gash","floor":3.0},{"not_picked":["Darkness","Force Field"],"picked":"Reinforced Body","floor":5},{"not_picked":["Steam","Thunder Strike"],"picked":"Compile Driver","floor":7},{"not_picked":["Beam Cell","Streamline"],"picked":"Leap","floor":8},{"not_picked":["Aggregate","Biased Cognition"],"picked":"Barrage","floor":11}],"player_experience":928334,"relics_obtained":[{"floor":9,"key":"Vajra"}],"event_choices":[{"event_name":"Match and Keep!","player_choice":"1 cards matched","floor":4,"damage_taken":0},{"event_name":"World of Goop","player_choice":"Gather Gold","floor":13,"damage_taken":0}],"is_beta":false,"boss_relics":[],"items_purged_floors":[14],"is_endless":false,"potions_floor_spawned":[2,7,8],"killed_by":"Hexaghost","ascension_level":20}