{"path_per_floor":["M","?","?","M","$","R","E","R","T","R","E","?","R","M","R","B",null,"M","M","M","?","M","E","M","?","T","R","$","M","M","M","R"],"character_chosen":"THE_SILENT","items_purchased":["Footwork","Regen Potion","Paper Crane","Dash"],"gold_per_floor":[116,116,116,130,9,9,36,36,61,61,88,88,88,98,98,197,197,214,231,249,249,264,295,312,362,386,386,66,84,96,110,110,110],"floor_reached":33,"campfire_rested":1,"playtime":3045,"current_hp_per_floor":[77,62,59,61,61,61,60,60,60,60,51,51,51,53,53,15,84,72,73,41,41,21,28,32,32,32,32,32,32,54,11,36,0],"items_purged":[],"gold":110,"score":303,"play_id":"b62ba797-befc-452b-9760-3cd9ad98d304","local_time":"20180331045054","is_prod":false,"is_daily":false,"is_ascension_mode":false,"campfire_upgraded":3,"timestamp":1522497054,"path_taken":["M","?","?","?","$","R","E","R","T","R","E","?","R","?","R","BOSS","M","M","M","?","M","E","M","?","T","R","$","M","M","M","R","BOSS"],"build_version":"2018-03-29v2","purchased_purges":0,"victory":false,"master_deck":["Defend_G","Defend_G","Defend_G","Defend_G","Survivor","Neutralize","Endless Agony+1","Endless Agony+1","Footwork+1","Outmaneuver","Deflect","Quick Slash","Tools of the Trade","Acrobatics+1","Dash","Quick Slash","Bite","Bite","Bite","Bite","Bite","Dodge and Roll+1","Leg Sweep","Burst","Dash","Dash","Leg Sweep+1","Caltrops"],"max_hp_per_floor":[77,77,77,77,77,77,84,84,84,84,84,84,84,84,84,84,84,84,84,84,84,84,84,84,84,84,84,84,84,84,84,84,84],"relics":["Ring of the Snake","Strawberry","Happy Flower","Girya","Lizard Tail","Bottled Flame","Lantern","Paper Crane"],"card_choices":[{"not_picked":["Expertise","All Out Attack"],"picked":"Endless Agony","floor":1},{"not_picked":["Infinite Blades","Deadly Poison"],"picked":"Endless Agony","floor":4},{"not_picked":["Poisoned Stab","Bane"],"picked":"Outmaneuver","floor":7},{"not_picked":["Blade Dance","Acrobatics"],"picked":"Deflect","floor":11},{"not_picked":["Expertise","Dagger Throw"],"picked":"Quick Slash","floor":14},{"not_picked":["Unload","Adrenaline"],"picked":"Tools of the Trade","floor":16},{"not_picked":["Blade Dance","PiercingWail"],"picked":"Acrobatics","floor":18},{"not_picked":["Cloak And Dagger","Dodge and Roll"],"picked":"Dash","floor":19},{"not_picked":["Calculated Gamble","Dagger Spray"],"picked":"Quick Slash","floor":20},{"not_picked":["Dagger Spray","Crippling Poison"],"picked":"Dodge and Roll","floor":22},{"not_picked":["Bouncing Flask","Blur"],"picked":"Leg Sweep","floor":23},{"not_picked":["Riddle With Holes","Accuracy"],"picked":"Burst","floor":24},{"not_picked":["Predator","Acrobatics"],"picked":"Dash","floor":29},{"not_picked":["PiercingWail","All Out Attack"],"picked":"Leg Sweep","floor":30},{"not_picked":["Flechettes","Bane"],"picked":"Caltrops","floor":31}],"player_experience":56840,"potions_floor_usage":[7,7,11,16,19,23,24,30],"damage_taken":[{"damage":0,"enemies":"2 Louse","floor":1,"turns":4},{"damage":0,"enemies":"Jaw Worm","floor":4,"turns":3},{"damage":25,"enemies":"3 Sentries","floor":7,"turns":12},{"damage":11,"enemies":"Gremlin Nob","floor":11,"turns":5},{"damage":0,"enemies":"Cultist","floor":14,"turns":2},{"damage":40,"enemies":"Slime Boss","floor":16,"turns":13},{"damage":12,"enemies":"Spheric Guardian","floor":18,"turns":4},{"damage":1,"enemies":"3 Byrds","floor":19,"turns":6},{"damage":34,"enemies":"Snake Plant","floor":20,"turns":6},{"damage":28,"enemies":"3 Cultists","floor":22,"turns":7},{"damage":52,"enemies":"Slavers","floor":23,"turns":9},{"damage":18,"enemies":"Centurion and Healer","floor":24,"turns":9},{"damage":8,"enemies":"Snake Plant","floor":29,"turns":6},{"damage":9,"enemies":"Cultist and Chosen","floor":30,"turns":9},{"damage":55,"enemies":"Chosen and Byrds","floor":31,"turns":10},{"damage":55,"enemies":"Automaton","floor":33,"turns":12}],"event_choices":[{"event_name":"Shining Light","player_choice":"Entered Light","floor":2,"damage_taken":0},{"event_name":"Scrap Ooze","player_choice":"success","floor":3,"damage_taken":3},{"event_name":"Bonfire Elementals","player_choice":"BASIC","floor":12,"damage_taken":0},{"event_name":"Vampires","player_choice":"Became a vampire (Vial)","floor":21,"damage_taken":0},{"event_name":"The Joust","player_choice":"Bet on Murderer","floor":25,"damage_taken":0}],"boss_relics":[{"not_picked":["The Specimen","Calling Bell"],"picked":"Lizard Tail"}],"potions_floor_spawned":[1,4,14,16,22,23,29,31],"seed_played":"2911654144080444740","killed_by":"Automaton","ascension_level":0,"is_trial":false}