{"gold_per_floor":[217,2,17,17,92,92,106,120,120,137,137,156,156,169,169,264,264,279,297,311,311],"floor_reached":21,"playtime":1207,"items_purged":[],"score":315,"play_id":"00675ece-3b18-4f93-840f-8bbd713d9cf1","local_time":"20190116010235","is_ascension_mode":true,"campfire_choices":[{"data":"Coolheaded","floor":6.0,"key":"SMITH"},{"floor":11.0,"key":"REST"},{"floor":15.0,"key":"REST"}],"neow_cost":"NONE","seed_source_timestamp":208804688387700,"circlet_count":0,"master_deck":["AscendersBane","Strike_B","Strike_B","Strike_B","Strike_B","Defend_B","Defend_B","Defend_B","Defend_B","Zap","Dualcast","Coolheaded+1","Compile Driver","Blizzard","Cold Snap","Go for the Eyes","Buffer","Cold Snap"],"special_seed":0,"relics":["Cracked Core","Membership Card","Blood Vial","Golden Idol","Cursed Key"],"potions_floor_usage":[21],"damage_taken":[{"damage":4.0,"enemies":"Small Slimes","floor":1.0,"turns":4.0},{"damage":3.0,"enemies":"2 Louse","floor":3.0,"turns":3.0},{"damage":6.0,"enemies":"Jaw Worm","floor":7.0,"turns":4.0},{"damage":19.0,"enemies":"Lots of Slimes","floor":8.0,"turns":5.0},{"damage":11.0,"enemies":"Looter","floor":10.0,"turns":2.0},{"damage":14.0,"enemies":"2 Fungi Beasts","floor":12.0,"turns":3.0},{"damage":13.0,"enemies":"3 Louse","floor":14.0,"turns":4.0},{"damage":22.0,"enemies":"Slime Boss","floor":16.0,"turns":13.0},{"damage":11.0,"enemies":"Spheric Guardian","floor":18.0,"turns":4.0},{"damage":1.0,"enemies":"Chosen","floor":19.0,"turns":5.0},{"damage":30.0,"enemies":"Centurion and Healer","floor":20.0,"turns":10.0},{"damage":29,"enemies":"Snecko","floor":21,"turns":6}],"seed_played":"5040766130696260600","potions_obtained":[{"floor":3.0,"key":"Swift Potion"},{"floor":8.0,"key":"LiquidBronze"},{"floor":10.0,"key":"GamblersBrew"},{"floor":14.0,"key":"FocusPotion"},{"floor":16.0,"key":"LiquidBronze"}],"is_trial":false,"path_per_floor":["M","$","M","?","?","R","M","M","T","M","R","M","?","M","R","B",null,"M","M","M","M"],"character_chosen":"DEFECT","items_purchased":["Membership Card"],"campfire_rested":2,"item_purchase_floors":[2],"current_hp_per_floor":[60,60,57,62,51,51,45,26,26,17,39,27,27,16,36,16,56,47,48,20,0],"gold":311,"neow_bonus":"HUNDRED_GOLD","is_prod":false,"is_daily":false,"chose_seed":false,"campfire_upgraded":1,"win_rate":0,"timestamp":1547618555,"path_taken":["M","$","M","?","?","R","M","M","T","M","R","M","?","M","R","BOSS","M","M","M","M"],"build_version":"2019-01-10","purchased_purges":0,"victory":false,"max_hp_per_floor":[71,71,71,76,76,76,76,76,76,76,76,76,69,69,69,69,69,69,69,69,69],"card_choices":[{"not_picked":["Ball Lightning","Rebound"],"picked":"Coolheaded","floor":1.0},{"not_picked":["Sweeping Beam","Barrage"],"picked":"Compile Driver","floor":3.0},{"not_picked":["Redo","Beam Cell"],"picked":"Blizzard","floor":7.0},{"not_picked":["Leap","Ball Lightning"],"picked":"Cold Snap","floor":8.0},{"not_picked":["Redo","Stack","Multi-Cast"],"picked":"SKIP","floor":10.0},{"not_picked":["Turbo","Consume"],"picked":"Go for the Eyes","floor":12.0},{"not_picked":["Streamline","Double Energy","Steam Power"],"picked":"SKIP","floor":14.0},{"not_picked":["Thunder Strike","Electrodynamics"],"picked":"Buffer","floor":16.0},{"not_picked":["Redo","Storm","Rebound"],"picked":"SKIP","floor":18.0},{"not_picked":["Rebound","Barrage+1"],"picked":"Cold Snap","floor":19.0},{"not_picked":["Ball Lightning","Force Field","Beam Cell"],"picked":"SKIP","floor":20.0}],"player_experience":446682,"relics_obtained":[{"floor":9.0,"key":"Blood Vial"}],"event_choices":[{"damage_healed":0.0,"max_hp_gain":5.0,"max_hp_loss":0.0,"gold_gain":0.0,"event_name":"Big Fish","player_choice":"Donut","floor":4.0,"gold_loss":0.0,"damage_taken":0.0},{"damage_healed":0.0,"max_hp_gain":0.0,"max_hp_loss":0.0,"gold_gain":75.0,"event_name":"World of Goop","player_choice":"Gather Gold","floor":5.0,"gold_loss":0.0,"damage_taken":11.0},{"damage_healed":0.0,"max_hp_gain":0.0,"max_hp_loss":7.0,"gold_gain":0.0,"event_name":"Golden Idol","player_choice":"Lose Max HP","floor":13.0,"gold_loss":0.0,"damage_taken":0.0,"relics_obtained":["Golden Idol"]}],"is_beta":false,"boss_relics":[{"not_picked":["Ectoplasm","White Beast Statue"],"picked":"Cursed Key"}],"items_purged_floors":[],"is_endless":false,"potions_floor_spawned":[3,8,10,14,16],"killed_by":"Snecko","ascension_level":16}