{"path_per_floor":["M","?","M","M","M","R","E","M","T","M","M","M","?","M","R","B",null,"M","?","M","M","?","R","?","R","T","R","$","M","M","M","R"],"character_chosen":"THE_SILENT","items_purchased":["Bottled Flame"],"gold_per_floor":[111,111,123,141,156,156,183,199,199,218,228,241,241,259,259,363,363,363,363,333,333,333,333,333,333,333,333,71,71,71,71,71,71],"floor_reached":33,"campfire_rested":3,"playtime":1290,"current_hp_per_floor":[70,75,75,74,70,70,54,52,52,45,36,36,21,21,43,13,75,75,61,51,38,38,38,30,30,30,54,54,54,3,3,27,0],"items_purged":[],"gold":71,"score":255,"play_id":"aca8ff97-8341-4eb5-b890-a813dc5143ca","local_time":"20180401175215","is_prod":false,"is_daily":false,"is_ascension_mode":false,"campfire_upgraded":1,"timestamp":1522630335,"path_taken":["M","?","M","M","M","R","E","M","T","M","M","?","?","M","R","BOSS","M","?","M","?","?","R","?","R","T","R","$","M","M","?","R","BOSS"],"build_version":"2018-03-29v2","purchased_purges":0,"victory":false,"master_deck":["Defend_G","Defend_G","Defend_G","Defend_G","Defend_G","Strike_G+1","Strike_G","Strike_G","Strike_G","Strike_G","Survivor","Neutralize","Skewer+1","Setup","Masterful Stab","Backstab","Acrobatics","Terror+1","Adrenaline","Phantasmal Killer","Eviscerate+1","Outmaneuver","Eviscerate+1","Eviscerate+1"],"max_hp_per_floor":[70,75,75,75,75,75,75,75,75,75,75,75,75,75,75,75,75,75,80,80,80,80,80,80,80,80,80,80,80,80,80,80,80],"relics":["Velvet Choker","Bag of Preparation","Girya","Ectoplasm","Molten Egg 2","Bottled Flame"],"card_choices":[{"not_picked":["Backflip","Dagger Spray"],"picked":"Skewer","floor":1},{"not_picked":["Cloak And Dagger","Finisher"],"picked":"Setup","floor":3},{"not_picked":["Flechettes","Dagger Throw"],"picked":"Masterful Stab","floor":4},{"not_picked":["Outmaneuver","Sucker Punch"],"picked":"Backstab","floor":7},{"not_picked":["Deadly Poison","Prepared"],"picked":"Acrobatics","floor":8},{"not_picked":["Catalyst","Deadly Poison"],"picked":"Terror","floor":11},{"not_picked":["Predator","Backflip"],"picked":"Adrenaline","floor":14},{"not_picked":["Night Terror","After Image"],"picked":"Phantasmal Killer","floor":16},{"not_picked":["Acrobatics","Sucker Punch"],"picked":"Eviscerate","floor":18},{"not_picked":["Cloak And Dagger","Flying Knee"],"picked":"Outmaneuver","floor":29},{"not_picked":["Dagger Spray","Blade Dance"],"picked":"Eviscerate","floor":30},{"not_picked":["Storm of Steel","Deflect"],"picked":"Eviscerate","floor":31}],"player_experience":100672,"potions_floor_usage":[16,16,29,30,31,33],"damage_taken":[{"damage":0,"enemies":"Small Slimes","floor":1,"turns":4},{"damage":0,"enemies":"Jaw Worm","floor":3,"turns":3},{"damage":1,"enemies":"Cultist","floor":4,"turns":4},{"damage":4,"enemies":"3 Louse","floor":5,"turns":3},{"damage":16,"enemies":"Lagavulin","floor":7,"turns":6},{"damage":2,"enemies":"Looter","floor":8,"turns":2},{"damage":7,"enemies":"Exordium Thugs","floor":10,"turns":3},{"damage":9,"enemies":"2 Fungi Beasts","floor":11,"turns":2},{"damage":0,"enemies":"Blue Slaver","floor":12,"turns":1},{"damage":0,"enemies":"Gremlin Gang","floor":14,"turns":4},{"damage":30,"enemies":"Hexaghost","floor":16,"turns":5},{"damage":0,"enemies":"Spheric Guardian","floor":18,"turns":1},{"damage":10,"enemies":"2 Thieves","floor":20,"turns":3},{"damage":13,"enemies":"Snake Plant","floor":21,"turns":3},{"damage":0,"enemies":"Snecko","floor":29,"turns":2},{"damage":51,"enemies":"Slaver and Parasite","floor":30,"turns":4},{"damage":0,"enemies":"Sentry and Sphere","floor":31,"turns":2},{"damage":41,"enemies":"Champ","floor":33,"turns":6}],"event_choices":[{"event_name":"Big Fish","player_choice":"Donut","floor":2,"damage_taken":0},{"event_name":"Shining Light","player_choice":"Entered Light","floor":13,"damage_taken":0},{"event_name":"Forgotten Altar","player_choice":"Shed Blood","floor":19,"damage_taken":0},{"event_name":"The Woman in Blue","player_choice":"Bought 0 Potions","floor":22,"damage_taken":0},{"event_name":"Wheel of Change","player_choice":"Damage","floor":24,"damage_taken":0}],"boss_relics":[{"not_picked":["Eternal Feather","Calling Bell"],"picked":"Ectoplasm"}],"potions_floor_spawned":[1,7,12,14,16,21,29,31],"seed_played":"2850793879176885490","killed_by":"Champ","ascension_level":0,"is_trial":false}