{"path_per_floor":["M","$","?","?","M","R","E","R","T","M","M","M","R","M","R","B",null,"M","M","$","M","?","R","M","R","T","R","M","M","?","M","R","B",null,"M","M","?","$","M","R","M","R","T","M","E","?","M"],"character_chosen":"THE_SILENT","items_purchased":["Kunai","Vajra","Omamori","Well Laid Plans","Enlightenment"],"gold_per_floor":[115,40,115,115,132,132,167,167,467,481,498,509,509,529,529,624,624,636,652,21,35,35,35,51,51,51,51,65,82,82,96,96,200,200,220,235,235,34,49,49,66,66,66,83,108,157,175],"floor_reached":48,"campfire_rested":0,"playtime":4435,"current_hp_per_floor":[58,58,47,47,47,47,34,34,34,30,30,30,30,30,30,24,70,61,61,61,61,61,61,56,56,56,56,56,50,50,46,46,40,70,50,44,61,61,49,49,30,30,30,32,25,22,7],"items_purged":["Defend_G"],"gold":175,"play_id":"096b0d14-8ed7-49ff-8912-eae1f12a413c","is_prod":false,"is_daily":false,"campfire_rituals":0,"campfire_upgraded":10,"is_hardmode":false,"path_taken":["M","?","?","?","?","R","E","R","T","M","M","?","R","M","R","BOSS","M","M","$","?","?","R","M","R","T","R","M","M","?","M","R","BOSS","M","M","?","$","M","R","M","R","T","M","E","?","M","M"],"build_version":"2018-01-11-PROD2","purchased_purges":1,"victory":false,"master_deck":["Defend_G","Defend_G","Defend_G","Strike_G","Strike_G","Strike_G","Strike_G","Neutralize","Backstab","Finisher","Terror","Leg Sweep","Dash","Poisoned Stab","Infinite Blades","After Image","Quick Slash","Well Laid Plans","Endless Agony","Backstab","Bullet Time","Acrobatics","Enlightenment","Escape Plan","Acrobatics","Blur","Choke","Backflip"],"max_hp_per_floor":[70,70,70,70,70,70,70,70,70,70,70,70,70,70,70,70,70,70,70,70,70,70,70,70,70,70,70,70,70,70,70,70,70,70,70,70,70,70,70,70,70,70,70,70,70,70,70],"relics":["Astrolabe","Molten Egg","Old Coin","Velvet Choker","Kunai","Vajra","Omamori","Lantern","Ice Cream","Sozu","Blood Vial","Bottled Flame","Sundial"],"campfire_meditates":0,"card_choices":[{"not_picked":["Backflip","All Out Attack"],"picked":"Leg Sweep"},{"not_picked":["PiercingWail","Dagger Throw"],"picked":"Dash"},{"not_picked":["Eviscerate","Wraith Form"],"picked":"Poisoned Stab"},{"not_picked":["Catalyst","Dagger Throw"],"picked":"Infinite Blades"},{"not_picked":["Envenom","Tools of the Trade"],"picked":"After Image"},{"not_picked":["Deadly Poison","Calculated Gamble"],"picked":"Quick Slash"},{"not_picked":["PiercingWail","Catalyst"],"picked":"Endless Agony"},{"not_picked":["Slice","Dagger Spray"],"picked":"Backstab"},{"not_picked":["Tools of the Trade","Wraith Form"],"picked":"Bullet Time"},{"not_picked":["Prepared","Choke"],"picked":"Acrobatics"},{"not_picked":["Calculated Gamble","Deflect"],"picked":"Escape Plan"},{"not_picked":["Deadly Poison","Outmaneuver"],"picked":"Acrobatics"},{"not_picked":["Bouncing Flask","Bane"],"picked":"Blur"},{"not_picked":["Poisoned Stab","Dagger Spray"],"picked":"Choke"},{"not_picked":["Dodge and Roll","Malaise"],"picked":"Backflip"}],"player_experience":38149,"potions_floor_usage":[16,21,24,29,33,33],"damage_taken":[{"damage":12,"enemies":"Blue Slaver","floor":1,"turns":2},{"damage":0,"enemies":"2 Louse","floor":5,"turns":1},{"damage":13,"enemies":"Lagavulin","floor":7,"turns":4},{"damage":4,"enemies":"Cultist","floor":10,"turns":4},{"damage":0,"enemies":"3 Louse","floor":11,"turns":3},{"damage":0,"enemies":"2 Fungi Beasts","floor":12,"turns":2},{"damage":0,"enemies":"Large Slime","floor":14,"turns":4},{"damage":6,"enemies":"Slime Boss","floor":16,"turns":6},{"damage":9,"enemies":"3 Byrds","floor":18,"turns":4},{"damage":0,"enemies":"Shell Parasite","floor":19,"turns":3},{"damage":0,"enemies":"Centurion and Healer","floor":21,"turns":4},{"damage":5,"enemies":"Snake Plant","floor":24,"turns":2},{"damage":0,"enemies":"Chosen and Byrds","floor":28,"turns":5},{"damage":6,"enemies":"Sentry and Sphere","floor":29,"turns":4},{"damage":4,"enemies":"Snecko","floor":31,"turns":3},{"damage":6,"enemies":"Collector","floor":33,"turns":12},{"damage":20,"enemies":"3 Darklings","floor":35,"turns":5},{"damage":6,"enemies":"Orb Walker","floor":36,"turns":2},{"damage":12,"enemies":"3 Darklings","floor":39,"turns":5},{"damage":19,"enemies":"Sphere and 2 Shapes","floor":41,"turns":6},{"damage":0,"enemies":"4 Shapes","floor":44,"turns":9},{"damage":9,"enemies":"Nemesis","floor":45,"turns":8},{"damage":5,"enemies":"Mysterious Sphere","floor":46,"turns":6},{"damage":17,"enemies":"3 Darklings","floor":47,"turns":6},{"damage":11,"enemies":"Sphere and 2 Shapes","floor":48,"turns":3}],"event_choices":[{"event_name":"World of Goop","player_choice":"Gather Gold","floor":3,"damage_taken":0},{"event_name":"Liars Game","player_choice":"disagreed","floor":4,"damage_taken":0},{"event_name":"The Mausoleum","player_choice":"Yes","floor":22,"damage_taken":0},{"event_name":"The Lab","player_choice":"Got Potions","floor":30,"damage_taken":0},{"event_name":"Winding Halls","player_choice":"Writhe","floor":37,"damage_taken":0},{"event_name":"Mysterious Sphere","player_choice":"Fight","floor":46,"damage_taken":0}],"boss_relics":[{"not_picked":["Lizard Tail","Eternal Feather"],"picked":"Velvet Choker"},{"not_picked":["White Beast Statue","Snecko Eye"],"picked":"Sozu"}],"potions_floor_spawned":[5,7,10,12,16,21,28,33,36,41,45],"seed_played":"-6657328846879884914","killed_by":"Sphere and 2 Shapes","is_trial":false}