{"gold_per_floor":[118,118,137,147,147,147,3,20,71,71,146,163,163,182,182,280,280,294,309,61,79,79,79],"floor_reached":23,"playtime":744,"items_purged":["Strike_G"],"score":208,"play_id":"01a52010-de77-43cf-b547-5ed6802e6664","local_time":"20190127043534","is_ascension_mode":false,"campfire_choices":[{"data":"Accuracy","floor":6,"key":"SMITH"},{"data":"Blade Dance","floor":10,"key":"SMITH"},{"data":"Blade Dance","floor":13,"key":"SMITH"},{"floor":15,"key":"REST"}],"neow_cost":"NONE","seed_source_timestamp":830335491651518,"circlet_count":0,"master_deck":["Defend_G","Defend_G","Defend_G","Defend_G","Defend_G+1","Survivor","Neutralize+1","Blade Dance+1","Accuracy+1","Blade Dance+1","Corpse Explosion","Accuracy","Accuracy+1","Bite","Bite","Bite","Bite","Bite"],"relics":["Ring of the Snake","Bronze Scales","Smiling Mask","Sozu","DollysMirror"],"potions_floor_usage":[23,23],"damage_taken":[{"damage":0,"enemies":"Jaw Worm","floor":1,"turns":3},{"damage":0,"enemies":"Small Slimes","floor":3,"turns":3},{"damage":0,"enemies":"Cultist","floor":4,"turns":3},{"damage":8,"enemies":"2 Fungi Beasts","floor":8,"turns":3},{"damage":1,"enemies":"Blue Slaver","floor":12,"turns":3},{"damage":0,"enemies":"Large Slime","floor":14,"turns":3},{"damage":22,"enemies":"Hexaghost","floor":16,"turns":8},{"damage":24,"enemies":"2 Thieves","floor":18,"turns":3},{"damage":10,"enemies":"Spheric Guardian","floor":19,"turns":3},{"damage":12,"enemies":"3 Cultists","floor":21,"turns":4},{"damage":35,"enemies":"Gremlin Leader","floor":23,"turns":2}],"seed_played":"5437456902913363288","potions_obtained":[{"floor":1,"key":"Energy Potion"},{"floor":3,"key":"Ancient Potion"},{"floor":4,"key":"Poison Potion"},{"floor":14,"key":"Dexterity Potion"}],"is_trial":false,"path_per_floor":["M","?","M","M","?","R","$","M","T","R","?","M","R","M","R","B",null,"M","M","$","M","?","E"],"character_chosen":"THE_SILENT","items_purchased":["Blood Vial","DollysMirror"],"campfire_rested":1,"item_purchase_floors":[7,20],"current_hp_per_floor":[70,70,70,70,56,56,56,50,50,50,39,40,40,42,63,43,70,46,38,38,28,28,0],"gold":79,"neow_bonus":"RANDOM_COMMON_RELIC","is_prod":false,"is_daily":false,"chose_seed":false,"campfire_upgraded":3,"win_rate":0,"timestamp":1548592534,"path_taken":["M","?","M","M","?","R","?","?","T","R","?","M","R","M","R","BOSS","M","M","$","M","?","E"],"build_version":"2019-01-23","purchased_purges":1,"victory":false,"max_hp_per_floor":[70,70,70,70,70,70,70,70,70,70,70,70,70,70,70,70,70,70,70,70,70,70,70],"card_choices":[{"not_picked":["Reflex","Flying Knee"],"picked":"Blade Dance","floor":1},{"not_picked":["Choke","Outmaneuver","Slice"],"picked":"SKIP","floor":3},{"not_picked":["Riddle With Holes","Escape Plan"],"picked":"Accuracy","floor":4},{"not_picked":["Outmaneuver","Poisoned Stab"],"picked":"Blade Dance","floor":8},{"not_picked":["Die Die Die","Backflip","Prepared"],"picked":"SKIP","floor":12},{"not_picked":["Dagger Spray","Concentrate","Slice"],"picked":"SKIP","floor":14},{"not_picked":["Unload","Venomology"],"picked":"Corpse Explosion","floor":16},{"not_picked":["Outmaneuver","Backflip+1"],"picked":"Accuracy","floor":18},{"not_picked":["Prepared+1","Well Laid Plans","Deflect"],"picked":"SKIP","floor":19},{"not_picked":["Terror","Eviscerate","Sucker Punch"],"picked":"SKIP","floor":21}],"player_experience":187976,"relics_obtained":[{"floor":9,"key":"Smiling Mask"}],"event_choices":[{"damage_healed":0,"gold_gain":0,"player_choice":"Grow","damage_taken":0,"max_hp_gain":0,"max_hp_loss":0,"event_name":"Living Wall","floor":2,"gold_loss":0,"cards_upgraded":["Neutralize"]},{"damage_healed":0,"gold_gain":0,"player_choice":"Entered Light","damage_taken":14,"max_hp_gain":0,"max_hp_loss":0,"event_name":"Shining Light","floor":5,"gold_loss":0,"cards_upgraded":["Defend_G","Strike_G"]},{"damage_healed":0,"gold_gain":75,"player_choice":"Gather Gold","damage_taken":11,"max_hp_gain":0,"max_hp_loss":0,"event_name":"World of Goop","floor":11,"gold_loss":0},{"damage_healed":0,"gold_gain":0,"player_choice":"Became a vampire (Vial)","damage_taken":0,"max_hp_gain":0,"max_hp_loss":0,"event_name":"Vampires","floor":22,"relics_lost":["Blood Vial"],"gold_loss":0,"cards_obtained":["Bite","Bite","Bite","Bite","Bite"]}],"is_beta":false,"boss_relics":[{"not_picked":["Velvet Choker","Philosopher\u0027s Stone"],"picked":"Sozu"}],"items_purged_floors":[20],"is_endless":false,"potions_floor_spawned":[1,3,4,14,18],"killed_by":"Gremlin Leader","ascension_level":0}