{"gold_per_floor":[119,60,80,90,109,135,147,159,159,159,124,224,224,249,249,320,320,331,66,80,80,80],"floor_reached":22,"playtime":666,"items_purged":["Storm of Steel"],"score":442,"play_id":"7600383d-d035-42d2-9f30-46eab178641f","local_time":"20190307111149","is_ascension_mode":true,"campfire_choices":[{"floor":10,"key":"REST"},{"data":"Catalyst","floor":13,"key":"SMITH"},{"data":"Catalyst","floor":15,"key":"SMITH"}],"neow_cost":"NONE","seed_source_timestamp":30930436983448,"circlet_count":0,"master_deck":["AscendersBane","Survivor","Neutralize","Catalyst+1","Deadly Poison","Poisoned Stab","Catalyst+1","Leg Sweep","Sucker Punch","Wraith Form v2","Caltrops","Die Die Die","After Image","Tools of the Trade","Leg Sweep","PiercingWail","Outmaneuver","Infinite Blades","All Out Attack","Blur","Footwork","Backflip","Deadly Poison","Phantasmal Killer","Finisher"],"relics":["Ring of the Snake","NeowsBlessing","Omamori","Happy Flower","Question Card","Pandora\u0027s Box","PreservedInsect"],"potions_floor_usage":[6,6,14],"damage_taken":[{"damage":0,"enemies":"Cultist","floor":1,"turns":1},{"damage":0,"enemies":"Jaw Worm","floor":3,"turns":1},{"damage":0,"enemies":"Small Slimes","floor":4,"turns":1},{"damage":10,"enemies":"Red Slaver","floor":5,"turns":3},{"damage":33,"enemies":"3 Sentries","floor":6,"turns":11},{"damage":10,"enemies":"Exordium Wildlife","floor":7,"turns":5},{"damage":16,"enemies":"3 Louse","floor":8,"turns":7},{"damage":0,"enemies":"Gremlin Nob","floor":14,"turns":2},{"damage":28,"enemies":"Slime Boss","floor":16,"turns":6},{"damage":16,"enemies":"Shell Parasite","floor":18,"turns":3},{"damage":23,"enemies":"Spheric Guardian","floor":20,"turns":4},{"damage":0,"enemies":"Centurion and Healer","floor":22,"turns":3}],"seed_played":"-3280760958045696301","potions_obtained":[{"floor":1,"key":"FearPotion"},{"floor":5,"key":"Regen Potion"},{"floor":7,"key":"Poison Potion"},{"floor":16,"key":"Explosive Potion"},{"floor":18,"key":"PowerPotion"}],"is_trial":false,"path_per_floor":["M","$","M","M","M","E","M","M","T","R","?","?","R","E","R","B",null,"M","$","M","?","M"],"character_chosen":"THE_SILENT","items_purchased":["Deadly Poison","PreservedInsect","Backflip"],"campfire_rested":1,"item_purchase_floors":[2,19,19],"current_hp_per_floor":[59,59,59,59,49,31,21,5,5,24,40,40,40,40,40,12,53,37,37,14,14,14],"gold":80,"neow_bonus":"THREE_ENEMY_KILL","is_prod":false,"is_daily":false,"chose_seed":false,"campfire_upgraded":2,"win_rate":0,"timestamp":1551975109,"path_taken":["M","$","?","M","?","E","M","M","T","R","?","?","R","E","R","BOSS","M","$","M","?","M"],"build_version":"2019-02-06","purchased_purges":1,"victory":false,"max_hp_per_floor":[66,66,66,66,66,66,66,66,66,66,66,66,66,66,66,66,66,66,66,66,66,66],"card_choices":[{"not_picked":["Poisoned Stab","Blade Dance"],"picked":"Catalyst","floor":1},{"not_picked":["Choke","Underhanded Strike"],"picked":"Poisoned Stab","floor":3},{"not_picked":["Choke","Bane"],"picked":"Catalyst","floor":4},{"not_picked":["Bouncing Flask","Slice"],"picked":"Leg Sweep","floor":5},{"not_picked":["Bane","Slice"],"picked":"Sucker Punch","floor":6},{"not_picked":["Underhanded Strike","Blade Dance"],"picked":"Wraith Form v2","floor":7},{"not_picked":["Backflip","Bane"],"picked":"Caltrops","floor":8},{"not_picked":["Dodge and Roll","All Out Attack"],"picked":"Die Die Die","floor":14},{"not_picked":["Night Terror","Doppelganger","Tools of the Trade"],"picked":"After Image","floor":16},{"not_picked":["Dagger Spray","Backflip","Sucker Punch"],"picked":"Footwork","floor":18},{"not_picked":["Dagger Spray","Heel Hook","Cloak And Dagger"],"picked":"Deadly Poison","floor":20}],"player_experience":1063597,"relics_obtained":[{"floor":6,"key":"Omamori"},{"floor":9,"key":"Happy Flower"},{"floor":14,"key":"Question Card"}],"event_choices":[{"damage_healed":16,"gold_gain":0,"player_choice":"Healed","damage_taken":0,"max_hp_gain":0,"max_hp_loss":0,"event_name":"The Cleric","floor":11,"gold_loss":35},{"damage_healed":0,"gold_gain":100,"player_choice":"Gold","damage_taken":0,"max_hp_gain":0,"max_hp_loss":0,"event_name":"Wheel of Change","floor":12,"gold_loss":0},{"damage_healed":0,"gold_gain":0,"cards_transformed":["Grand Finale","Expertise"],"player_choice":"Became Test Subject","damage_taken":0,"max_hp_gain":0,"max_hp_loss":0,"event_name":"Drug Dealer","floor":21,"gold_loss":0,"cards_obtained":["Phantasmal Killer","Finisher"]}],"is_beta":true,"boss_relics":[{"not_picked":["HoveringKite","Empty Cage"],"picked":"Pandora\u0027s Box"}],"items_purged_floors":[19],"is_endless":false,"potions_floor_spawned":[1,5,7,16,18],"killed_by":"Centurion and Healer","ascension_level":20}