{"path_per_floor":["M","M","?","M","$","R","M","M","T","E","R","M","M","M","R","B",null,"M","M","?","M","?","E","R"],"character_chosen":"IRONCLAD","items_purchased":["Twin Strike"],"gold_per_floor":[99,99,99,99,73,73,73,73,73,73,73,58,58,58,58,58,58,58,0,0,0,0,0,0,0],"floor_reached":25,"campfire_rested":2,"playtime":1378,"current_hp_per_floor":[80,73,73,72,72,72,64,59,59,45,45,35,29,28,52,8,80,65,68,68,54,54,25,49,0],"items_purged":[],"gold":0,"score":227,"play_id":"1a933df6-fa9c-4dfa-8d28-2144aab37851","local_time":"20180329071059","is_prod":false,"is_daily":false,"is_ascension_mode":false,"campfire_upgraded":2,"timestamp":1522332659,"path_taken":["M","M","?","M","$","R","M","?","T","E","R","M","M","M","R","BOSS","M","M","?","M","?","E","R","E"],"build_version":"2018-03-22v2","purchased_purges":0,"victory":false,"master_deck":["Strike_R","Strike_R","Strike_R","Strike_R","Defend_R","Defend_R","Bash","Searing Blow+2","Spot Weakness","Cleave","Twin Strike","Armaments","Iron Wave","Infernal Blade","Sword Boomerang","Heavy Blade","Rampage","Impervious","Rage+1","Double Tap+1","Spot Weakness+1","Armaments+1","Shrug It Off+1","Heavy Blade","Demon Form"],"max_hp_per_floor":[80,80,80,80,80,80,80,80,80,80,80,80,80,80,80,80,80,80,83,83,83,83,83,83,83],"relics":["Ectoplasm","Pen Nib","Astrolabe","Toolbox"],"card_choices":[{"not_picked":["Shrug It Off","Dark Embrace"],"picked":"Searing Blow","floor":1},{"not_picked":["Wild Strike","Shrug It Off"],"picked":"Spot Weakness","floor":2},{"not_picked":["Warcry","Thunderclap"],"picked":"Cleave","floor":4},{"not_picked":["Pummel","Feel No Pain"],"picked":"Armaments","floor":7},{"not_picked":["Warcry","Wild Strike"],"picked":"Iron Wave","floor":8},{"not_picked":["Feel No Pain","Fiend Fire"],"picked":"Infernal Blade","floor":10},{"not_picked":["Flex","Cleave"],"picked":"Sword Boomerang","floor":12},{"not_picked":["Flex","Thunderclap"],"picked":"Heavy Blade","floor":13},{"not_picked":["Clothesline","Body Slam"],"picked":"Rampage","floor":14},{"not_picked":["Offering","Brutality"],"picked":"Impervious","floor":16},{"not_picked":["True Grit","Rage"],"picked":"Armaments","floor":18},{"not_picked":["True Grit","Bloodletting"],"picked":"Shrug It Off","floor":19},{"not_picked":["Body Slam","Clothesline"],"picked":"Heavy Blade","floor":21},{"not_picked":["Ghostly Armor","Second Wind"],"picked":"Demon Form","floor":23}],"player_experience":20469,"potions_floor_usage":[16,16,16,23],"damage_taken":[{"damage":0,"enemies":"2 Louse","floor":1,"turns":3},{"damage":7,"enemies":"Small Slimes","floor":2,"turns":3},{"damage":1,"enemies":"Cultist","floor":4,"turns":3},{"damage":8,"enemies":"Red Slaver","floor":7,"turns":2},{"damage":5,"enemies":"3 Louse","floor":8,"turns":2},{"damage":14,"enemies":"3 Sentries","floor":10,"turns":4},{"damage":10,"enemies":"Looter","floor":12,"turns":2},{"damage":6,"enemies":"2 Fungi Beasts","floor":13,"turns":3},{"damage":1,"enemies":"Lots of Slimes","floor":14,"turns":3},{"damage":44,"enemies":"The Guardian","floor":16,"turns":7},{"damage":15,"enemies":"3 Byrds","floor":18,"turns":5},{"damage":0,"enemies":"2 Thieves","floor":19,"turns":3},{"damage":14,"enemies":"3 Cultists","floor":21,"turns":5},{"damage":29,"enemies":"Book of Stabbing","floor":23,"turns":4},{"damage":56,"enemies":"Gremlin Leader","floor":25,"turns":3}],"event_choices":[{"event_name":"Liars Game","player_choice":"disagreed","floor":3,"damage_taken":0},{"event_name":"Beggar","player_choice":"Ignored","floor":20,"damage_taken":0},{"event_name":"Addict","player_choice":"Ignored","floor":22,"damage_taken":0}],"boss_relics":[{"not_picked":["White Beast Statue","Velvet Choker"],"picked":"Astrolabe"}],"potions_floor_spawned":[2,4,7,10,19,21],"seed_played":"-4655779168822239150","killed_by":"Gremlin Leader","ascension_level":0,"is_trial":false}