{"gold_per_floor":[115,132,185,18,28,28,28,60,60,94,109,126,70,82,82,159,159,172,172,191,209,48,48,81,81],"floor_reached":25,"playtime":757,"items_purged":[],"score":466,"play_id":"12c6501f-8015-4228-a89a-13f29fd87fc2","local_time":"20181118084245","is_ascension_mode":true,"campfire_choices":[{"data":"Sunder","floor":6.0,"key":"SMITH"},{"floor":15.0,"key":"REST"},{"floor":23.0,"key":"REST"}],"neow_cost":"NONE","seed_source_timestamp":304833191982065,"circlet_count":0,"master_deck":["AscendersBane","Strike_B","Strike_B","Strike_B","Strike_B","Defend_B","Defend_B","Defend_B","Defend_B","Zap","Dualcast","Ball Lightning","Sunder+1","Steam","Compile Driver","Glacier","Sweeping Beam","Ball Lightning","Doom and Gloom+1","Echo Form","Steam","White Noise","Hologram","Genetic Algorithm+1"],"special_seed":0,"relics":["Cracked Core","NeowsBlessing","Lantern","Sundial","Mercury Hourglass","Blue Candle","Cursed Key","Anchor","Pear"],"potions_floor_usage":[],"damage_taken":[{"damage":0.0,"enemies":"Cultist","floor":1.0,"turns":1.0},{"damage":0.0,"enemies":"Small Slimes","floor":2.0,"turns":1.0},{"damage":0.0,"enemies":"Jaw Worm","floor":5.0,"turns":1.0},{"damage":35.0,"enemies":"Gremlin Nob","floor":8.0,"turns":4.0},{"damage":24.0,"enemies":"Lagavulin","floor":10.0,"turns":5.0},{"damage":13.0,"enemies":"Exordium Thugs","floor":11.0,"turns":5.0},{"damage":0.0,"enemies":"Blue Slaver","floor":12.0,"turns":3.0},{"damage":2.0,"enemies":"Lots of Slimes","floor":14.0,"turns":2.0},{"damage":22.0,"enemies":"Slime Boss","floor":16.0,"turns":6.0},{"damage":17.0,"enemies":"2 Thieves","floor":18.0,"turns":3.0},{"damage":31.0,"enemies":"Shell Parasite","floor":20.0,"turns":5.0},{"damage":0.0,"enemies":"Snake Plant","floor":21.0,"turns":2.0},{"damage":39.0,"enemies":"Book of Stabbing","floor":24.0,"turns":4.0},{"damage":17,"enemies":"Shelled Parasite and Fungi","floor":25,"turns":2}],"seed_played":"-7987761549795470804","potions_obtained":[{"floor":2.0,"key":"Regen Potion"},{"floor":8.0,"key":"Poison Potion"},{"floor":10.0,"key":"Regen Potion"},{"floor":12.0,"key":"Regen Potion"},{"floor":21.0,"key":"FearPotion"},{"floor":24.0,"key":"Strength Potion"}],"is_trial":false,"path_per_floor":["M","M","?","$","M","R","?","E","T","E","M","M","$","M","R","B",null,"M","?","M","M","$","R","E","M"],"character_chosen":"DEFECT","items_purchased":["Lantern","Fire Potion","Anchor"],"campfire_rested":2,"item_purchase_floors":[4,13,22],"current_hp_per_floor":[64,64,64,64,64,64,64,29,29,19,20,20,20,18,39,17,58,50,50,19,19,19,40,11,0],"gold":81,"neow_bonus":"THREE_ENEMY_KILL","is_prod":false,"is_daily":false,"chose_seed":false,"campfire_upgraded":1,"win_rate":0,"timestamp":1542548565,"path_taken":["M","?","?","$","M","R","?","E","T","E","M","M","?","?","R","BOSS","M","?","?","M","$","R","E","M"],"build_version":"2018-11-15","purchased_purges":0,"victory":false,"max_hp_per_floor":[71,71,71,71,71,71,71,71,71,71,71,71,71,71,71,71,71,71,71,71,71,71,71,81,81],"card_choices":[{"not_picked":["Conserve Battery","Streamline"],"picked":"Ball Lightning","floor":1.0},{"not_picked":["Beam Cell","Barrage"],"picked":"Sunder","floor":2.0},{"not_picked":["Capacitor","Blizzard"],"picked":"Steam","floor":5.0},{"not_picked":["Stack","Beam Cell"],"picked":"Compile Driver","floor":8.0},{"not_picked":["Seek","Heatsinks"],"picked":"Glacier","floor":10.0},{"not_picked":["Consume","Aggregate"],"picked":"Sweeping Beam","floor":11.0},{"not_picked":["Blizzard","Cold Snap"],"picked":"Ball Lightning","floor":12.0},{"not_picked":["Leap","Hologram"],"picked":"Doom and Gloom","floor":14.0},{"not_picked":["Rainbow","Reboot"],"picked":"Echo Form","floor":16.0},{"not_picked":["Barrage","Streamline"],"picked":"Steam","floor":18.0},{"not_picked":["Ball Lightning","Tempest"],"picked":"White Noise","floor":20.0},{"not_picked":["Ball Lightning","Rebound"],"picked":"Hologram","floor":21.0},{"not_picked":["Defragment","Rebound"],"picked":"Genetic Algorithm+1","floor":24.0}],"player_experience":885179,"relics_obtained":[{"floor":8.0,"key":"Sundial"},{"floor":9.0,"key":"Mercury Hourglass"},{"floor":10.0,"key":"Blue Candle"},{"floor":24.0,"key":"Pear"}],"event_choices":[{"damage_healed":0.0,"max_hp_gain":0.0,"max_hp_loss":0.0,"gold_gain":53.0,"event_name":"Golden Wing","player_choice":"Gained Gold","floor":3.0,"gold_loss":0.0,"damage_taken":0.0},{"damage_healed":0.0,"max_hp_gain":0.0,"max_hp_loss":0.0,"gold_gain":0.0,"event_name":"The Cleric","player_choice":"Leave","floor":7.0,"gold_loss":0.0,"damage_taken":0.0},{"damage_healed":0.0,"max_hp_gain":0.0,"max_hp_loss":0.0,"gold_gain":0.0,"event_name":"Upgrade Shrine","player_choice":"Upgraded","floor":19.0,"gold_loss":0.0,"damage_taken":0.0,"cards_upgraded":["Doom and Gloom"]}],"is_beta":true,"boss_relics":[{"not_picked":["Runic Dome","Astrolabe"],"picked":"Cursed Key"}],"items_purged_floors":[],"is_endless":false,"potions_floor_spawned":[2,8,10,12,14,16,21,24],"killed_by":"Shelled Parasite and Fungi","ascension_level":20}