{"gold_per_floor":[109,119,131,92,102,102,120,120,147,159,189,189,32,50,50,155,155,170,183,197,197,197,197,197,214,289,289,302,320,334,334,334,334],"floor_reached":33,"playtime":887,"items_purged":[],"score":268,"play_id":"56c55ad9-4c87-4210-8b54-51d7e2595342","local_time":"20190130050236","is_ascension_mode":false,"campfire_choices":[{"data":"Inflame","floor":6,"key":"SMITH"},{"data":"Bash","floor":8,"key":"SMITH"},{"data":"Flex","floor":12,"key":"SMITH"},{"data":"Limit Break","floor":15,"key":"SMITH"},{"floor":23,"key":"REST"},{"floor":27,"key":"REST"},{"floor":32,"key":"REST"}],"neow_cost":"NONE","seed_source_timestamp":251948892860126,"circlet_count":0,"master_deck":["Defend_R","Defend_R","Defend_R","Defend_R","Bash+1","Inflame+1","Flex+1","Limit Break+1","Inflame","Bite","Bite","Bite","Bite","Bite","Burning Pact"],"relics":["Black Blood","Dream Catcher","Boot","MutagenicStrength","Nilry\u0027s Codex","Kunai"],"potions_floor_usage":[5,7,10,10,14,18,18,28,29,30,33],"damage_taken":[{"damage":6,"enemies":"Cultist","floor":1,"turns":3},{"damage":16,"enemies":"Jaw Worm","floor":2,"turns":4},{"damage":10,"enemies":"2 Louse","floor":3,"turns":3},{"damage":15,"enemies":"Looter","floor":5,"turns":3},{"damage":10,"enemies":"3 Louse","floor":7,"turns":4},{"damage":16,"enemies":"Lots of Slimes","floor":10,"turns":6},{"damage":14,"enemies":"Exordium Thugs","floor":14,"turns":4},{"damage":56,"enemies":"The Guardian","floor":16,"turns":6},{"damage":22,"enemies":"Shell Parasite","floor":18,"turns":3},{"damage":10,"enemies":"Chosen","floor":19,"turns":3},{"damage":37,"enemies":"Snake Plant","floor":20,"turns":4},{"damage":52,"enemies":"Sentry and Sphere","floor":25,"turns":6},{"damage":52,"enemies":"Shelled Parasite and Fungi","floor":28,"turns":5},{"damage":34,"enemies":"3 Cultists","floor":29,"turns":6},{"damage":5,"enemies":"Snecko","floor":30,"turns":3},{"damage":49,"enemies":"Champ","floor":33,"turns":3}],"seed_played":"489911442614213705","potions_obtained":[{"floor":0,"key":"Regen Potion"},{"floor":0,"key":"Regen Potion"},{"floor":0,"key":"Regen Potion"},{"floor":5,"key":"Poison Potion"},{"floor":7,"key":"Fire Potion"},{"floor":10,"key":"LiquidBronze"},{"floor":16,"key":"SteroidPotion"},{"floor":18,"key":"Swift Potion"},{"floor":25,"key":"BloodPotion"},{"floor":28,"key":"Energy Potion"},{"floor":30,"key":"SteroidPotion"}],"is_trial":false,"path_per_floor":["M","M","M","$","M","R","M","R","T","M","?","R","$","M","R","B",null,"M","M","M","?","?","R","?","M","T","R","M","M","M","?","R","B"],"character_chosen":"IRONCLAD","items_purchased":["Inflame","Boot"],"campfire_rested":3,"item_purchase_floors":[4,13],"current_hp_per_floor":[80,70,66,66,66,66,74,74,74,79,79,79,79,71,71,21,80,68,68,41,41,25,49,49,24,24,40,19,13,26,26,42,0],"gold":334,"neow_bonus":"THREE_SMALL_POTIONS","is_prod":false,"is_daily":false,"chose_seed":false,"campfire_upgraded":4,"win_rate":0,"timestamp":1548853356,"path_taken":["M","M","M","$","M","R","M","R","T","M","?","R","$","M","R","BOSS","M","M","M","?","?","R","?","M","T","R","M","M","M","?","R","BOSS"],"build_version":"2019-01-23","purchased_purges":0,"victory":false,"max_hp_per_floor":[80,80,80,80,80,80,80,80,80,80,80,80,80,80,80,80,80,80,80,80,80,80,80,56,56,56,56,56,56,56,56,56,56],"card_choices":[{"not_picked":["Dropkick","Headbutt","Shockwave"],"picked":"SKIP","floor":1},{"not_picked":["Uppercut","Sword Boomerang","Pummel"],"picked":"SKIP","floor":2},{"not_picked":["Infernal Blade","Metallicize","Armaments"],"picked":"SKIP","floor":3},{"not_picked":["Carnage","Shrug It Off","Pommel Strike"],"picked":"SKIP","floor":5},{"not_picked":["Twin Strike","Cleave","Warcry"],"picked":"SKIP","floor":7},{"not_picked":["Armaments","Seeing Red"],"picked":"Flex","floor":10},{"not_picked":["Flex","True Grit"],"picked":"Limit Break","floor":14},{"not_picked":["Clash","Uppercut+1","Pommel Strike+1"],"picked":"SKIP","floor":18},{"not_picked":["Bloodletting","Seeing Red+1","Thunderclap"],"picked":"SKIP","floor":19},{"not_picked":["True Grit+1","Carnage"],"picked":"Inflame","floor":20},{"not_picked":["Metallicize","Infernal Blade","Cleave"],"picked":"SKIP","floor":25},{"not_picked":["Flex","Dropkick","Clash+1"],"picked":"SKIP","floor":28},{"not_picked":["Impervious","Thunderclap+1","Pummel+1"],"picked":"SKIP","floor":29},{"not_picked":["Body Slam+1","Fire Breathing","Bloodletting+1"],"picked":"SKIP","floor":30},{"not_picked":["Rampage","Clash"],"picked":"Burning Pact","floor":32}],"player_experience":227664,"relics_obtained":[{"floor":9,"key":"Dream Catcher"},{"floor":22,"key":"Nilry\u0027s Codex"},{"floor":26,"key":"Kunai"}],"event_choices":[{"damage_healed":0,"gold_gain":30,"player_choice":"Searched \u00272\u0027 times","damage_taken":0,"max_hp_gain":0,"max_hp_loss":0,"event_name":"Dead Adventurer","floor":11,"gold_loss":0},{"damage_healed":0,"gold_gain":0,"player_choice":"Inject Mutagens","damage_taken":0,"relics_obtained":["MutagenicStrength"],"max_hp_gain":0,"max_hp_loss":0,"event_name":"Drug Dealer","floor":21,"gold_loss":0},{"damage_healed":0,"gold_gain":0,"player_choice":"Obtained Book","damage_taken":16,"max_hp_gain":0,"max_hp_loss":0,"event_name":"Cursed Tome","floor":22,"gold_loss":0},{"damage_healed":0,"gold_gain":0,"player_choice":"Became a vampire","damage_taken":0,"max_hp_gain":0,"max_hp_loss":24,"event_name":"Vampires","floor":24,"gold_loss":0,"cards_obtained":["Bite","Bite","Bite","Bite","Bite"]},{"damage_healed":0,"gold_gain":0,"player_choice":"Ignored","damage_taken":0,"max_hp_gain":0,"max_hp_loss":0,"event_name":"Ghosts","floor":31,"gold_loss":0}],"is_beta":false,"boss_relics":[{"not_picked":["Tiny House","Pandora\u0027s Box"],"picked":"Black Blood"}],"items_purged_floors":[],"is_endless":false,"potions_floor_spawned":[1,5,7,10,16,18,25,28,30],"killed_by":"Champ","ascension_level":0}