{"gold_per_floor":[109,15,33,53,66,66,127,127,153,186,186,199,212,212,212,306,306,329,329,329,349,349],"floor_reached":22,"playtime":1531,"items_purged":[],"score":392,"play_id":"ed595567-beb5-4520-9f9f-9f5f4987a899","local_time":"20181117155208","is_ascension_mode":true,"campfire_choices":[{"data":"Zap","floor":6.0,"key":"SMITH"},{"data":"Hologram","floor":8.0,"key":"SMITH"},{"data":"Hologram","floor":11.0,"key":"SMITH"},{"data":"Doom and Gloom","floor":15.0,"key":"SMITH"}],"neow_cost":"NONE","seed_source_timestamp":243277876315408,"circlet_count":0,"master_deck":["AscendersBane","Strike_B","Strike_B","Strike_B","Defend_B","Defend_B","Defend_B","Defend_B","Zap+1","Dualcast","Streamline","Doom and Gloom+1","Steam","Hologram+1","Genetic Algorithm","Glacier","Hologram+1","Genetic Algorithm","Cold Snap","Biased Cognition","Defragment"],"special_seed":0,"relics":["Cracked Core","Centennial Puzzle","Tiny Chest","Ancient Tea Set","Bag of Marbles","Golden Idol","Coffee Dripper","Nilry\u0027s Codex"],"potions_floor_usage":[22],"damage_taken":[{"damage":1.0,"enemies":"Cultist","floor":1.0,"turns":3.0},{"damage":8.0,"enemies":"2 Louse","floor":3.0,"turns":2.0},{"damage":0.0,"enemies":"Small Slimes","floor":4.0,"turns":2.0},{"damage":0.0,"enemies":"Gremlin Gang","floor":5.0,"turns":2.0},{"damage":24.0,"enemies":"Lagavulin","floor":7.0,"turns":5.0},{"damage":8.0,"enemies":"3 Sentries","floor":10.0,"turns":9.0},{"damage":2.0,"enemies":"Large Slime","floor":12.0,"turns":3.0},{"damage":1.0,"enemies":"Blue Slaver","floor":13.0,"turns":4.0},{"damage":8.0,"enemies":"The Guardian","floor":16.0,"turns":12.0},{"damage":0,"enemies":"Spheric Guardian","floor":18,"turns":3},{"damage":7,"enemies":"2 Thieves","floor":21,"turns":4},{"damage":0,"enemies":"Shelled Parasite and Fungi","floor":22,"turns":1}],"seed_played":"7516968517498110089","potions_obtained":[{"floor":5.0,"key":"Fire Potion"},{"floor":12.0,"key":"Fire Potion"},{"floor":18,"key":"FocusPotion"}],"is_trial":false,"path_per_floor":["M","$","M","M","M","R","E","R","T","E","R","M","M","?","R","B",null,"M","?","?","M","M"],"character_chosen":"DEFECT","items_purchased":["Doom and Gloom","Explosive Potion"],"campfire_rested":0,"item_purchase_floors":[2,2],"current_hp_per_floor":[63,63,55,55,55,55,31,31,31,23,23,21,20,20,20,12,51,51,30,30,23,23],"gold":349,"neow_bonus":"RANDOM_COMMON_RELIC","is_prod":false,"is_daily":false,"chose_seed":false,"campfire_upgraded":4,"win_rate":0,"timestamp":1542487928,"path_taken":["M","?","M","M","M","R","E","R","T","E","R","M","M","?","R","BOSS","M","?","?","M","M"],"build_version":"2018-11-15","purchased_purges":0,"victory":false,"max_hp_per_floor":[71,71,71,71,71,71,71,71,71,71,71,71,71,64,64,64,64,64,64,64,64,64],"card_choices":[{"not_picked":["Gash","Turbo"],"picked":"Streamline","floor":1.0},{"not_picked":["Stack","Turbo"],"picked":"Steam","floor":3.0},{"not_picked":["Double Energy","Stack"],"picked":"Hologram","floor":4.0},{"not_picked":["Cold Snap","Static Discharge"],"picked":"Genetic Algorithm","floor":5.0},{"not_picked":["Melter","Self Repair"],"picked":"Glacier","floor":7.0},{"not_picked":["Leap","Reinforced Body"],"picked":"Hologram","floor":10.0},{"not_picked":["Barrage","Self Repair"],"picked":"Genetic Algorithm","floor":12.0},{"not_picked":["Ball Lightning","Rebound"],"picked":"Cold Snap","floor":13.0},{"not_picked":["All For One","Fission"],"picked":"Biased Cognition","floor":16.0},{"not_picked":["Auto Shields","Barrage"],"picked":"Defragment","floor":18},{"not_picked":["Reinforced Body","Turbo","Go for the Eyes"],"picked":"SKIP","floor":21}],"player_experience":876181,"relics_obtained":[{"floor":7.0,"key":"Tiny Chest"},{"floor":9.0,"key":"Ancient Tea Set"},{"floor":10.0,"key":"Bag of Marbles"},{"floor":19,"key":"Nilry\u0027s Codex"}],"event_choices":[{"damage_healed":0.0,"max_hp_gain":0.0,"max_hp_loss":7.0,"gold_gain":0.0,"event_name":"Golden Idol","player_choice":"Lose Max HP","floor":14.0,"gold_loss":0.0,"damage_taken":0.0,"relics_obtained":["Golden Idol"]},{"damage_healed":0,"gold_gain":0,"player_choice":"Obtained Book","damage_taken":21,"max_hp_gain":0,"max_hp_loss":0,"event_name":"Cursed Tome","floor":19,"gold_loss":0},{"cards_removed":["Strike_B"],"damage_healed":0,"gold_gain":0,"player_choice":"Purged","damage_taken":0,"max_hp_gain":0,"max_hp_loss":0,"event_name":"Purifier","floor":20,"gold_loss":0}],"is_beta":true,"boss_relics":[{"not_picked":["Orrery","FrozenCore"],"picked":"Coffee Dripper"}],"items_purged_floors":[],"is_endless":false,"potions_floor_spawned":[5,12,13,18],"killed_by":"Shelled Parasite and Fungi","ascension_level":20}