{"gold_per_floor":[109,109,184,164,177,177,204,204,204,235,235,248,69,84,84,156,156,175,175,188,199,249,249,263,291,339,371,102,102,102,118,118,192,242,253,253,267,280,280,280,280,308,308,308,319,110,110,128,128,128,128],"floor_reached":51,"playtime":2662,"items_purged":["Regret","Strike_G","Pain"],"score":1521,"play_id":"0d3249ab-5a1b-46a3-a3ad-07c7cbffaeaa","local_time":"20190326221514","is_ascension_mode":true,"campfire_choices":[{"floor":6.0,"key":"REST"},{"floor":8.0,"key":"REST"},{"data":"Deadly Poison","floor":15.0,"key":"SMITH"},{"data":"Malaise","floor":23.0,"key":"SMITH"},{"data":"Catalyst","floor":30.0,"key":"SMITH"},{"floor":32.0,"key":"REST"},{"data":"Crippling Poison","floor":40.0,"key":"SMITH"},{"floor":44.0,"key":"REST"},{"floor":47.0,"key":"RECALL"},{"floor":49,"key":"REST"}],"neow_cost":"NONE","seed_source_timestamp":1184692400815863,"circlet_count":0,"master_deck":["AscendersBane","Defend_G","Defend_G","Defend_G","Defend_G+1","Defend_G","Strike_G","Strike_G","Strike_G","Survivor","Neutralize","Deadly Poison+1","Cloak And Dagger+1","Backflip","Leg Sweep","Deadly Poison+1","Noxious Fumes","Malaise+1","PiercingWail","Escape Plan","Cloak And Dagger","Acrobatics","Catalyst+1","Well Laid Plans","Night Terror","Crippling Poison+1","Burst"],"special_seed":0,"relics":["Runic Dome","Ancient Tea Set","FossilizedHelix","Orichalcum","Letter Opener","Cursed Key","Bag of Marbles","Singing Bowl","Bronze Scales","Tiny House","Strawberry"],"potions_floor_usage":[48],"damage_taken":[{"damage":7.0,"enemies":"Small Slimes","floor":1.0,"turns":4.0},{"damage":0.0,"enemies":"Jaw Worm","floor":5.0,"turns":5.0},{"damage":28.0,"enemies":"Lagavulin","floor":7.0,"turns":7.0},{"damage":0.0,"enemies":"Gremlin Nob","floor":10.0,"turns":4.0},{"damage":0.0,"enemies":"2 Louse","floor":12.0,"turns":2.0},{"damage":0.0,"enemies":"Lots of Slimes","floor":14.0,"turns":4.0},{"damage":3.0,"enemies":"Hexaghost","floor":16.0,"turns":9.0},{"damage":14.0,"enemies":"3 Byrds","floor":18.0,"turns":4.0},{"damage":0.0,"enemies":"2 Thieves","floor":20.0,"turns":4.0},{"damage":0.0,"enemies":"Sentry and Sphere","floor":21.0,"turns":6.0},{"damage":7.0,"enemies":"Shelled Parasite and Fungi","floor":24.0,"turns":6.0},{"damage":0.0,"enemies":"Book of Stabbing","floor":25.0,"turns":9.0},{"damage":14.0,"enemies":"Slavers","floor":27.0,"turns":7.0},{"damage":4.0,"enemies":"Centurion and Healer","floor":31.0,"turns":7.0},{"damage":6.0,"enemies":"Champ","floor":33.0,"turns":11.0},{"damage":5.0,"enemies":"Orb Walker","floor":35.0,"turns":4.0},{"damage":0.0,"enemies":"3 Shapes","floor":37.0,"turns":7.0},{"damage":39.0,"enemies":"Jaw Worm Horde","floor":38.0,"turns":6.0},{"damage":23.0,"enemies":"Reptomancer","floor":42.0,"turns":6.0},{"damage":34.0,"enemies":"3 Darklings","floor":45.0,"turns":7.0},{"damage":0,"enemies":"Spire Growth","floor":48,"turns":2},{"damage":16,"enemies":"Time Eater","floor":50,"turns":7},{"damage":34,"enemies":"Awakened One","floor":51,"turns":17}],"seed_played":"-3083765212023246458","potions_obtained":[{"floor":1.0,"key":"Strength Potion"},{"floor":4.0,"key":"Fruit Juice"},{"floor":7.0,"key":"Weak Potion"},{"floor":10.0,"key":"FearPotion"},{"floor":18.0,"key":"Dexterity Potion"},{"floor":20.0,"key":"SkillPotion"},{"floor":21.0,"key":"GamblersBrew"},{"floor":34.0,"key":"PowerPotion"}],"is_trial":false,"path_per_floor":["M","?","?","?","M","R","E","R","T","E","?","M","$","M","R","B",null,"M","?","M","M","?","R","M","E","T","E","$","?","R","M","R","B",null,"M","?","M","M","?","R","?","E","T","R","M","$","R","M","R","B","B"],"character_chosen":"THE_SILENT","items_purchased":["Deadly Poison","Noxious Fumes","Bronze Scales","GamblersBrew"],"campfire_rested":5,"item_purchase_floors":[13,13,28,46],"current_hp_per_floor":[52,32,21,21,21,47,19,40,40,40,40,40,40,40,40,37,63,49,49,49,49,49,49,42,42,42,30,30,30,30,28,50,44,74,71,71,73,34,34,34,34,18,18,45,13,13,13,15,44,28,0],"gold":128,"neow_bonus":"BOSS_RELIC","is_prod":false,"is_daily":false,"chose_seed":false,"campfire_upgraded":4,"win_rate":0,"timestamp":1553652914,"path_taken":["M","?","?","?","?","R","E","R","T","E","?","M","$","M","R","BOSS","M","?","?","M","?","R","M","E","T","E","$","?","R","?","R","BOSS","M","?","M","M","?","R","?","E","T","R","M","$","R","?","R","BOSS","BOSS"],"build_version":"2019-03-15","purchased_purges":3,"victory":false,"max_hp_per_floor":[66,66,66,66,66,71,71,71,71,71,71,71,71,71,71,71,71,71,71,71,71,71,71,71,71,71,73,73,73,73,75,75,75,82,84,84,86,86,86,86,86,93,93,93,95,95,95,97,97,97,97],"card_choices":[{"not_picked":["Blade Dance","Flying Knee"],"picked":"Deadly Poison","floor":1.0},{"not_picked":["Finisher","Dagger Spray"],"picked":"Cloak And Dagger","floor":5.0},{"not_picked":["Blade Dance","Infinite Blades"],"picked":"Backflip","floor":7.0},{"not_picked":["Choke","Flechettes","Underhanded Strike"],"picked":"SKIP","floor":10.0},{"not_picked":["Flying Knee","Calculated Gamble"],"picked":"Leg Sweep","floor":12.0},{"not_picked":["Tactician","Slice","Prepared"],"picked":"SKIP","floor":14.0},{"not_picked":["Envenom","Phantasmal Killer"],"picked":"Malaise","floor":16.0},{"not_picked":["Bane+1","Slice"],"picked":"PiercingWail","floor":18.0},{"not_picked":["Skewer","Dagger Throw"],"picked":"Flechettes","floor":20.0},{"not_picked":["Noxious Fumes","Sucker Punch"],"picked":"Cloak And Dagger","floor":21.0},{"not_picked":["Choke","Outmaneuver"],"picked":"Acrobatics","floor":24.0},{"not_picked":["Eviscerate","Blade Dance"],"picked":"Catalyst","floor":25.0},{"not_picked":["Backstab","Accuracy+1","Finisher"],"picked":"Singing Bowl","floor":27.0},{"not_picked":["Heel Hook","Deadly Poison","Finisher+1"],"picked":"Singing Bowl","floor":31.0},{"not_picked":["Adrenaline","Phantasmal Killer"],"picked":"Night Terror","floor":33.0},{"not_picked":["Dagger Spray","Outmaneuver","Blade Dance+1"],"picked":"Singing Bowl","floor":34.0},{"not_picked":["Dodge and Roll","Quick Slash","Flechettes+1"],"picked":"Singing Bowl","floor":35.0},{"not_picked":["Prepared","A Thousand Cuts","Dagger Spray"],"picked":"Singing Bowl","floor":37.0},{"not_picked":["Eviscerate","Choke"],"picked":"Crippling Poison","floor":38.0},{"not_picked":["Slice","Outmaneuver"],"picked":"Burst","floor":42.0},{"not_picked":["Dagger Throw+1","Underhanded Strike","Acrobatics"],"picked":"Singing Bowl","floor":45.0},{"not_picked":["Quick Slash","Poisoned Stab","Eviscerate"],"picked":"Singing Bowl","floor":48}],"player_experience":1300158,"relics_obtained":[{"floor":7.0,"key":"Ancient Tea Set"},{"floor":9.0,"key":"FossilizedHelix"},{"floor":10.0,"key":"Orichalcum"},{"floor":25.0,"key":"Bag of Marbles"},{"floor":27.0,"key":"Singing Bowl"},{"floor":42.0,"key":"Strawberry"}],"event_choices":[{"damage_healed":0.0,"max_hp_gain":0.0,"max_hp_loss":0.0,"gold_gain":0.0,"event_name":"Shining Light","player_choice":"Entered Light","floor":2.0,"gold_loss":0.0,"damage_taken":20.0,"cards_upgraded":["Defend_G","Deadly Poison"]},{"damage_healed":0.0,"max_hp_gain":0.0,"max_hp_loss":0.0,"gold_gain":75.0,"event_name":"World of Goop","player_choice":"Gather Gold","floor":3.0,"gold_loss":0.0,"damage_taken":11.0},{"damage_healed":0.0,"max_hp_gain":0.0,"max_hp_loss":0.0,"gold_gain":0.0,"event_name":"The Woman in Blue","player_choice":"Bought 1 Potion","floor":4.0,"gold_loss":0.0,"damage_taken":0.0},{"damage_healed":0.0,"max_hp_gain":0.0,"max_hp_loss":0.0,"gold_gain":0.0,"event_name":"Big Fish","player_choice":"Box","floor":11.0,"gold_loss":0.0,"damage_taken":0.0,"relics_obtained":["Letter Opener"],"cards_obtained":["Regret"]},{"damage_healed":0.0,"max_hp_gain":0.0,"max_hp_loss":0.0,"gold_gain":0.0,"cards_transformed":["Strike_G"],"event_name":"Transmorgrifier","player_choice":"Transformed","floor":19.0,"gold_loss":0.0,"damage_taken":0.0,"cards_obtained":["Escape Plan"]},{"damage_healed":0.0,"max_hp_gain":0.0,"max_hp_loss":0.0,"gold_gain":50.0,"event_name":"Nest","player_choice":"Stole From Cult","floor":22.0,"gold_loss":0.0,"damage_taken":0.0},{"damage_healed":0.0,"max_hp_gain":0.0,"max_hp_loss":0.0,"gold_gain":0.0,"event_name":"The Library","player_choice":"Read","floor":29.0,"gold_loss":0.0,"damage_taken":0.0,"cards_obtained":["Well Laid Plans"]},{"damage_healed":0.0,"max_hp_gain":0.0,"max_hp_loss":0.0,"gold_gain":0.0,"event_name":"Mysterious Sphere","player_choice":"Ignored","floor":36.0,"gold_loss":0.0,"damage_taken":0.0},{"cards_removed":["Flechettes"],"damage_healed":0.0,"max_hp_gain":0.0,"max_hp_loss":0.0,"gold_gain":0.0,"event_name":"Falling","player_choice":"Removed Attack","floor":39.0,"gold_loss":0.0,"damage_taken":0.0},{"damage_healed":0.0,"max_hp_gain":0.0,"max_hp_loss":0.0,"gold_gain":0.0,"event_name":"Tomb of Lord Red Mask","player_choice":"Ignored","floor":41.0,"gold_loss":0.0,"damage_taken":0.0}],"is_beta":true,"boss_relics":[{"not_picked":["WristBlade","Black Star"],"picked":"Cursed Key"},{"not_picked":["Calling Bell","Eternal Feather"],"picked":"Tiny House"}],"items_purged_floors":[13,28,46],"is_endless":false,"potions_floor_spawned":[1,7,10,18,20,21,35,37],"killed_by":"Awakened One","ascension_level":20}