{"gold_per_floor":[219,219,238,238,77,117,129,185,271,283,260,272,315,363,375,387],"floor_reached":16,"playtime":439,"items_purged":[],"score":228,"play_id":"f4796a3f-4ebe-44a5-ac1d-2d11f6fbf6b1","local_time":"20190322230700","is_ascension_mode":true,"campfire_choices":[{"data":"Uppercut","floor":7,"key":"SMITH"},{"data":"Immolate","floor":10,"key":"SMITH"},{"data":"Bash","floor":12,"key":"SMITH"},{"data":"True Grit","floor":15,"key":"SMITH"}],"neow_cost":"NONE","seed_source_timestamp":845029114540770,"circlet_count":0,"master_deck":["AscendersBane","Strike_R","Strike_R","Strike_R","Strike_R","Strike_R","Defend_R","Defend_R","Defend_R","Defend_R","Bash+1","Uppercut+1","Immolate+1","Cleave","True Grit+1","Anger"],"relics":["Burning Blood","Golden Idol","MawBank","Paper Frog","Potion Belt","Odd Mushroom"],"potions_floor_usage":[6,16],"damage_taken":[{"damage":1,"enemies":"Cultist","floor":1,"turns":3},{"damage":4,"enemies":"Small Slimes","floor":3,"turns":3},{"damage":32,"enemies":"Lagavulin","floor":6,"turns":5},{"damage":15,"enemies":"3 Sentries","floor":8,"turns":4},{"damage":6,"enemies":"Gremlin Nob","floor":13,"turns":3},{"damage":0,"enemies":"The Mushroom Lair","floor":14,"turns":1},{"damage":61,"enemies":"Hexaghost","floor":16,"turns":10}],"seed_played":"8505758495362591971","potions_obtained":[{"floor":1,"key":"AttackPotion"},{"floor":3,"key":"Fruit Juice"},{"floor":14,"key":"Explosive Potion"}],"is_trial":false,"path_per_floor":["M","$","M","?","$","E","R","E","T","R","?","R","E","?","R","B"],"character_chosen":"IRONCLAD","items_purchased":["Immolate"],"campfire_rested":0,"item_purchase_floors":[5],"current_hp_per_floor":[73,73,75,68,68,42,42,33,33,33,50,50,50,56,56,0],"gold":387,"neow_bonus":"HUNDRED_GOLD","is_prod":false,"is_daily":false,"chose_seed":false,"campfire_upgraded":4,"win_rate":0,"timestamp":1553310420,"path_taken":["M","?","M","?","$","E","R","E","T","R","?","R","E","?","R","BOSS"],"build_version":"2019-03-15","purchased_purges":0,"victory":false,"max_hp_per_floor":[75,75,75,68,68,68,68,68,68,68,68,68,68,68,68,73],"card_choices":[{"not_picked":["Headbutt","Shrug It Off"],"picked":"Uppercut","floor":1},{"not_picked":["Heavy Blade","Body Slam","Warcry"],"picked":"SKIP","floor":3},{"not_picked":["Dual Wield","Armaments","Havoc"],"picked":"SKIP","floor":6},{"not_picked":["Pommel Strike","Searing Blow"],"picked":"Cleave","floor":8},{"not_picked":["Cleave","Perfected Strike"],"picked":"True Grit","floor":13},{"not_picked":["Pommel Strike","Clash"],"picked":"Anger","floor":14}],"player_experience":1192390,"relics_obtained":[{"floor":6,"key":"MawBank"},{"floor":8,"key":"Paper Frog"},{"floor":13,"key":"Potion Belt"},{"floor":14,"key":"Odd Mushroom"}],"event_choices":[{"damage_healed":0,"gold_gain":0,"player_choice":"Lose Max HP","damage_taken":0,"relics_obtained":["Golden Idol"],"max_hp_gain":0,"max_hp_loss":7,"event_name":"Golden Idol","floor":4,"gold_loss":0},{"damage_healed":17,"gold_gain":0,"player_choice":"Healed","damage_taken":0,"max_hp_gain":0,"max_hp_loss":0,"event_name":"The Cleric","floor":11,"gold_loss":35},{"damage_healed":0,"gold_gain":0,"player_choice":"Fought Mushrooms","damage_taken":0,"max_hp_gain":0,"max_hp_loss":0,"event_name":"Mushrooms","floor":14,"gold_loss":0}],"is_beta":true,"boss_relics":[],"items_purged_floors":[],"is_endless":false,"potions_floor_spawned":[1,3,14],"killed_by":"Hexaghost","ascension_level":20}