{"path_per_floor":["M","?","?","M","?","E","R","$","T","M","E","M","$","M","R","B",null,"M","?","$","M","?","E","M"],"character_chosen":"THE_SILENT","items_purchased":["After Image","Dagger Spray","Infinite Blades"],"gold_per_floor":[116,116,116,131,131,161,161,40,40,58,93,112,37,53,53,149,149,149,149,75,75,75,75,75,75],"floor_reached":25,"campfire_rested":1,"playtime":965,"current_hp_per_floor":[70,70,70,70,70,70,70,70,70,70,53,45,45,45,66,55,70,51,38,38,38,38,25,21,0],"items_purged":["Strike_G"],"gold":75,"score":282,"play_id":"a32bd1f7-e32b-4d87-babb-eac69686e9ee","local_time":"20180403001833","is_prod":false,"is_daily":false,"is_ascension_mode":false,"campfire_upgraded":1,"timestamp":1522739913,"path_taken":["M","?","?","M","?","E","R","$","T","M","E","M","$","?","R","BOSS","M","?","$","M","?","E","?","E"],"build_version":"2018-03-29v2","purchased_purges":1,"victory":false,"master_deck":["Defend_G+1","Defend_G+1","Defend_G+1","Defend_G+1","Defend_G+1","Strike_G+1","Strike_G+1","Strike_G+1","Strike_G+1","Survivor","Neutralize","Dagger Spray+1","Riddle With Holes","Neutralize","Flying Knee","Flying Knee","After Image","Dagger Spray","Dagger Spray","Deflect","Dagger Spray","Phantasmal Killer","Cloak And Dagger+1","Infinite Blades","Blade Dance"],"max_hp_per_floor":[70,70,70,70,70,70,70,70,70,70,70,70,70,70,70,70,70,70,75,75,75,75,75,75,75],"relics":["Ring of the Snake","NeowsBlessing","Orichalcum","Gambling Chip","Vajra","Ectoplasm","Tiny Chest"],"card_choices":[{"not_picked":["Dodge and Roll","Sucker Punch"],"picked":"Dagger Spray","floor":1},{"not_picked":["Underhanded Strike","Dagger Throw"],"picked":"Flying Knee","floor":4},{"not_picked":["Skewer","Leg Sweep"],"picked":"Flying Knee","floor":6},{"not_picked":["Burst","Cloak And Dagger"],"picked":"Dagger Spray","floor":10},{"not_picked":["PiercingWail","Sucker Punch"],"picked":"Deflect","floor":12},{"not_picked":["Masterful Stab","Cloak And Dagger"],"picked":"Dagger Spray","floor":14},{"not_picked":["Glass Knife","Unload"],"picked":"Phantasmal Killer","floor":16},{"not_picked":["Dagger Throw","Backflip"],"picked":"Cloak And Dagger","floor":18},{"not_picked":["Catalyst","Dagger Throw"],"picked":"Blade Dance","floor":24}],"player_experience":116919,"potions_floor_usage":[11,16,16],"damage_taken":[{"damage":0,"enemies":"Small Slimes","floor":1,"turns":1},{"damage":0,"enemies":"Cultist","floor":4,"turns":1},{"damage":0,"enemies":"3 Sentries","floor":6,"turns":1},{"damage":0,"enemies":"Jaw Worm","floor":10,"turns":3},{"damage":17,"enemies":"Lagavulin","floor":11,"turns":7},{"damage":8,"enemies":"Looter","floor":12,"turns":3},{"damage":0,"enemies":"Gremlin Gang","floor":14,"turns":1},{"damage":11,"enemies":"Slime Boss","floor":16,"turns":10},{"damage":19,"enemies":"Shell Parasite","floor":18,"turns":4},{"damage":0,"enemies":"3 Byrds","floor":21,"turns":3},{"damage":13,"enemies":"Book of Stabbing","floor":23,"turns":6},{"damage":4,"enemies":"Snake Plant","floor":24,"turns":4},{"damage":28,"enemies":"Slavers","floor":25,"turns":3}],"event_choices":[{"event_name":"Match and Keep!","player_choice":"3 cards matched","floor":2,"damage_taken":0},{"event_name":"Bonfire Elementals","player_choice":"UNCOMMON","floor":3,"damage_taken":0},{"event_name":"Golden Wing","player_choice":"Ignored","floor":5,"damage_taken":0},{"event_name":"Forgotten Altar","player_choice":"Shed Blood","floor":19,"damage_taken":0},{"event_name":"Back to Basics","player_choice":"Simplicity","floor":22,"damage_taken":0}],"boss_relics":[{"not_picked":["Orrery","Tiny House"],"picked":"Ectoplasm"}],"potions_floor_spawned":[10,11,12,18,24],"seed_played":"3692948869494668569","killed_by":"Slavers","ascension_level":0,"is_trial":false}