{"gold_per_floor":[119,119,136,136,149,149,44,44,44,79,106,117,117,267,267,341,341,354,354,365,415,181,181,200,216,298,298,298,316,316,333,333,407,407,424,424,57,57,77,77,77,90,90,123,123,134,134,152,152,152,152],"floor_reached":52,"playtime":2710,"items_purged":["Regret","Doubt"],"score":1785,"play_id":"edf70da5-aedf-47e6-a9ca-0cf9180db542","local_time":"20180928220102","is_ascension_mode":true,"campfire_choices":[{"data":"Chaos","floor":6.0,"key":"SMITH"},{"floor":8.0,"key":"REST"},{"floor":13.0,"key":"REST"},{"data":"Compile Driver","floor":15.0,"key":"SMITH"},{"data":"Defragment","floor":23.0,"key":"SMITH"},{"data":"Defragment","floor":28.0,"key":"SMITH"},{"floor":30.0,"key":"REST"},{"data":"Ghostly","floor":32.0,"key":"SMITH"},{"data":"Loop","floor":40,"key":"SMITH"},{"floor":45,"key":"REST"},{"data":"Ghostly","floor":49,"key":"SMITH"}],"neow_cost":"TEN_PERCENT_HP_LOSS","seed_source_timestamp":0,"circlet_count":0,"master_deck":["Strike_B","Strike_B","Strike_B","Defend_B","Defend_B","Defend_B","Zap","Dualcast","AscendersBane","Biased Cognition","Chaos+1","Gash","Steam","Leap","Compile Driver+1","Compile Driver","Compile Driver","Core Surge","Defragment+1","Leap","Defragment+1","Cold Snap+1","Ghostly+1","Ghostly+1","Ghostly","Ghostly","Ghostly+1","Cold Snap","Reboot","Cold Snap","Writhe","Loop+1","Leap+1","Glacier","Stack+1","FTL+1"],"special_seed":0,"relics":["Cracked Core","Shuriken","Potion Belt","Darkstone Periapt","Centennial Puzzle","DataDisk","Inserter","Bottled Tornado","Busted Crown","Mummified Hand","StoneCalendar","Mercury Hourglass","Orichalcum"],"potions_floor_usage":[44,46,50,51],"damage_taken":[{"damage":10.0,"enemies":"Small Slimes","floor":1.0,"turns":3.0},{"damage":7.0,"enemies":"Jaw Worm","floor":3.0,"turns":2.0},{"damage":0.0,"enemies":"2 Louse","floor":5.0,"turns":2.0},{"damage":15.0,"enemies":"Lagavulin","floor":10.0,"turns":5.0},{"damage":2.0,"enemies":"Blue Slaver","floor":12.0,"turns":3.0},{"damage":26.0,"enemies":"Hexaghost","floor":16.0,"turns":11.0},{"damage":17.0,"enemies":"2 Thieves","floor":18.0,"turns":3.0},{"damage":19.0,"enemies":"Chosen","floor":20.0,"turns":5.0},{"damage":9.0,"enemies":"Centurion and Healer","floor":24.0,"turns":9.0},{"damage":10.0,"enemies":"Shelled Parasite and Fungi","floor":25.0,"turns":8.0},{"damage":1.0,"enemies":"Cultist and Chosen","floor":29.0,"turns":7.0},{"damage":1.0,"enemies":"Chosen and Byrds","floor":31.0,"turns":5.0},{"damage":4.0,"enemies":"Automaton","floor":33.0,"turns":11.0},{"damage":11.0,"enemies":"Orb Walker","floor":35.0,"turns":3.0},{"damage":8.0,"enemies":"Mind Bloom Boss Battle","floor":38.0,"turns":6.0},{"damage":1.0,"enemies":"3 Shapes","floor":39.0,"turns":5.0},{"damage":0,"enemies":"Maw","floor":42,"turns":8},{"damage":0,"enemies":"Giant Head","floor":44,"turns":10},{"damage":2,"enemies":"Transient","floor":46,"turns":6},{"damage":0,"enemies":"4 Shapes","floor":48,"turns":7},{"damage":1,"enemies":"Donu and Deca","floor":50,"turns":14},{"damage":11,"enemies":"Time Eater","floor":51,"turns":30}],"seed_played":"-6017444975483009576","potions_obtained":[{"floor":3.0,"key":"SkillPotion"},{"floor":10.0,"key":"Explosive Potion"},{"floor":16.0,"key":"Fruit Juice"},{"floor":24.0,"key":"Explosive Potion"},{"floor":31.0,"key":"Ancient Potion"},{"floor":33.0,"key":"Energy Potion"},{"floor":38.0,"key":"GamblersBrew"},{"floor":39.0,"key":"LiquidBronze"},{"floor":42,"key":"PowerPotion"},{"floor":44,"key":"Explosive Potion"}],"is_trial":false,"path_per_floor":["M","?","M","?","M","R","$","R","T","E","T","M","R","?","R","B",null,"M","?","M","?","$","R","M","M","T","?","R","M","R","M","R","B",null,"M","?","$","?","M","R","$","M","T","E","R","M","?","M","R","B","B"],"character_chosen":"DEFECT","items_purchased":["Compile Driver","Defragment","FearPotion","Mummified Hand","Loop"],"campfire_rested":4,"item_purchase_floors":[7,22,22,37,37],"current_hp_per_floor":[54,54,47,12,12,12,12,31,31,16,16,14,33,39,39,13,56,39,53,34,34,34,34,25,15,15,15,15,14,31,30,30,26,37,26,40,40,32,31,31,31,31,31,31,44,42,42,42,42,41,30],"gold":152,"neow_bonus":"TRANSFORM_TWO_CARDS","is_prod":false,"is_daily":false,"chose_seed":false,"campfire_upgraded":7,"win_rate":0,"timestamp":1538186462,"path_taken":["M","?","M","?","M","R","$","R","T","E","?","?","R","?","R","BOSS","M","?","M","?","$","R","M","M","T","?","R","?","R","M","R","BOSS","M","?","$","?","M","R","$","M","T","E","R","M","?","M","R","BOSS","BOSS"],"build_version":"2018-09-27","purchased_purges":2,"victory":true,"max_hp_per_floor":[64,64,64,64,64,64,64,64,64,64,64,64,64,70,70,70,70,70,70,70,70,70,70,70,70,70,35,35,35,40,40,40,40,40,40,46,46,46,46,46,46,46,46,46,46,46,46,46,46,46,46],"card_choices":[{"not_picked":["Storm","Hologram"],"picked":"Gash","floor":1.0},{"not_picked":["Compile Driver","Blizzard"],"picked":"Steam","floor":3.0},{"not_picked":["Rebound","Sweeping Beam"],"picked":"Leap","floor":5.0},{"not_picked":["Hello World","Rebound"],"picked":"Compile Driver","floor":10.0},{"not_picked":["Hologram","Barrage"],"picked":"Compile Driver","floor":12.0},{"not_picked":["Biased Cognition","Rainbow"],"picked":"Core Surge","floor":16.0},{"not_picked":["Double Energy+1","Sweeping Beam"],"picked":"Defragment","floor":18.0},{"not_picked":["Sweeping Beam","Storm"],"picked":"Leap","floor":20.0},{"not_picked":["Stack","Conserve Battery"],"picked":"Cold Snap+1","floor":24.0},{"not_picked":["Darkness","Tempest","Steam"],"picked":"SKIP","floor":25.0},{"not_picked":["Fission","Compile Driver+1"],"picked":"Cold Snap","floor":29.0},{"not_picked":["Chaos","Sweeping Beam","Go for the Eyes"],"picked":"SKIP","floor":31.0},{"not_picked":["Multi-Cast","Biased Cognition"],"picked":"Reboot","floor":33.0},{"not_picked":[],"picked":"Cold Snap","floor":35.0},{"not_picked":[],"picked":"Leap+1","floor":38.0},{"not_picked":["Turbo+1"],"picked":"SKIP","floor":39.0},{"not_picked":[],"picked":"Glacier","floor":42},{"not_picked":["Creative AI"],"picked":"SKIP","floor":44},{"not_picked":["Creative AI"],"picked":"SKIP","floor":44},{"not_picked":[],"picked":"Stack+1","floor":46},{"not_picked":[],"picked":"FTL+1","floor":48}],"player_experience":910049,"relics_obtained":[{"floor":9.0,"key":"Darkstone Periapt"},{"floor":10.0,"key":"Centennial Puzzle"},{"floor":11.0,"key":"DataDisk"},{"floor":26.0,"key":"Bottled Tornado"},{"floor":38.0,"key":"StoneCalendar"},{"floor":43,"key":"Mercury Hourglass"},{"floor":44,"key":"Orichalcum"}],"event_choices":[{"event_name":"Big Fish","player_choice":"Box","floor":2.0,"damage_taken":0.0},{"event_name":"Scrap Ooze","player_choice":"success","floor":4.0,"damage_taken":35.0},{"event_name":"Liars Game","player_choice":"agreed","floor":14.0,"damage_taken":0.0},{"event_name":"The Library","player_choice":"Heal","floor":19.0,"damage_taken":0.0},{"event_name":"Nest","player_choice":"Stole From Cult","floor":21.0,"damage_taken":0.0},{"event_name":"Ghosts","player_choice":"Became a Ghost","floor":27.0,"damage_taken":0.0},{"event_name":"Winding Halls","player_choice":"Writhe","floor":36.0,"damage_taken":0.0},{"event_name":"MindBloom","player_choice":"Fight","floor":38.0,"damage_taken":0.0},{"event_name":"Upgrade Shrine","player_choice":"Upgraded","floor":47,"damage_taken":0}],"is_beta":false,"boss_relics":[{"not_picked":["Pandora\u0027s Box","White Beast Statue"],"picked":"Inserter"},{"not_picked":["Eternal Feather","Black Star"],"picked":"Busted Crown"}],"items_purged_floors":[7,22],"is_endless":false,"potions_floor_spawned":[3,10,16,24,31,33,38,39,42,44],"ascension_level":20}