{"gold_per_floor":[111,261,261,158,158,185,185,195,243,243,213,18,18,44,44,44],"floor_reached":16,"playtime":434,"items_purged":["Regret"],"score":208,"play_id":"5cc4b8c8-6e64-4b8a-8187-9c88f1c2466b","local_time":"20180920225240","is_ascension_mode":true,"campfire_choices":[{"floor":7,"key":"REST"},{"floor":13,"key":"REST"},{"data":"Dodge and Roll","floor":15,"key":"SMITH"}],"neow_cost":"NONE","seed_source_timestamp":655325018900706,"circlet_count":0,"master_deck":["Defend_G","Defend_G","Defend_G","Defend_G","Defend_G","Strike_G","Strike_G","Strike_G","Strike_G","Strike_G","Survivor","Neutralize","AscendersBane","Backflip","PiercingWail","Deadly Poison","Poisoned Stab","Finisher","Flying Knee","Bane","Noxious Fumes","Backflip","Deadly Poison","Dodge and Roll+1"],"special_seed":0,"relics":["Velvet Choker","Centennial Puzzle","Dream Catcher","Orichalcum","Ninja Scroll"],"potions_floor_usage":[14],"damage_taken":[{"damage":1.0,"enemies":"Cultist","floor":1.0,"turns":4.0},{"damage":42,"enemies":"3 Sentries","floor":6,"turns":16},{"damage":0,"enemies":"Small Slimes","floor":8,"turns":4},{"damage":25,"enemies":"Gremlin Nob","floor":14,"turns":4},{"damage":0,"enemies":"The Guardian","floor":16,"turns":2}],"seed_played":"279980303524756959","potions_obtained":[{"floor":6,"key":"Weak Potion"}],"is_trial":false,"path_per_floor":["M","?","?","$","?","E","R","M","T","?","$","$","R","E","R"],"character_chosen":"THE_SILENT","items_purchased":["PiercingWail","Bane","Noxious Fumes","Backflip","Deadly Poison"],"campfire_rested":2,"item_purchase_floors":[4,11,12,12,12],"current_hp_per_floor":[58,58,58,58,51,9,28,28,28,28,28,28,47,22,22,22],"gold":44,"neow_bonus":"BOSS_RELIC","is_prod":false,"is_daily":false,"chose_seed":false,"campfire_upgraded":1,"win_rate":0,"timestamp":1537498360,"path_taken":["M","?","?","$","?","E","R","M","T","?","?","$","R","E","R","BOSS"],"build_version":"2018-09-20","purchased_purges":1,"victory":false,"max_hp_per_floor":[66,66,66,66,66,66,66,66,66,66,66,66,66,66,66,66],"card_choices":[{"not_picked":["Flying Knee","Skewer"],"picked":"Backflip","floor":1.0},{"not_picked":["PiercingWail","Slice"],"picked":"Deadly Poison","floor":6},{"not_picked":["Underhanded Strike","Infinite Blades"],"picked":"Poisoned Stab","floor":8},{"not_picked":["Noxious Fumes","Riddle With Holes"],"picked":"Dodge and Roll","floor":14}],"player_experience":864194,"relics_obtained":[{"floor":6,"key":"Dream Catcher"},{"floor":9,"key":"Orichalcum"},{"floor":14,"key":"Ninja Scroll"}],"event_choices":[{"event_name":"Liars Game","player_choice":"agreed","floor":2.0,"damage_taken":0.0},{"event_name":"Big Fish","player_choice":"Box","floor":3.0,"damage_taken":0.0},{"event_name":"Golden Wing","player_choice":"Card Removal","floor":5.0,"damage_taken":0.0},{"event_name":"Match and Keep!","player_choice":"2 cards matched","floor":10,"damage_taken":0}],"is_beta":false,"boss_relics":[],"items_purged_floors":[4],"is_endless":false,"potions_floor_spawned":[6],"killed_by":"The Guardian","ascension_level":20}