{"gold_per_floor":[109,119,136,147,25,59,79,97,97,97,172,172],"floor_reached":12,"playtime":241,"items_purged":[],"score":86,"play_id":"00cdaf35-d3df-4d16-8f48-cb95ea379af7","local_time":"20190221061112","is_ascension_mode":true,"campfire_choices":[],"neow_cost":"NONE","seed_source_timestamp":51712788282553,"circlet_count":0,"master_deck":["Strike_B","Strike_B","Strike_B","Strike_B","Defend_B","Defend_B","Defend_B","Defend_B","Zap","Dualcast","Ball Lightning","White Noise","Self Repair","Gash","Doom and Gloom","White Noise"],"relics":["Cracked Core","NeowsBlessing","Matryoshka","PreservedInsect","Pantograph"],"potions_floor_usage":[6,12],"damage_taken":[{"damage":0,"enemies":"Cultist","floor":1,"turns":1},{"damage":0,"enemies":"Small Slimes","floor":2,"turns":1},{"damage":0,"enemies":"2 Louse","floor":3,"turns":1},{"damage":16,"enemies":"Blue Slaver","floor":4,"turns":4},{"damage":27,"enemies":"Gremlin Nob","floor":6,"turns":5},{"damage":25,"enemies":"Exordium Wildlife","floor":7,"turns":4},{"damage":10,"enemies":"Looter","floor":8,"turns":3},{"damage":11,"enemies":"2 Fungi Beasts","floor":12,"turns":2}],"seed_played":"-4413036444387411879","potions_obtained":[{"floor":3,"key":"EssenceOfSteel"},{"floor":7,"key":"Swift Potion"}],"is_trial":false,"path_per_floor":["M","M","M","M","$","E","M","M","T","?","?","M"],"character_chosen":"DEFECT","items_purchased":["Self Repair","Gash"],"campfire_rested":0,"item_purchase_floors":[5,5],"current_hp_per_floor":[75,75,75,59,59,39,21,18,18,18,7,0],"gold":172,"neow_bonus":"THREE_ENEMY_KILL","is_prod":false,"is_daily":false,"chose_seed":false,"campfire_upgraded":0,"win_rate":0,"timestamp":1550758272,"path_taken":["M","?","M","?","?","E","M","M","T","?","?","M"],"build_version":"2019-01-23","purchased_purges":0,"victory":false,"max_hp_per_floor":[75,75,75,75,75,75,75,75,75,75,75,75],"card_choices":[{"not_picked":["Steam Power","Hologram"],"picked":"Ball Lightning","floor":1},{"not_picked":["Conserve Battery","Coolheaded","Go for the Eyes"],"picked":"SKIP","floor":2},{"not_picked":["Biased Cognition","Gash"],"picked":"White Noise","floor":3},{"not_picked":["Conserve Battery","Hologram","Blizzard"],"picked":"SKIP","floor":4},{"not_picked":["Steam","Undo","Lockon"],"picked":"SKIP","floor":6},{"not_picked":["Sweeping Beam","Barrage"],"picked":"Doom and Gloom","floor":7},{"not_picked":["Steam","Hologram"],"picked":"White Noise","floor":8}],"player_experience":266026,"relics_obtained":[{"floor":6,"key":"Matryoshka"},{"floor":9,"key":"PreservedInsect"},{"floor":9,"key":"Pantograph"}],"event_choices":[{"damage_healed":0,"gold_gain":0,"player_choice":"Ignored","damage_taken":0,"max_hp_gain":0,"max_hp_loss":0,"event_name":"Shining Light","floor":10,"gold_loss":0},{"damage_healed":0,"gold_gain":75,"player_choice":"Gather Gold","damage_taken":11,"max_hp_gain":0,"max_hp_loss":0,"event_name":"World of Goop","floor":11,"gold_loss":0}],"is_beta":false,"boss_relics":[],"items_purged_floors":[],"is_endless":false,"potions_floor_spawned":[3,7],"killed_by":"2 Fungi Beasts","ascension_level":1}