{"path_per_floor":["M","M","M","M","M","R","?","E","T","E","M","M","?","E","R","B",null,"M","M","$","M","M","R","?","?","T","M","M"],"character_chosen":"IRONCLAD","items_purchased":["Happy Flower","Bottled Tornado"],"gold_per_floor":[113,132,143,158,173,173,173,203,203,233,251,266,266,300,300,405,405,418,437,22,38,58,58,58,58,58,73,90],"floor_reached":29,"campfire_rested":1,"playtime":2096,"current_hp_per_floor":[72,72,72,62,51,51,51,51,51,45,43,48,48,50,50,39,72,63,61,61,46,34,55,55,39,39,26,18],"items_purged":[],"gold":90,"score":264,"play_id":"c231d27f-d528-4433-9c8c-98cb373cc56c","is_prod":false,"is_daily":false,"is_ascension_mode":true,"campfire_upgraded":2,"path_taken":["M","M","M","M","M","R","?","E","T","E","M","M","?","E","R","BOSS","M","M","$","M","M","R","?","?","T","M","?","E"],"build_version":"2018-02-12-BETA1","purchased_purges":0,"victory":false,"master_deck":["Strike_R","Strike_R","Strike_R+1","Strike_R","Strike_R","Defend_R","Defend_R","Defend_R","Defend_R","Bash","Offering","Perfected Strike+1","Metallicize+1","Armaments+1","Demon Form","Metallicize","Burning Pact+1","Heavy Blade","Shockwave+1","Bloodletting","Demon Form","True Grit","Shockwave","Perfected Strike+1","Burning Pact+1","Battle Trance","True Grit"],"max_hp_per_floor":[72,72,72,72,72,72,72,72,72,72,72,72,72,72,72,72,72,72,72,72,72,72,72,72,72,72,72,72],"relics":["Burning Blood","Oddly Smooth Stone","Ice Cream","Whetstone","Torii","Runic Dome","Happy Flower","Bottled Tornado","Nilry\u0027s Codex","Calipers"],"card_choices":[{"not_picked":["Dark Embrace","Impervious"],"picked":"Offering"},{"not_picked":["Iron Wave","Reckless Charge"],"picked":"Perfected Strike"},{"not_picked":["Dual Wield","Power Through"],"picked":"Metallicize"},{"not_picked":["Blood for Blood","Bloodletting"],"picked":"Armaments"},{"not_picked":["Sword Boomerang","Headbutt"],"picked":"Demon Form"},{"not_picked":["Armaments","Cleave"],"picked":"Metallicize"},{"not_picked":["Armaments","Blood for Blood"],"picked":"Burning Pact"},{"not_picked":["Body Slam","Rage"],"picked":"Heavy Blade"},{"not_picked":["Power Through","Body Slam"],"picked":"Shockwave"},{"not_picked":["Headbutt","Intimidate"],"picked":"Bloodletting"},{"not_picked":["Double Tap","Fiend Fire"],"picked":"Demon Form"},{"not_picked":["Shrug It Off","Anger"],"picked":"True Grit"},{"not_picked":["Body Slam","Corruption"],"picked":"Shockwave"},{"not_picked":["Flex","Armaments"],"picked":"Perfected Strike"},{"not_picked":["Flex","Warcry"],"picked":"Burning Pact"},{"not_picked":["Anger","Headbutt"],"picked":"Battle Trance"},{"not_picked":["Thunderclap","Warcry"],"picked":"True Grit"}],"player_experience":28302,"potions_floor_usage":[],"damage_taken":[{"damage":5.0,"enemies":"Jaw Worm","floor":1.0,"turns":4.0},{"damage":6.0,"enemies":"Blue Slaver","floor":2.0,"turns":2.0},{"damage":4.0,"enemies":"Small Slimes","floor":3.0,"turns":3.0},{"damage":16.0,"enemies":"Exordium Wildlife","floor":4.0,"turns":4.0},{"damage":17.0,"enemies":"Lots of Slimes","floor":5.0,"turns":6.0},{"damage":6.0,"enemies":"Gremlin Nob","floor":8.0,"turns":3.0},{"damage":12.0,"enemies":"3 Sentries","floor":10.0,"turns":8.0},{"damage":8.0,"enemies":"Large Slime","floor":11.0,"turns":7.0},{"damage":1.0,"enemies":"Exordium Wildlife","floor":12.0,"turns":3.0},{"damage":4.0,"enemies":"Lagavulin","floor":14.0,"turns":7.0},{"damage":17.0,"enemies":"Hexaghost","floor":16.0,"turns":7.0},{"damage":15.0,"enemies":"2 Thieves","floor":18.0,"turns":4.0},{"damage":8.0,"enemies":"Chosen","floor":19.0,"turns":5.0},{"damage":21.0,"enemies":"Slaver and Parasite","floor":21.0,"turns":6.0},{"damage":18.0,"enemies":"Snake Plant","floor":22.0,"turns":3.0},{"damage":19.0,"enemies":"Chosen and Byrds","floor":27.0,"turns":7.0},{"damage":14,"enemies":"3 Cultists","floor":28,"turns":4},{"damage":18,"enemies":"Gremlin Leader","floor":29,"turns":2}],"event_choices":[{"event_name":"Accursed Blacksmith","player_choice":"Forge","floor":7.0,"damage_taken":0.0},{"event_name":"Upgrade Shrine","player_choice":"Upgraded","floor":13.0,"damage_taken":0.0},{"event_name":"Beggar","player_choice":"Ignored","floor":24.0,"damage_taken":0.0},{"event_name":"Cursed Tome","player_choice":"Obtained Book","floor":25.0,"damage_taken":0.0}],"boss_relics":[],"potions_floor_spawned":[3,5,10,12,14,16,19,22,27],"seed_played":"4546824437783196941","killed_by":"Gremlin Leader","ascension_level":1,"is_trial":false}