{"gold_per_floor":[13,13,26,26,45,45,70,70,70,82,82],"floor_reached":11,"playtime":352,"items_purged":[],"score":77,"play_id":"55040839-9ac0-4d03-8b68-71bc1307c678","local_time":"20190224043623","is_ascension_mode":true,"campfire_choices":[{"data":"Dualcast","floor":6,"key":"SMITH"},{"data":"Loop","floor":8,"key":"SMITH"}],"neow_cost":"NO_GOLD","seed_source_timestamp":305135230481589,"circlet_count":0,"master_deck":["Strike_B","Strike_B","Strike_B","Strike_B","Defend_B","Defend_B","Defend_B","Defend_B","Zap+1","Dualcast+1","Echo Form","Streamline","Auto Shields","Scrape","Loop+1","Gash"],"relics":["Cracked Core","Peace Pipe","Ginger"],"potions_floor_usage":[7,10,11],"damage_taken":[{"damage":0,"enemies":"2 Louse","floor":1,"turns":3},{"damage":1,"enemies":"Cultist","floor":3,"turns":3},{"damage":6,"enemies":"Jaw Worm","floor":5,"turns":3},{"damage":24,"enemies":"3 Sentries","floor":7,"turns":6},{"damage":43,"enemies":"Exordium Thugs","floor":10,"turns":5},{"damage":6,"enemies":"Lagavulin","floor":11,"turns":2}],"seed_played":"5829775442808337124","potions_obtained":[{"floor":2,"key":"EssenceOfSteel"},{"floor":2,"key":"Swift Potion"},{"floor":2,"key":"LiquidBronze"},{"floor":7,"key":"FearPotion"}],"is_trial":false,"path_per_floor":["M","?","M","?","M","R","E","R","T","M","E"],"character_chosen":"DEFECT","items_purchased":[],"campfire_rested":0,"item_purchase_floors":[],"current_hp_per_floor":[75,75,74,74,68,68,44,44,44,1,0],"gold":82,"neow_bonus":"THREE_RARE_CARDS","is_prod":false,"is_daily":false,"chose_seed":false,"campfire_upgraded":2,"win_rate":0,"timestamp":1551011783,"path_taken":["M","?","?","?","M","R","E","R","T","M","E"],"build_version":"2019-01-23","purchased_purges":0,"victory":false,"max_hp_per_floor":[75,75,75,75,75,75,75,75,75,75,75],"card_choices":[{"not_picked":["Machine Learning","Reboot"],"picked":"Echo Form","floor":0},{"not_picked":["Turbo","Coolheaded"],"picked":"Streamline","floor":1},{"not_picked":["Beam Cell","Stack"],"picked":"Auto Shields","floor":3},{"not_picked":["FTL","Fusion"],"picked":"Scrape","floor":5},{"not_picked":["Cold Snap","Hello World"],"picked":"Loop","floor":7},{"not_picked":["Rip and Tear","Recycle"],"picked":"Gash","floor":10}],"player_experience":269640,"relics_obtained":[{"floor":7,"key":"Peace Pipe"},{"floor":9,"key":"Ginger"}],"event_choices":[{"damage_healed":0,"gold_gain":0,"player_choice":"Got Potions","damage_taken":0,"max_hp_gain":0,"max_hp_loss":0,"event_name":"Lab","floor":2,"gold_loss":0},{"damage_healed":0,"gold_gain":0,"player_choice":"Upgraded","damage_taken":0,"max_hp_gain":0,"max_hp_loss":0,"event_name":"Upgrade Shrine","floor":4,"gold_loss":0,"cards_upgraded":["Zap"]}],"is_beta":false,"boss_relics":[],"items_purged_floors":[],"is_endless":false,"potions_floor_spawned":[7],"killed_by":"Lagavulin","ascension_level":1}