{"gold_per_floor":[112,128,138,151,167,167,195,195,243,263,188,188,205,57,57,157,157,173,1,76,89,108,108,141,141,165,191,206,206,216,216,216,313,313,324,29,29,40,56,56],"floor_reached":40,"playtime":2700,"items_purged":["Strike_R","Strike_R"],"score":688,"play_id":"28efdd25-280e-4b9d-8913-ea3e3058032d","local_time":"20190206070126","is_ascension_mode":true,"campfire_choices":[{"data":"Bash","floor":6,"key":"SMITH"},{"data":"Pommel Strike","floor":12,"key":"SMITH"},{"data":"Iron Wave","floor":15,"key":"SMITH"},{"data":"Corruption","floor":23,"key":"SMITH"},{"floor":25,"key":"REST"},{"floor":32,"key":"REST"}],"neow_cost":"TEN_PERCENT_HP_LOSS","seed_source_timestamp":176543819052205,"circlet_count":0,"master_deck":["AscendersBane","Strike_R","Defend_R","Defend_R","Defend_R","Defend_R","Bash+1","Iron Wave+1","Iron Wave","Ghostly Armor","Flame Barrier","Shrug It Off","Cleave","Pommel Strike+1","Corruption+1","Demon Form","True Grit","Metallicize","Dark Embrace","True Grit+1","Flame Barrier","Sentinel","Juggernaut","Warcry","Feed","Disarm","Chrysalis","Feel No Pain","Shrug It Off+1"],"relics":["Burning Blood","Torii","Omamori","Darkstone Periapt","Bag of Preparation","Pen Nib","Velvet Choker","Centennial Puzzle","Orichalcum","Pantograph","Lizard Tail","Calipers"],"potions_floor_usage":[7,16,16,24,28,34],"damage_taken":[{"damage":1,"enemies":"2 Louse","floor":1,"turns":4},{"damage":14,"enemies":"Jaw Worm","floor":2,"turns":3},{"damage":10,"enemies":"Cultist","floor":3,"turns":4},{"damage":2,"enemies":"Looter","floor":4,"turns":4},{"damage":11,"enemies":"Red Slaver","floor":5,"turns":5},{"damage":1,"enemies":"3 Sentries","floor":7,"turns":11},{"damage":14,"enemies":"Large Slime","floor":10,"turns":7},{"damage":0,"enemies":"3 Louse","floor":13,"turns":3},{"damage":34,"enemies":"Slime Boss","floor":16,"turns":14},{"damage":2,"enemies":"Chosen","floor":18,"turns":5},{"damage":0,"enemies":"Shell Parasite","floor":21,"turns":5},{"damage":24,"enemies":"Sentry and Sphere","floor":22,"turns":6},{"damage":38,"enemies":"Slavers","floor":24,"turns":7},{"damage":32,"enemies":"Gremlin Leader","floor":27,"turns":6},{"damage":6,"enemies":"Shelled Parasite and Fungi","floor":28,"turns":6},{"damage":1,"enemies":"Centurion and Healer","floor":30,"turns":6},{"damage":36,"enemies":"Automaton","floor":33,"turns":9},{"damage":20,"enemies":"3 Darklings","floor":35,"turns":5},{"damage":22,"enemies":"3 Shapes","floor":38,"turns":6},{"damage":0,"enemies":"3 Darklings","floor":39,"turns":5},{"damage":103,"enemies":"Reptomancer","floor":40,"turns":3}],"seed_played":"7594844617329584278","potions_obtained":[{"floor":3,"key":"Strength Potion"},{"floor":4,"key":"Fire Potion"},{"floor":7,"key":"LiquidBronze"},{"floor":16,"key":"SpeedPotion"},{"floor":27,"key":"Block Potion"},{"floor":30,"key":"GamblersBrew"},{"floor":33,"key":"Fruit Juice"},{"floor":38,"key":"Dexterity Potion"}],"is_trial":false,"path_per_floor":["M","M","M","M","M","R","E","?","T","M","$","R","M","$","R","B",null,"M","$","?","M","M","R","E","R","T","E","M","?","M","?","R","B",null,"M","$","?","M","M","E"],"character_chosen":"IRONCLAD","items_purchased":["Pen Nib","Metallicize","Calipers"],"campfire_rested":2,"item_purchase_floors":[14,19,36],"current_hp_per_floor":[72,64,60,64,59,59,64,64,64,56,56,56,62,62,62,34,63,67,67,60,66,48,48,16,37,37,11,11,11,16,16,37,32,67,53,53,53,37,43,0],"gold":56,"neow_bonus":"ONE_RARE_RELIC","is_prod":false,"is_daily":false,"chose_seed":false,"campfire_upgraded":4,"win_rate":0,"timestamp":1549454486,"path_taken":["M","M","M","M","M","R","E","?","T","M","$","R","M","$","R","BOSS","M","$","?","M","?","R","E","R","T","E","M","?","?","?","R","BOSS","M","$","?","M","M","E"],"build_version":"2019-01-23","purchased_purges":2,"victory":false,"max_hp_per_floor":[72,72,72,72,72,72,72,72,72,72,72,72,72,72,72,72,72,72,72,72,72,72,72,72,72,72,72,72,72,72,72,72,72,77,77,77,77,77,77,77],"card_choices":[{"not_picked":["Armaments","Thunderclap"],"picked":"Iron Wave","floor":1},{"not_picked":["Rampage","Reckless Charge"],"picked":"Iron Wave","floor":2},{"not_picked":["Whirlwind","True Grit"],"picked":"Ghostly Armor","floor":3},{"not_picked":["Pommel Strike","Feel No Pain"],"picked":"Flame Barrier","floor":4},{"not_picked":["Sentinel","Intimidate"],"picked":"Shrug It Off","floor":5},{"not_picked":["Twin Strike","Thunderclap"],"picked":"Cleave","floor":7},{"not_picked":["Twin Strike","Iron Wave"],"picked":"Pommel Strike","floor":10},{"not_picked":["Carnage","Cleave"],"picked":"Corruption","floor":13},{"not_picked":["Fiend Fire","Exhume"],"picked":"Demon Form","floor":16},{"not_picked":["Wild Strike+1","Anger"],"picked":"True Grit","floor":18},{"not_picked":["Pummel","Body Slam","Sword Boomerang"],"picked":"SKIP","floor":21},{"not_picked":["Headbutt","Armaments","Clash"],"picked":"SKIP","floor":22},{"not_picked":["Armaments","Body Slam","Heavy Blade"],"picked":"SKIP","floor":24},{"not_picked":["Uppercut","Reaper"],"picked":"Dark Embrace","floor":27},{"not_picked":["Heavy Blade","Fire Breathing"],"picked":"True Grit+1","floor":28},{"not_picked":["True Grit","Combust"],"picked":"Sentinel","floor":30},{"not_picked":["Fiend Fire","Immolate"],"picked":"Feed","floor":33},{"not_picked":["Sword Boomerang+1","Twin Strike"],"picked":"Disarm","floor":35},{"not_picked":["Madness","Sadistic Nature"],"picked":"Chrysalis","floor":37},{"not_picked":["Whirlwind","Clothesline"],"picked":"Feel No Pain","floor":38},{"not_picked":["Infernal Blade","Blood for Blood"],"picked":"Shrug It Off+1","floor":39}],"player_experience":362157,"relics_obtained":[{"floor":7,"key":"Omamori"},{"floor":9,"key":"Bag of Preparation"},{"floor":24,"key":"Centennial Puzzle"},{"floor":26,"key":"Orichalcum"},{"floor":27,"key":"Pantograph"}],"event_choices":[{"damage_healed":0,"gold_gain":0,"player_choice":"Box","damage_taken":0,"relics_obtained":["Darkstone Periapt"],"max_hp_gain":0,"max_hp_loss":0,"event_name":"Big Fish","floor":8,"gold_loss":0,"cards_obtained":["Regret"]},{"damage_healed":0,"gold_gain":75,"player_choice":"Touch","damage_taken":7,"max_hp_gain":0,"max_hp_loss":0,"event_name":"FaceTrader","floor":20,"gold_loss":0},{"damage_healed":0,"gold_gain":0,"player_choice":"Copied","damage_taken":0,"max_hp_gain":0,"max_hp_loss":0,"event_name":"Duplicator","floor":29,"gold_loss":0,"cards_obtained":["Flame Barrier"]},{"damage_healed":0,"gold_gain":0,"cards_transformed":["Strike_R","Strike_R"],"player_choice":"Became Test Subject","damage_taken":0,"max_hp_gain":0,"max_hp_loss":0,"event_name":"Drug Dealer","floor":31,"gold_loss":0,"cards_obtained":["Juggernaut","Warcry"]},{"damage_healed":0,"gold_gain":0,"player_choice":"Memory 1","damage_taken":0,"max_hp_gain":0,"max_hp_loss":0,"event_name":"SensoryStone","floor":37,"gold_loss":0}],"is_beta":true,"boss_relics":[{"not_picked":["Runic Dome","Eternal Feather"],"picked":"Velvet Choker"},{"not_picked":["White Beast Statue","Astrolabe"],"picked":"Lizard Tail"}],"items_purged_floors":[11,19],"is_endless":false,"potions_floor_spawned":[3,4,7,10,16,27,30,33,38],"killed_by":"Reptomancer","ascension_level":12}