{"gold_per_floor":[110,80,96,115,115,115,126,137,183,183,183,216,216,216,216,216],"floor_reached":16,"playtime":487,"items_purged":[],"score":200,"play_id":"f846932e-ea1b-4693-9622-ce9a8fa79912","local_time":"20190317120533","is_ascension_mode":true,"campfire_choices":[{"data":"Poisoned Stab","floor":6,"key":"SMITH"},{"data":"Neutralize","floor":13,"key":"SMITH"},{"data":"Well Laid Plans","floor":15,"key":"SMITH"}],"neow_cost":"NONE","seed_source_timestamp":373299277451432,"circlet_count":0,"master_deck":["AscendersBane","Defend_G","Defend_G","Defend_G","Defend_G","Strike_G","Strike_G","Strike_G","Strike_G","Strike_G","Survivor","Neutralize+1","Poisoned Stab+1","Well Laid Plans+1","Dodge and Roll","Dodge and Roll"],"relics":["Ring of the Snake","NeowsBlessing","Gremlin Horn","Oddly Smooth Stone","Boot","CultistMask"],"potions_floor_usage":[12],"damage_taken":[{"damage":0,"enemies":"Small Slimes","floor":1,"turns":1},{"damage":0,"enemies":"Cultist","floor":3,"turns":1},{"damage":0,"enemies":"Jaw Worm","floor":4,"turns":1},{"damage":8,"enemies":"Looter","floor":7,"turns":4},{"damage":0,"enemies":"Blue Slaver","floor":8,"turns":4},{"damage":21,"enemies":"3 Sentries","floor":12,"turns":14},{"damage":4,"enemies":"The Guardian","floor":16,"turns":9}],"seed_played":"1266861538266773383","potions_obtained":[{"floor":2,"key":"Ancient Potion"},{"floor":2,"key":"Block Potion"}],"is_trial":false,"path_per_floor":["M","?","M","M","?","R","M","M","T","?","$","E","R","?","R","B"],"character_chosen":"THE_SILENT","items_purchased":[],"campfire_rested":0,"item_purchase_floors":[],"current_hp_per_floor":[59,59,59,59,41,41,33,33,33,26,26,5,5,5,5,1],"gold":216,"neow_bonus":"THREE_ENEMY_KILL","is_prod":false,"is_daily":false,"chose_seed":false,"campfire_upgraded":3,"win_rate":0,"timestamp":1552838733,"path_taken":["M","?","?","?","?","R","M","M","T","?","?","E","R","?","R","BOSS"],"build_version":"2019-03-15","purchased_purges":0,"victory":false,"max_hp_per_floor":[66,66,66,66,66,66,66,66,66,66,66,66,66,66,66,66],"card_choices":[{"not_picked":["Bane","Blade Dance","Quick Slash"],"picked":"SKIP","floor":1},{"not_picked":["Dagger Spray","PiercingWail"],"picked":"Poisoned Stab","floor":3},{"not_picked":["Underhanded Strike","Dagger Throw"],"picked":"Well Laid Plans","floor":4},{"not_picked":["Slice","Blade Dance","Masterful Stab"],"picked":"SKIP","floor":7},{"not_picked":["Distraction","Outmaneuver"],"picked":"Dodge and Roll","floor":8},{"not_picked":["Predator","Grand Finale"],"picked":"Dodge and Roll","floor":12}],"player_experience":1121120,"relics_obtained":[{"floor":9,"key":"Oddly Smooth Stone"},{"floor":12,"key":"Boot"}],"event_choices":[{"damage_healed":0,"gold_gain":0,"player_choice":"Bought 2 Potions","damage_taken":0,"max_hp_gain":0,"max_hp_loss":0,"event_name":"The Woman in Blue","floor":2,"gold_loss":0},{"damage_healed":0,"gold_gain":0,"player_choice":"Success","damage_taken":18,"relics_obtained":["Gremlin Horn"],"max_hp_gain":0,"max_hp_loss":0,"event_name":"Scrap Ooze","floor":5,"gold_loss":0},{"cards_removed":["Defend_G"],"damage_healed":0,"gold_gain":0,"player_choice":"Card Removal","damage_taken":7,"max_hp_gain":0,"max_hp_loss":0,"event_name":"Golden Wing","floor":10,"gold_loss":0},{"damage_healed":0,"gold_gain":0,"player_choice":"Trade","damage_taken":0,"relics_obtained":["CultistMask"],"max_hp_gain":0,"max_hp_loss":0,"event_name":"FaceTrader","floor":14,"gold_loss":0}],"is_beta":true,"boss_relics":[],"items_purged_floors":[],"is_endless":false,"potions_floor_spawned":[8],"killed_by":"The Guardian","ascension_level":20}