{"gold_per_floor":[111,186,200,213,213,245,245,420,443,463,196,228,240,282,294,402,414,436,448,460,489,515,527,574,133,160,160,184,184,184,198,198,296,296,311,21,40,40,50,50,50,83,83,83,0,11,11,29,29,29,29,29,29,56,56],"floor_reached":55,"playtime":2991,"items_purged":["Doubt","Strike_R","Strike_R"],"score":1058,"play_id":"e8fc68aa-12f6-4fb6-add9-304902f2421d","local_time":"20190102210747","is_ascension_mode":true,"campfire_choices":[{"data":"Feed","floor":7,"key":"SMITH"},{"floor":13,"key":"REST"},{"data":"Demon Form","floor":15,"key":"SMITH"},{"data":"Iron Wave","floor":23,"key":"SMITH"},{"data":"Shrug It Off","floor":27,"key":"SMITH"},{"data":"Bash","floor":30,"key":"SMITH"},{"data":"Barricade","floor":32,"key":"SMITH"},{"floor":40,"key":"RECALL"},{"data":"Impervious","floor":44,"key":"SMITH"},{"data":"Pommel Strike","floor":47,"key":"SMITH"},{"data":"Discovery","floor":49,"key":"SMITH"},{"floor":52,"key":"REST"}],"neow_cost":"PERCENT_DAMAGE","seed_source_timestamp":267077212387,"circlet_count":0,"master_deck":["Strike_R","Defend_R","Defend_R","Defend_R","Bash+1","Pommel Strike","Iron Wave+1","Headbutt","Feed+1","Shrug It Off+1","Feed+1","Demon Form+1","Pommel Strike+1","Impervious+1","Feel No Pain","Warcry+1","Barricade+1","Juggernaut","Pommel Strike+1","PanicButton","Parasite","Ghostly Armor","Discovery+1","True Grit+1"],"relics":["Burning Blood","Mercury Hourglass","Dream Catcher","Bag of Preparation","DollysMirror","MawBank","Lantern","Black Star","MutagenicStrength","Smiling Mask","Singing Bowl","ClockworkSouvenir","Anchor","Ancient Tea Set","Sozu","Vajra","Regal Pillow","Paper Frog","Toxic Egg 2","Red Mask","Bottled Flame","Ornamental Fan"],"potions_floor_usage":[6,12,12,24,24,33,42],"damage_taken":[{"damage":0,"enemies":"Small Slimes","floor":1,"turns":2},{"damage":6,"enemies":"Jaw Worm","floor":3,"turns":2},{"damage":4,"enemies":"2 Louse","floor":4,"turns":3},{"damage":19,"enemies":"Gremlin Nob","floor":6,"turns":3},{"damage":9,"enemies":"Lots of Slimes","floor":10,"turns":3},{"damage":27,"enemies":"Lagavulin","floor":12,"turns":4},{"damage":13,"enemies":"3 Sentries","floor":14,"turns":8},{"damage":6,"enemies":"Slime Boss","floor":16,"turns":7},{"damage":6,"enemies":"Chosen","floor":18,"turns":5},{"damage":5,"enemies":"Spheric Guardian","floor":21,"turns":5},{"damage":34,"enemies":"Shelled Parasite and Fungi","floor":22,"turns":7},{"damage":40,"enemies":"Book of Stabbing","floor":24,"turns":5},{"damage":0,"enemies":"Cultist and Chosen","floor":31,"turns":4},{"damage":15,"enemies":"Champ","floor":33,"turns":9},{"damage":0,"enemies":"Orb Walker","floor":35,"turns":4},{"damage":0,"enemies":"3 Shapes","floor":37,"turns":5},{"damage":0,"enemies":"Writhing Mass","floor":39,"turns":7},{"damage":0,"enemies":"Nemesis","floor":42,"turns":5},{"damage":0,"enemies":"Sphere and 2 Shapes","floor":46,"turns":4},{"damage":6,"enemies":"3 Darklings","floor":48,"turns":3},{"damage":86,"enemies":"Donu and Deca","floor":50,"turns":8},{"damage":100,"enemies":"Shield and Spear","floor":54,"turns":10},{"damage":101,"enemies":"The Heart","floor":55,"turns":3}],"seed_played":"4458178873588126299","potions_obtained":[{"floor":3,"key":"AttackPotion"},{"floor":6,"key":"SteroidPotion"},{"floor":10,"key":"Energy Potion"},{"floor":16,"key":"PowerPotion"},{"floor":18,"key":"Strength Potion"},{"floor":22,"key":"GamblersBrew"},{"floor":24,"key":"SpeedPotion"}],"is_trial":false,"path_per_floor":["M","?","M","M","T","E","R","?","T","M","$","E","R","E","R","B",null,"M","?","?","M","M","R","E","$","T","R","T","?","R","M","R","B",null,"M","$","M","$","M","R","?","E","T","R","?","M","R","M","R","B",null,"R","$","E","B"],"character_chosen":"IRONCLAD","items_purchased":["DollysMirror","ClockworkSouvenir","Anchor","AttackPotion","Vajra","PanicButton"],"campfire_rested":2,"item_purchase_floors":[11,25,25,25,36,36],"current_hp_per_floor":[57,46,46,48,48,35,35,35,35,36,36,19,45,42,42,46,84,84,84,84,89,69,69,41,41,41,41,41,124,124,128,128,123,130,132,132,138,138,142,142,142,144,144,144,144,154,154,156,156,76,136,158,158,64,0],"gold":56,"neow_bonus":"TRANSFORM_TWO_CARDS","is_prod":false,"is_daily":false,"chose_seed":false,"campfire_upgraded":9,"win_rate":0,"timestamp":1546481267,"path_taken":["M","?","M","M","?","E","R","?","T","M","$","E","R","E","R","BOSS","M","?","?","?","M","R","E","$","T","R","?","?","R","M","R","BOSS","M","$","M","?","M","R","?","E","T","R","?","?","R","M","R","BOSS","R","$","E","BOSS"],"build_version":"2019-01-01v2","purchased_purges":3,"victory":false,"max_hp_per_floor":[80,80,80,80,80,80,80,80,80,84,84,88,88,92,92,96,96,96,96,96,100,108,108,114,114,114,114,114,124,124,128,128,132,132,132,132,138,138,142,142,142,144,144,144,144,154,154,156,156,156,156,158,158,158,158],"card_choices":[{"not_picked":["Hemokinesis","Perfected Strike"],"picked":"Iron Wave","floor":1},{"not_picked":["Flex","Warcry"],"picked":"Headbutt","floor":3},{"not_picked":["Hemokinesis","Heavy Blade","Havoc"],"picked":"SKIP","floor":4},{"not_picked":["Pommel Strike","Shrug It Off"],"picked":"Feed","floor":6},{"not_picked":["Battle Trance","Carnage"],"picked":"Shrug It Off","floor":10},{"not_picked":["Uppercut","Body Slam"],"picked":"Demon Form","floor":12},{"not_picked":["Reckless Charge","Clothesline"],"picked":"Pommel Strike","floor":13},{"not_picked":["Limit Break","Pommel Strike","Infernal Blade"],"picked":"SKIP","floor":14},{"not_picked":["Double Tap","Barricade"],"picked":"Impervious","floor":16},{"not_picked":["Warcry","Clash","Headbutt+1"],"picked":"SKIP","floor":18},{"not_picked":["Pommel Strike+1","Burning Pact"],"picked":"Warcry+1","floor":21},{"not_picked":["Evolve","Sword Boomerang","Rage"],"picked":"SKIP","floor":22},{"not_picked":["Heavy Blade","Bloodletting","Metallicize"],"picked":"Singing Bowl","floor":24},{"not_picked":["Pommel Strike","Perfected Strike"],"picked":"Barricade","floor":31},{"not_picked":["Barricade","Brutality"],"picked":"Juggernaut","floor":33},{"not_picked":["Cleave","Heavy Blade"],"picked":"Pommel Strike+1","floor":35},{"not_picked":["Inflame+1","Twin Strike","Searing Blow+1"],"picked":"Singing Bowl","floor":37},{"not_picked":["Pummel","Dual Wield+1"],"picked":"Ghostly Armor","floor":39},{"not_picked":["Finesse","PanicButton"],"picked":"Discovery","floor":41},{"not_picked":["Clothesline","Hemokinesis","Flex"],"picked":"Singing Bowl","floor":42},{"not_picked":["Fire Breathing+1","Battle Trance+1","Armaments+1"],"picked":"Singing Bowl","floor":46},{"not_picked":["Berserk","Cleave+1","Combust+1"],"picked":"Singing Bowl","floor":48},{"not_picked":["Perfected Strike+1","Anger","Clothesline"],"picked":"Singing Bowl","floor":52},{"not_picked":["Havoc+1","Armaments+1"],"picked":"True Grit+1","floor":54}],"player_experience":170468,"relics_obtained":[{"floor":5,"key":"Mercury Hourglass"},{"floor":6,"key":"Dream Catcher"},{"floor":9,"key":"Bag of Preparation"},{"floor":12,"key":"MawBank"},{"floor":14,"key":"Lantern"},{"floor":24,"key":"Smiling Mask"},{"floor":24,"key":"Singing Bowl"},{"floor":28,"key":"Ancient Tea Set"},{"floor":42,"key":"Regal Pillow"},{"floor":42,"key":"Paper Frog"},{"floor":43,"key":"Toxic Egg 2"},{"floor":54,"key":"Bottled Flame"},{"floor":54,"key":"Ornamental Fan"}],"event_choices":[{"damage_healed":0,"gold_gain":75,"player_choice":"Gather Gold","damage_taken":11,"max_hp_gain":0,"max_hp_loss":0,"event_name":"World of Goop","floor":2,"gold_loss":0},{"damage_healed":0,"gold_gain":175,"player_choice":"AGREE","damage_taken":0,"max_hp_gain":0,"max_hp_loss":0,"event_name":"Liars Game","floor":8,"gold_loss":0,"cards_obtained":["Doubt"]},{"damage_healed":0,"gold_gain":0,"player_choice":"Inject Mutagens","damage_taken":0,"relics_obtained":["MutagenicStrength"],"max_hp_gain":0,"max_hp_loss":0,"event_name":"Drug Dealer","floor":19,"gold_loss":0},{"damage_healed":0,"gold_gain":0,"cards_transformed":["Strike_R"],"player_choice":"Transformed","damage_taken":0,"max_hp_gain":0,"max_hp_loss":0,"event_name":"Transmorgrifier","floor":20,"gold_loss":0,"cards_obtained":["Feel No Pain"]},{"cards_removed":["Offering"],"damage_healed":73,"gold_gain":0,"player_choice":"Offered Rare","damage_taken":0,"max_hp_gain":10,"max_hp_loss":0,"event_name":"Bonfire Elementals","floor":29,"gold_loss":0},{"damage_healed":0,"gold_gain":0,"player_choice":"Memory 1","damage_taken":0,"max_hp_gain":0,"max_hp_loss":0,"event_name":"SensoryStone","floor":41,"gold_loss":0},{"damage_healed":0,"gold_gain":0,"player_choice":"Paid","damage_taken":0,"relics_obtained":["Red Mask"],"max_hp_gain":0,"max_hp_loss":0,"event_name":"Tomb of Lord Red Mask","floor":45,"gold_loss":83}],"is_beta":true,"boss_relics":[{"not_picked":["Runic Cube","Pandora\u0027s Box"],"picked":"Black Star"},{"not_picked":["Philosopher\u0027s Stone","White Beast Statue"],"picked":"Sozu"}],"items_purged_floors":[11,25,36],"is_endless":false,"potions_floor_spawned":[3,6,10,16,18,22,24,35,39,48],"killed_by":"The Heart","ascension_level":6}