{"gold_per_floor":[12,12,24,34,34,68,68,96,96,71,89,89],"floor_reached":12,"playtime":435,"items_purged":[],"score":176,"play_id":"536d61fe-064c-4ee7-b258-16bf3750c994","local_time":"20181124095035","is_ascension_mode":true,"campfire_choices":[{"floor":7,"key":"REST"}],"neow_cost":"NO_GOLD","seed_source_timestamp":827680626348371,"circlet_count":0,"master_deck":["AscendersBane","Strike_B","Strike_B+1","Strike_B","Strike_B","Defend_B","Defend_B","Defend_B","Defend_B","Zap+1","Dualcast","Genetic Algorithm","Rip and Tear","All For One","Sweeping Beam","Coolheaded+1","Leap+1","Hologram+1"],"relics":["Cracked Core","WingedGreaves","Dream Catcher","Toxic Egg 2"],"potions_floor_usage":[3,6,6,6,12],"damage_taken":[{"damage":1,"enemies":"Cultist","floor":1,"turns":3},{"damage":0,"enemies":"Small Slimes","floor":3,"turns":2},{"damage":0,"enemies":"2 Louse","floor":4,"turns":2},{"damage":18,"enemies":"Lagavulin","floor":6,"turns":6},{"damage":32,"enemies":"Gremlin Nob","floor":8,"turns":4},{"damage":3,"enemies":"Blue Slaver","floor":11,"turns":3},{"damage":0,"enemies":"3 Sentries","floor":12,"turns":2}],"seed_played":"7063822756096788279","potions_obtained":[{"floor":1,"key":"SteroidPotion"},{"floor":5,"key":"GamblersBrew"},{"floor":5,"key":"EntropicBrew"},{"floor":8,"key":"Ancient Potion"}],"is_trial":false,"path_per_floor":["M","?","M","M","?","E","R","E","T","$","M","E"],"character_chosen":"DEFECT","items_purchased":["Leap+1"],"campfire_rested":1,"item_purchase_floors":[10],"current_hp_per_floor":[63,42,42,42,42,24,45,13,13,13,10,10],"gold":89,"neow_bonus":"ONE_RARE_RELIC","is_prod":false,"is_daily":false,"chose_seed":false,"campfire_upgraded":0,"win_rate":0,"timestamp":1543071035,"path_taken":["M","?","M","M","?","E","R","E","T","$","?","E"],"build_version":"2018-11-15","purchased_purges":0,"victory":false,"max_hp_per_floor":[71,71,71,71,71,71,71,71,71,71,71,71],"card_choices":[{"not_picked":["Storm","Turbo"],"picked":"Genetic Algorithm","floor":1},{"not_picked":["Stack","Turbo","Redo"],"picked":"SKIP","floor":3},{"not_picked":["Skim","Barrage"],"picked":"Rip and Tear","floor":4},{"not_picked":["Recycle","Leap"],"picked":"All For One","floor":6},{"not_picked":["Stack","Reprogram"],"picked":"Sweeping Beam","floor":7},{"not_picked":["Aggregate","Recycle"],"picked":"Coolheaded","floor":8},{"not_picked":["Leap+1","Stack+1"],"picked":"Hologram+1","floor":11}],"player_experience":900183,"relics_obtained":[{"floor":6,"key":"Dream Catcher"},{"floor":8,"key":"Toxic Egg 2"}],"event_choices":[{"damage_healed":0,"gold_gain":0,"player_choice":"Entered Light","damage_taken":21,"max_hp_gain":0,"max_hp_loss":0,"event_name":"Shining Light","floor":2,"gold_loss":0,"cards_upgraded":["Zap","Strike_B"]},{"damage_healed":0,"gold_gain":0,"player_choice":"Got Potions","damage_taken":0,"max_hp_gain":0,"max_hp_loss":0,"event_name":"Lab","floor":5,"gold_loss":0}],"is_beta":true,"boss_relics":[],"items_purged_floors":[],"is_endless":false,"potions_floor_spawned":[1,8],"killed_by":"3 Sentries","ascension_level":20}