{"gold_per_floor":[114,133,147,38,38,38,38,72,72,72,88,88,114,125,125,220,220,236,251,261,273,290,290,240,240,240,240,267,267,12,28,28,129,179,198,213,213,1212,1229,1229,1255,1270,1296,1371,1371,1381,45,45,45,45],"floor_reached":51,"playtime":2556,"items_purged":["Strike_R","Strike_R","Normality"],"score":1053,"play_id":"4387cdaa-f596-46a5-bdbf-ac36346a8b2b","local_time":"20190126155537","is_ascension_mode":true,"campfire_choices":[{"data":"Bash","floor":6,"key":"SMITH"},{"data":"Body Slam","floor":10,"key":"SMITH"},{"data":"Iron Wave","floor":12,"key":"SMITH"},{"data":"Clothesline","floor":15,"key":"SMITH"},{"data":"True Grit","floor":23,"key":"SMITH"},{"data":"Seeing Red","floor":25,"key":"SMITH"},{"data":"Demon Form","floor":27,"key":"SMITH"},{"data":"Thunderclap","floor":29,"key":"SMITH"},{"data":"Defend_R","floor":32,"key":"SMITH"},{"data":"Immolate","floor":40,"key":"SMITH"},{"data":"Anger","floor":45,"key":"SMITH"},{"data":"Sentinel","floor":49,"key":"SMITH"}],"neow_cost":"NONE","seed_source_timestamp":968702404053,"circlet_count":0,"master_deck":["Strike_R","Strike_R","Strike_R","Defend_R+1","Defend_R","Defend_R","Defend_R+1","Bash+1","Thunderclap+1","Anger+1","Iron Wave+1","Flame Barrier+1","Body Slam+1","Clothesline+1","Seeing Red+1","Demon Form+1","Iron Wave+1","Body Slam+1","True Grit+1","True Grit+1","Feel No Pain+1","Battle Trance+1","Immolate+1","Shockwave+1","Iron Wave+1","True Grit+1","Normality","Seeing Red+1","Armaments+1","Burning Pact+1","Mayhem+1","Shrug It Off+1","Sentinel","Sentinel+1","Madness","Madness"],"relics":["Burning Blood","Oddly Smooth Stone","The Courier","Meat on the Bone","Pocketwatch","Coffee Dripper","Frozen Egg 2","Bag of Preparation","Art of War","Tiny House","Blood Vial","Orichalcum","Paper Frog","PrismaticShard","Incense Burner","Lantern","Sundial","Pen Nib","War Paint"],"potions_floor_usage":[3,8,8,8,13,21,22,33,33,34,35,39,46,50],"damage_taken":[{"damage":4,"enemies":"Cultist","floor":1,"turns":4},{"damage":7,"enemies":"Jaw Worm","floor":2,"turns":4},{"damage":1,"enemies":"2 Louse","floor":3,"turns":2},{"damage":22,"enemies":"3 Sentries","floor":8,"turns":8},{"damage":0,"enemies":"Blue Slaver","floor":11,"turns":3},{"damage":15,"enemies":"Lagavulin","floor":13,"turns":7},{"damage":0,"enemies":"2 Fungi Beasts","floor":14,"turns":2},{"damage":25,"enemies":"The Guardian","floor":16,"turns":11},{"damage":8,"enemies":"Shell Parasite","floor":18,"turns":4},{"damage":8,"enemies":"2 Thieves","floor":19,"turns":4},{"damage":4,"enemies":"Chosen and Byrds","floor":20,"turns":5},{"damage":32,"enemies":"Centurion and Healer","floor":21,"turns":5},{"damage":11,"enemies":"3 Cultists","floor":22,"turns":5},{"damage":30,"enemies":"Gremlin Leader","floor":28,"turns":8},{"damage":0,"enemies":"Snecko","floor":31,"turns":5},{"damage":19,"enemies":"Collector","floor":33,"turns":8},{"damage":25,"enemies":"3 Darklings","floor":35,"turns":4},{"damage":0,"enemies":"Orb Walker","floor":36,"turns":3},{"damage":4,"enemies":"4 Shapes","floor":39,"turns":1},{"damage":20,"enemies":"Giant Head","floor":41,"turns":8},{"damage":16,"enemies":"Writhing Mass","floor":42,"turns":7},{"damage":0,"enemies":"Spire Growth","floor":46,"turns":3},{"damage":49,"enemies":"Time Eater","floor":50,"turns":11}],"seed_played":"5359289642189653647","potions_obtained":[{"floor":2,"key":"EntropicBrew"},{"floor":8,"key":"Ancient Potion"},{"floor":14,"key":"Ancient Potion"},{"floor":18,"key":"BloodPotion"},{"floor":20,"key":"Fire Potion"},{"floor":22,"key":"Ancient Potion"},{"floor":31,"key":"Fire Potion"},{"floor":34,"key":"Fruit Juice"},{"floor":35,"key":"SteroidPotion"},{"floor":36,"key":"Ancient Potion"},{"floor":46,"key":"FearPotion"}],"is_trial":false,"path_per_floor":["M","M","M","$","?","R","$","E","T","R","M","R","E","M","R","B",null,"M","M","M","M","M","R","?","R","T","R","E","R","$","M","R","B",null,"M","M","T","?","M","R","E","M","T","T","R","M","$","?","R","B",null],"character_chosen":"IRONCLAD","items_purchased":["Flame Barrier","Feel No Pain+1","Art of War","PrismaticShard","Incense Burner","Mayhem+1","Lantern","Sundial","Pen Nib","Shrug It Off","War Paint","Sentinel","Sentinel"],"campfire_rested":0,"item_purchase_floors":[4,30,30,47,47,47,47,47,47,47,47,47,47],"current_hp_per_floor":[74,73,78,78,78,78,78,62,62,62,68,68,59,65,65,58,75,73,71,73,55,50,50,50,50,50,50,38,38,38,56,56,55,84,65,71,71,71,73,73,59,63,63,63,63,71,71,60,60,31],"gold":45,"neow_bonus":"RANDOM_COMMON_RELIC","is_prod":false,"is_daily":false,"chose_seed":false,"campfire_upgraded":12,"win_rate":0,"timestamp":1548536137,"path_taken":["M","M","M","$","?","R","?","E","T","R","M","R","E","M","R","BOSS","M","M","M","M","M","R","?","R","T","R","E","R","$","M","R","BOSS","M","M","?","?","M","R","E","M","T","?","R","M","$","?","R","BOSS"],"build_version":"2019-01-23","purchased_purges":3,"victory":true,"max_hp_per_floor":[80,80,80,80,80,80,80,80,80,80,80,80,80,80,80,80,80,80,80,80,80,80,80,80,80,80,80,80,80,80,80,80,80,90,90,90,90,90,90,90,90,90,90,90,90,90,90,90,90,90],"card_choices":[{"not_picked":["Wild Strike","Clothesline"],"picked":"Thunderclap","floor":1},{"not_picked":["Flex","Reckless Charge"],"picked":"Anger","floor":2},{"not_picked":["Corruption","Second Wind"],"picked":"Iron Wave","floor":3},{"not_picked":["Fiend Fire","Clash"],"picked":"Body Slam","floor":8},{"not_picked":["Flex","Warcry","Armaments"],"picked":"SKIP","floor":11},{"not_picked":["Sword Boomerang","Twin Strike"],"picked":"Clothesline","floor":13},{"not_picked":["Blood for Blood","Heavy Blade"],"picked":"Seeing Red","floor":14},{"not_picked":["Immolate","Bludgeon"],"picked":"Demon Form","floor":16},{"not_picked":["Entrench","Anger"],"picked":"Iron Wave+1","floor":18},{"not_picked":["Cleave+1","Perfected Strike+1","Anger"],"picked":"SKIP","floor":19},{"not_picked":["Perfected Strike+1","Flex"],"picked":"Body Slam+1","floor":20},{"not_picked":["Warcry","Intimidate+1"],"picked":"True Grit","floor":21},{"not_picked":["Reckless Charge","Sword Boomerang+1","Burning Pact+1"],"picked":"SKIP","floor":22},{"not_picked":["Berserk+1","Armaments"],"picked":"True Grit+1","floor":28},{"not_picked":["Sword Boomerang+1","Anger"],"picked":"Battle Trance+1","floor":31},{"not_picked":["Bludgeon","Exhume"],"picked":"Immolate","floor":33},{"not_picked":["Clash","Infernal Blade+1"],"picked":"Shockwave+1","floor":34},{"not_picked":["Entrench+1","Cleave+1"],"picked":"Iron Wave+1","floor":35},{"not_picked":["Anger+1","Bloodletting"],"picked":"True Grit+1","floor":36},{"not_picked":["Thunderclap+1","Searing Blow+1","Infernal Blade"],"picked":"SKIP","floor":39},{"not_picked":["Havoc","Perfected Strike+1"],"picked":"Seeing Red+1","floor":41},{"not_picked":["Havoc","Reckless Charge"],"picked":"Armaments+1","floor":42},{"not_picked":["Perfected Strike+1","Second Wind+1"],"picked":"Burning Pact","floor":46}],"player_experience":264842,"relics_obtained":[{"floor":8,"key":"The Courier"},{"floor":9,"key":"Meat on the Bone"},{"floor":13,"key":"Pocketwatch"},{"floor":26,"key":"Frozen Egg 2"},{"floor":28,"key":"Bag of Preparation"},{"floor":41,"key":"Blood Vial"},{"floor":43,"key":"Orichalcum"},{"floor":44,"key":"Paper Frog"}],"event_choices":[{"damage_healed":0,"gold_gain":0,"player_choice":"Upgraded","damage_taken":0,"max_hp_gain":0,"max_hp_loss":0,"event_name":"Upgrade Shrine","floor":5,"gold_loss":0,"cards_upgraded":["Flame Barrier"]},{"damage_healed":0,"gold_gain":0,"player_choice":"Bet on Owner","damage_taken":0,"max_hp_gain":0,"max_hp_loss":0,"event_name":"The Joust","floor":24,"gold_loss":50},{"damage_healed":0,"gold_gain":999,"player_choice":"Gold","damage_taken":0,"max_hp_gain":0,"max_hp_loss":0,"event_name":"MindBloom","floor":38,"gold_loss":0,"cards_obtained":["Normality","Normality"]},{"damage_healed":0,"gold_gain":0,"player_choice":"Embrace Madness","damage_taken":11,"max_hp_gain":0,"max_hp_loss":0,"event_name":"Winding Halls","floor":48,"gold_loss":0,"cards_obtained":["Madness","Madness"]}],"is_beta":true,"boss_relics":[{"not_picked":["Ectoplasm","Black Blood"],"picked":"Coffee Dripper"},{"not_picked":["Lizard Tail","Eternal Feather"],"picked":"Tiny House"}],"items_purged_floors":[4,30,47],"is_endless":false,"potions_floor_spawned":[2,3,8,14,18,20,22,31,35,36,46],"ascension_level":9}