{"gold_per_floor":[114,114,114,134,209,209,239,255,323,161,161,191,341,358,358,432,432,443,454,454,268,287,287,287],"floor_reached":24,"playtime":1152,"items_purged":["Strike_B","Doubt"],"score":458,"play_id":"58ee8297-206a-40a4-a538-837f6fbaa89a","local_time":"20181012220243","is_ascension_mode":true,"campfire_choices":[{"floor":6.0,"key":"REST"},{"data":"Capacitor","floor":11.0,"key":"SMITH"},{"data":"Coolheaded","floor":15.0,"key":"SMITH"},{"data":"Defragment","floor":23,"key":"SMITH"}],"neow_cost":"NONE","seed_source_timestamp":97594800918265,"circlet_count":0,"master_deck":["Zap","Dualcast","AscendersBane","Glacier+1","Glacier","Barrage","Barrage","Capacitor+1","Barrage","Coolheaded+1","Buffer","Leap","Streamline","Coolheaded","Streamline","Rebound","Hologram","Glacier","Cold Snap","Capacitor","Defragment+1","Force Field"],"special_seed":0,"relics":["Cracked Core","NeowsBlessing","Pen Nib","Bag of Preparation","Darkstone Periapt","Unceasing Top","Pandora\u0027s Box"],"potions_floor_usage":[],"damage_taken":[{"damage":0.0,"enemies":"2 Louse","floor":1.0,"turns":1.0},{"damage":0.0,"enemies":"Cultist","floor":4.0,"turns":1.0},{"damage":0.0,"enemies":"Lagavulin","floor":7.0,"turns":1.0},{"damage":0.0,"enemies":"Jaw Worm","floor":8.0,"turns":3.0},{"damage":23.0,"enemies":"3 Sentries","floor":12.0,"turns":7.0},{"damage":0.0,"enemies":"Looter","floor":14.0,"turns":3.0},{"damage":22.0,"enemies":"Slime Boss","floor":16.0,"turns":15.0},{"damage":18.0,"enemies":"3 Byrds","floor":18.0,"turns":7.0},{"damage":1.0,"enemies":"Spheric Guardian","floor":19.0,"turns":7.0},{"damage":17.0,"enemies":"Colosseum Slavers","floor":20.0,"turns":3.0},{"damage":21,"enemies":"Snake Plant","floor":22,"turns":10},{"damage":27,"enemies":"Book of Stabbing","floor":24,"turns":5}],"seed_played":"-4962162808746742594","potions_obtained":[{"floor":4.0,"key":"Explosive Potion"},{"floor":7.0,"key":"Dexterity Potion"},{"floor":12.0,"key":"Regen Potion"},{"floor":16.0,"key":"Dexterity Potion"},{"floor":18.0,"key":"Regen Potion"}],"is_trial":false,"path_per_floor":["M","?","?","M","?","R","E","M","T","$","R","E","?","M","R","B",null,"M","M","?","$","M","R"],"character_chosen":"DEFECT","items_purchased":["Capacitor","Defragment"],"campfire_rested":1,"item_purchase_floors":[10,21],"current_hp_per_floor":[64,64,38,38,27,48,48,48,48,48,48,25,31,31,31,24,64,46,60,43,43,22,22,0],"gold":287,"neow_bonus":"THREE_ENEMY_KILL","is_prod":false,"is_daily":false,"chose_seed":false,"campfire_upgraded":3,"win_rate":0,"timestamp":1539396163,"path_taken":["M","?","?","?","?","R","E","M","T","$","R","E","?","M","R","BOSS","M","M","?","$","?","R","E"],"build_version":"2018-10-11","purchased_purges":2,"victory":false,"max_hp_per_floor":[71,71,71,71,71,71,71,71,71,71,71,71,77,77,77,77,77,77,77,77,77,77,77,77],"card_choices":[{"not_picked":["Cold Snap","Rebound"],"picked":"Glacier","floor":1.0},{"not_picked":["Stack","Beam Cell"],"picked":"Glacier","floor":4.0},{"not_picked":["Hologram","Stack"],"picked":"Barrage","floor":7.0},{"not_picked":["Recycle","Streamline"],"picked":"Barrage","floor":8.0},{"not_picked":["Rip and Tear","Lockon"],"picked":"Barrage","floor":12.0},{"not_picked":["Sweeping Beam","Rebound"],"picked":"Coolheaded","floor":14.0},{"not_picked":["Thunder Strike","Multi-Cast"],"picked":"Buffer","floor":16.0},{"not_picked":["Auto Shields","Doom and Gloom"],"picked":"Cold Snap","floor":18.0},{"not_picked":["Leap","Conserve Battery"],"picked":"Capacitor","floor":19.0},{"not_picked":["Doom and Gloom","Cold Snap"],"picked":"Force Field","floor":22}],"player_experience":950491,"relics_obtained":[{"floor":7.0,"key":"Bag of Preparation"},{"floor":9.0,"key":"Darkstone Periapt"},{"floor":12.0,"key":"Unceasing Top"}],"event_choices":[{"event_name":"Upgrade Shrine","player_choice":"Upgraded","floor":2.0,"damage_taken":0.0},{"event_name":"Scrap Ooze","player_choice":"success","floor":3.0,"damage_taken":26.0},{"event_name":"World of Goop","player_choice":"Gather Gold","floor":5.0,"damage_taken":0.0},{"event_name":"Liars Game","player_choice":"agreed","floor":13.0,"damage_taken":0.0},{"event_name":"Colosseum","player_choice":"Fight","floor":20.0,"damage_taken":0.0},{"event_name":"Colosseum","player_choice":"Fled From Nobs","floor":20.0,"damage_taken":0.0}],"is_beta":false,"boss_relics":[{"not_picked":["Philosopher\u0027s Stone","Black Star"],"picked":"Pandora\u0027s Box"}],"items_purged_floors":[10,21],"is_endless":false,"potions_floor_spawned":[4,7,12,16,18,20],"killed_by":"Book of Stabbing","ascension_level":20}