{"gold_per_floor":[119,119,138,138,150,150,179,197,197,20,20,45,45,55,55,129,129,146,111,111,111,31,31,51,51,74,93,105,105,123,150,150,224,224,234,234,284,303,303,303,323,323,323,323,342,354,365,11,11,11],"floor_reached":51,"playtime":2661,"items_purged":["Streamline"],"score":1197,"play_id":"3cb57ee1-869d-402f-9fb2-7558c6c7c0ad","local_time":"20181029203714","is_ascension_mode":true,"campfire_choices":[{"data":"Zap","floor":6.0,"key":"SMITH"},{"data":"Defragment","floor":13.0,"key":"SMITH"},{"data":"Go for the Eyes","floor":15.0,"key":"SMITH"},{"data":"Loop","floor":23.0,"key":"SMITH"},{"data":"Hologram","floor":25.0,"key":"SMITH"},{"floor":29.0,"key":"REST"},{"floor":32.0,"key":"REST"},{"floor":40.0,"key":"REST"},{"data":"Chill","floor":42,"key":"SMITH"},{"data":"Electrodynamics","floor":44,"key":"SMITH"},{"data":"Creative AI","floor":49,"key":"SMITH"}],"neow_cost":"NONE","seed_source_timestamp":1559974786993509,"circlet_count":0,"master_deck":["Zap+1","Dualcast","AscendersBane","Genetic Algorithm","Cold Snap","Conserve Battery","Seek","Defragment+1","Steam","Multi-Cast","Go for the Eyes+1","Creative AI+1","Stack","Tempest","Hologram+1","Blizzard","Genetic Algorithm","Compile Driver","Chill+1","Melter","Loop+1","Barrage","Leap","Leap","Electrodynamics+1","Leap+1","Loop+1","Hologram+1","Dark Shackles+1","Loop"],"special_seed":0,"relics":["Cracked Core","Vajra","Calipers","Cables","Singing Bowl","Omamori","The Courier","Nloth\u0027s Gift","Dream Catcher","Shuriken","Inserter","Bird Faced Urn","Toxic Egg 2","Membership Card","Oddly Smooth Stone","Ancient Tea Set"],"potions_floor_usage":[50,50],"damage_taken":[{"damage":12.0,"enemies":"Jaw Worm","floor":1.0,"turns":4.0},{"damage":0.0,"enemies":"Cultist","floor":3.0,"turns":3.0},{"damage":5.0,"enemies":"Small Slimes","floor":5.0,"turns":3.0},{"damage":28.0,"enemies":"Gremlin Nob","floor":7.0,"turns":4.0},{"damage":0.0,"enemies":"Looter","floor":8.0,"turns":3.0},{"damage":7.0,"enemies":"3 Sentries","floor":12.0,"turns":7.0},{"damage":1.0,"enemies":"Blue Slaver","floor":14.0,"turns":3.0},{"damage":14.0,"enemies":"Slime Boss","floor":16.0,"turns":12.0},{"damage":14.0,"enemies":"Shell Parasite","floor":18.0,"turns":6.0},{"damage":2.0,"enemies":"Chosen","floor":24.0,"turns":4.0},{"damage":0.0,"enemies":"Sentry and Sphere","floor":27.0,"turns":3.0},{"damage":10.0,"enemies":"Snake Plant","floor":28.0,"turns":5.0},{"damage":2.0,"enemies":"Centurion and Healer","floor":30.0,"turns":7.0},{"damage":42.0,"enemies":"Gremlin Leader","floor":31.0,"turns":8.0},{"damage":18.0,"enemies":"Automaton","floor":33.0,"turns":9.0},{"damage":2.0,"enemies":"3 Shapes","floor":35.0,"turns":2.0},{"damage":58.0,"enemies":"2 Orb Walkers","floor":37.0,"turns":6.0},{"damage":17.0,"enemies":"3 Darklings","floor":38.0,"turns":4.0},{"damage":1,"enemies":"Sphere and 2 Shapes","floor":41,"turns":20},{"damage":38,"enemies":"Maw","floor":45,"turns":10},{"damage":18,"enemies":"Spire Growth","floor":46,"turns":7},{"damage":6,"enemies":"3 Darklings","floor":47,"turns":17},{"damage":91,"enemies":"Awakened One","floor":50,"turns":16}],"seed_played":"-7732896587962016681","potions_obtained":[{"floor":8.0,"key":"Regen Potion"},{"floor":11.0,"key":"Fruit Juice"},{"floor":11.0,"key":"Regen Potion"},{"floor":12.0,"key":"Regen Potion"},{"floor":16.0,"key":"Energy Potion"},{"floor":28.0,"key":"Strength Potion"},{"floor":31.0,"key":"SkillPotion"},{"floor":35.0,"key":"Strength Potion"},{"floor":37.0,"key":"SteroidPotion"},{"floor":46,"key":"PowerPotion"}],"is_trial":false,"path_per_floor":["M","?","M","?","M","R","E","M","T","$","?","E","R","M","R","B",null,"M","$","?","?","$","R","M","R","T","M","M","R","M","E","R","B",null,"M","?","?","M","?","R","M","R","T","R","M","M","M","$","R","B"],"character_chosen":"DEFECT","items_purchased":["Energy Potion","Defragment","Steam","Loop","Barrage","Membership Card","Hologram+1","Oddly Smooth Stone","Ancient Tea Set","Dark Shackles+1","Loop"],"campfire_rested":3,"item_purchase_floors":[10,10,10,19,22,48,48,48,48,48,48],"current_hp_per_floor":[52,52,52,41,36,36,8,8,8,8,13,46,46,45,45,31,65,51,51,51,51,51,51,51,51,51,53,45,71,84,44,69,51,77,77,79,23,14,14,44,98,98,98,98,76,64,100,100,100,19],"gold":11,"neow_bonus":"RANDOM_COMMON_RELIC","is_prod":false,"is_daily":false,"chose_seed":false,"campfire_upgraded":8,"win_rate":0,"timestamp":1540859834,"path_taken":["M","?","M","?","M","R","E","?","T","$","?","E","R","?","R","BOSS","M","?","?","?","?","R","M","R","T","M","M","R","?","E","R","BOSS","M","?","?","M","?","R","?","R","T","R","?","M","M","$","R","BOSS"],"build_version":"2018-10-29","purchased_purges":1,"victory":true,"max_hp_per_floor":[71,71,71,71,71,71,71,71,71,71,76,76,76,76,76,76,76,76,76,76,76,76,76,78,78,78,80,82,84,84,86,86,86,86,88,90,92,94,94,96,98,98,98,98,98,98,100,100,100,100],"card_choices":[{"not_picked":["Compile Driver","Rebound"],"picked":"Streamline","floor":1.0},{"not_picked":["Barrage","Chill"],"picked":"Genetic Algorithm","floor":3.0},{"not_picked":["FTL","Conserve Battery"],"picked":"Cold Snap","floor":5.0},{"not_picked":["Turbo","Darkness"],"picked":"Conserve Battery","floor":7.0},{"not_picked":["Heatsinks","Redo"],"picked":"Seek","floor":8.0},{"not_picked":["Stack","Coolheaded"],"picked":"Multi-Cast","floor":12.0},{"not_picked":["Steam","Redo"],"picked":"Go for the Eyes","floor":14.0},{"not_picked":["Thunder Strike","Seek"],"picked":"Creative AI","floor":16.0},{"not_picked":["Redo","Sunder"],"picked":"Melter","floor":18.0},{"not_picked":["Go for the Eyes","Reprogram","Streamline"],"picked":"Singing Bowl","floor":24.0},{"not_picked":["Sunder","Beam Cell","Coolheaded"],"picked":"Singing Bowl","floor":27.0},{"not_picked":["Coolheaded","Aggregate","Melter"],"picked":"Singing Bowl","floor":28.0},{"not_picked":["Stack","Barrage","Gash"],"picked":"Singing Bowl","floor":29.0},{"not_picked":["All For One","Rebound"],"picked":"Leap","floor":30.0},{"not_picked":["Beam Cell","Multi-Cast","Meteor Strike"],"picked":"Singing Bowl","floor":31.0},{"not_picked":["Streamline","Rip and Tear"],"picked":"Leap","floor":32.0},{"not_picked":["Echo Form","Meteor Strike"],"picked":"Electrodynamics","floor":33.0},{"not_picked":["Turbo","Rip and Tear","Go for the Eyes"],"picked":"Singing Bowl","floor":35.0},{"not_picked":["Mind Blast","Trip","Magnetism"],"picked":"Singing Bowl","floor":36.0},{"not_picked":["Stack","Barrage","Go for the Eyes"],"picked":"Singing Bowl","floor":37.0},{"not_picked":["Redo","Gash","Go for the Eyes"],"picked":"Singing Bowl","floor":38.0},{"not_picked":["Scrape","Streamline","Static Discharge"],"picked":"Singing Bowl","floor":40.0},{"not_picked":["Steam","Buffer","Streamline"],"picked":"Singing Bowl","floor":41},{"not_picked":["Rebound","FTL+1"],"picked":"Leap+1","floor":45},{"not_picked":["Fission+1","Cold Snap"],"picked":"Loop+1","floor":46},{"not_picked":["Sweeping Beam","Ball Lightning","Beam Cell"],"picked":"Singing Bowl","floor":47}],"player_experience":773965,"relics_obtained":[{"floor":7.0,"key":"Cables"},{"floor":9.0,"key":"Singing Bowl"},{"floor":12.0,"key":"Omamori"},{"floor":20.0,"key":"The Courier"},{"floor":26.0,"key":"Dream Catcher"},{"floor":31.0,"key":"Shuriken"},{"floor":37.0,"key":"Bird Faced Urn"},{"floor":43,"key":"Toxic Egg 2"}],"event_choices":[{"cards_removed":["Strike_B"],"damage_healed":0.0,"max_hp_gain":0.0,"max_hp_loss":0.0,"gold_gain":0.0,"event_name":"Purifier","player_choice":"Purged","floor":2.0,"gold_loss":0.0,"damage_taken":0.0},{"damage_healed":0.0,"max_hp_gain":0.0,"max_hp_loss":0.0,"gold_gain":0.0,"event_name":"Scrap Ooze","player_choice":"Success","floor":4.0,"gold_loss":0.0,"damage_taken":11.0,"relics_obtained":["Calipers"]},{"damage_healed":0.0,"max_hp_gain":0.0,"max_hp_loss":0.0,"gold_gain":0.0,"event_name":"The Lab","player_choice":"Got Potions","floor":11.0,"gold_loss":0.0,"damage_taken":0.0},{"damage_healed":0.0,"max_hp_gain":0.0,"max_hp_loss":0.0,"gold_gain":0.0,"event_name":"Wheel of Change","player_choice":"Relic","floor":20.0,"gold_loss":0.0,"damage_taken":0.0},{"damage_healed":0.0,"max_hp_gain":0.0,"max_hp_loss":0.0,"gold_gain":0.0,"event_name":"N\u0027loth","player_choice":"Traded Relic","floor":21.0,"relics_lost":["Pandora\u0027s Box"],"gold_loss":0.0,"damage_taken":0.0,"relics_obtained":["Nloth\u0027s Gift"]},{"damage_healed":0.0,"max_hp_gain":0.0,"max_hp_loss":0.0,"gold_gain":0.0,"event_name":"SensoryStone","player_choice":"Memory 1","floor":36.0,"gold_loss":0.0,"damage_taken":0.0},{"damage_healed":0.0,"max_hp_gain":0.0,"max_hp_loss":0.0,"gold_gain":0.0,"event_name":"Mysterious Sphere","player_choice":"Fight","floor":37.0,"gold_loss":0.0,"damage_taken":0.0},{"damage_healed":0.0,"max_hp_gain":0.0,"max_hp_loss":0.0,"gold_gain":0.0,"event_name":"Tomb of Lord Red Mask","player_choice":"Ignored","floor":39.0,"gold_loss":0.0,"damage_taken":0.0}],"is_beta":true,"boss_relics":[{"not_picked":["Fusion Hammer","Astrolabe"],"picked":"Pandora\u0027s Box"},{"not_picked":["Philosopher\u0027s Stone","Cursed Key"],"picked":"Inserter"}],"items_purged_floors":[22],"is_endless":false,"potions_floor_spawned":[8,12,16,28,31,35,37,46,47],"ascension_level":15}