{"gold_per_floor":[113,133,150,150,164,208,173,173,200,238,238,252,198,241,241,241],"floor_reached":16,"playtime":417,"items_purged":[],"score":240,"play_id":"3a1af8df-4364-4774-b5c7-da918402a2d5","local_time":"20190316195947","is_ascension_mode":true,"campfire_choices":[{"data":"Zap","floor":8,"key":"SMITH"},{"data":"Doom and Gloom","floor":11,"key":"SMITH"},{"floor":15,"key":"REST"}],"neow_cost":"TEN_PERCENT_HP_LOSS","seed_source_timestamp":315390002853855,"circlet_count":0,"master_deck":["AscendersBane","Strike_B","Strike_B+1","Strike_B+1","Strike_B","Defend_B","Defend_B","Defend_B","Defend_B","Zap+1","Dualcast","Turbo","Capacitor","Ball Lightning","Doom and Gloom+1","Gash","Melter","Reinforced Body","Creative AI"],"special_seed":0,"relics":["Cracked Core","StoneCalendar","Golden Idol","Strawberry","Vajra","Whetstone","Symbiotic Virus"],"potions_floor_usage":[6,6,14,14,16],"damage_taken":[{"damage":4.0,"enemies":"Jaw Worm","floor":1.0,"turns":4.0},{"damage":0.0,"enemies":"Small Slimes","floor":2.0,"turns":2.0},{"damage":3.0,"enemies":"2 Louse","floor":3.0,"turns":2.0},{"damage":1,"enemies":"2 Fungi Beasts","floor":5,"turns":3},{"damage":11,"enemies":"Gremlin Nob","floor":6,"turns":3},{"damage":30,"enemies":"3 Sentries","floor":10,"turns":6},{"damage":9,"enemies":"3 Louse","floor":12,"turns":2},{"damage":13,"enemies":"Gremlin Nob","floor":14,"turns":4},{"damage":0,"enemies":"Slime Boss","floor":16,"turns":3}],"seed_played":"-3250338391994571375","potions_obtained":[{"floor":2.0,"key":"PowerPotion"},{"floor":3.0,"key":"Poison Potion"},{"floor":6,"key":"Weak Potion"},{"floor":14,"key":"Dexterity Potion"}],"is_trial":false,"path_per_floor":["M","M","M","?","M","E","?","R","T","E","R","M","$","E","R","B"],"character_chosen":"DEFECT","items_purchased":["Fire Potion"],"campfire_rested":1,"item_purchase_floors":[13],"current_hp_per_floor":[60,60,57,57,56,52,65,65,65,35,35,26,26,13,32,32],"gold":241,"neow_bonus":"ONE_RARE_RELIC","is_prod":false,"is_daily":false,"chose_seed":false,"campfire_upgraded":2,"win_rate":0,"timestamp":1552780787,"path_taken":["M","M","M","?","M","E","?","R","T","E","R","M","$","E","R","BOSS"],"build_version":"2019-03-15","purchased_purges":0,"victory":false,"max_hp_per_floor":[64,64,64,58,58,65,65,65,65,65,65,65,65,65,65,65],"card_choices":[{"not_picked":["Skim","Steam Power"],"picked":"Turbo","floor":1.0},{"not_picked":["Beam Cell","Turbo"],"picked":"Capacitor","floor":2.0},{"not_picked":["Go for the Eyes","Rebound"],"picked":"Ball Lightning","floor":3.0},{"not_picked":["Amplify","FTL"],"picked":"Doom and Gloom","floor":5},{"not_picked":["Blizzard","Aggregate"],"picked":"Gash","floor":6},{"not_picked":["Reprogram","Redo"],"picked":"Melter","floor":10},{"not_picked":["Ball Lightning","Streamline"],"picked":"Reinforced Body","floor":12},{"not_picked":["BootSequence","Leap"],"picked":"Creative AI","floor":14}],"player_experience":1118936,"relics_obtained":[{"floor":6,"key":"Strawberry"},{"floor":9,"key":"Vajra"},{"floor":10,"key":"Whetstone"},{"floor":14,"key":"Symbiotic Virus"}],"event_choices":[{"damage_healed":0.0,"max_hp_gain":0.0,"max_hp_loss":6.0,"gold_gain":0.0,"event_name":"Golden Idol","player_choice":"Lose Max HP","floor":4.0,"gold_loss":0.0,"damage_taken":0.0,"relics_obtained":["Golden Idol"]},{"damage_healed":16,"gold_gain":0,"player_choice":"Healed","damage_taken":0,"max_hp_gain":0,"max_hp_loss":0,"event_name":"The Cleric","floor":7,"gold_loss":35}],"is_beta":true,"boss_relics":[],"items_purged_floors":[],"is_endless":false,"potions_floor_spawned":[2,3,6,14],"killed_by":"Slime Boss","ascension_level":20}