{"gold_per_floor":[110,14,14,14,33,65,65,65,65,97,97,111,36,46,46,149,149,169,186,1,1,13,13,32,32,57,71,99,99,119,137,137,137],"floor_reached":33,"playtime":1292,"items_purged":["Strike_R"],"score":305,"play_id":"2660da78-a43c-46c2-a342-e5de3095f9dc","local_time":"20190322014908","is_ascension_mode":true,"campfire_choices":[{"floor":7,"key":"REST"},{"data":"Limit Break","floor":11,"key":"SMITH"},{"floor":15,"key":"REST"},{"floor":23,"key":"REST"},{"data":"Rupture","floor":25,"key":"SMITH"},{"floor":29,"key":"REST"},{"floor":32,"key":"REST"}],"neow_cost":"TEN_PERCENT_HP_LOSS","seed_source_timestamp":121342514452884,"circlet_count":0,"master_deck":["Strike_R","Strike_R","Strike_R","Defend_R","Defend_R","Defend_R","Defend_R","Bash","Limit Break+1","Rupture","Forethought+1","Hemokinesis","Heavy Blade","Flex","Combust","Ghostly Armor","Demon Form","Headbutt+1","Rage","Metallicize","Rupture+1","Disarm+1","Armaments","Flame Barrier","Inflame"],"relics":["Burning Blood","Pocketwatch","Self Forming Clay","Potion Belt","Lizard Tail","Vajra","Anchor","The Courier"],"potions_floor_usage":[6,6,16,22,24,31],"damage_taken":[{"damage":2,"enemies":"2 Louse","floor":1,"turns":3},{"damage":18,"enemies":"Small Slimes","floor":5,"turns":4},{"damage":42,"enemies":"Lagavulin","floor":6,"turns":5},{"damage":20,"enemies":"Gremlin Nob","floor":10,"turns":3},{"damage":1,"enemies":"Cultist","floor":12,"turns":3},{"damage":18,"enemies":"Red Slaver","floor":14,"turns":2},{"damage":15,"enemies":"The Guardian","floor":16,"turns":7},{"damage":22,"enemies":"Shell Parasite","floor":18,"turns":4},{"damage":18,"enemies":"Spheric Guardian","floor":19,"turns":4},{"damage":24,"enemies":"Snecko","floor":22,"turns":4},{"damage":13,"enemies":"Chosen and Byrds","floor":24,"turns":6},{"damage":27,"enemies":"Centurion and Healer","floor":27,"turns":5},{"damage":23,"enemies":"Book of Stabbing","floor":28,"turns":7},{"damage":26,"enemies":"Snake Plant","floor":30,"turns":5},{"damage":45,"enemies":"3 Cultists","floor":31,"turns":7},{"damage":38,"enemies":"Collector","floor":33,"turns":5}],"seed_played":"-2135305540672961383","potions_obtained":[{"floor":1,"key":"FearPotion"},{"floor":5,"key":"SteroidPotion"},{"floor":14,"key":"SteroidPotion"},{"floor":18,"key":"AttackPotion"},{"floor":22,"key":"Energy Potion"},{"floor":30,"key":"Poison Potion"}],"is_trial":false,"path_per_floor":["M","$","?","?","M","E","R","?","T","E","R","M","$","M","R","B",null,"M","M","$","?","M","R","M","R","T","M","E","R","M","M","R","B"],"character_chosen":"IRONCLAD","items_purchased":["Forethought","Vajra","Metallicize"],"campfire_rested":5,"item_purchase_floors":[2,20,20],"current_hp_per_floor":[72,72,72,77,65,29,52,52,52,38,38,43,43,31,54,45,77,61,49,49,49,31,54,47,47,47,26,9,32,12,15,38,0],"gold":137,"neow_bonus":"THREE_RARE_CARDS","is_prod":false,"is_daily":false,"chose_seed":false,"campfire_upgraded":2,"win_rate":0,"timestamp":1553244548,"path_taken":["M","$","?","?","M","E","R","?","T","E","R","?","?","M","R","BOSS","M","M","$","?","?","R","M","R","T","M","E","R","M","M","R","BOSS"],"build_version":"2019-01-23","purchased_purges":1,"victory":false,"max_hp_per_floor":[72,72,72,77,77,77,77,77,77,77,77,77,77,77,77,77,77,77,77,77,77,77,77,77,77,77,77,77,77,77,77,77,77],"card_choices":[{"not_picked":["Dark Embrace","Brutality"],"picked":"Limit Break","floor":0},{"not_picked":["Fire Breathing","True Grit"],"picked":"Rupture","floor":1},{"not_picked":["True Grit","Feel No Pain"],"picked":"Hemokinesis","floor":5},{"not_picked":["Spot Weakness","Infernal Blade"],"picked":"Heavy Blade","floor":6},{"not_picked":["Searing Blow","Entrench"],"picked":"Flex","floor":10},{"not_picked":["Reaper","Body Slam"],"picked":"Combust","floor":12},{"not_picked":["Armaments","Twin Strike"],"picked":"Ghostly Armor","floor":14},{"not_picked":["Reaper","Offering"],"picked":"Demon Form","floor":16},{"not_picked":["Sever Soul","Clash+1"],"picked":"Headbutt+1","floor":18},{"not_picked":["Shrug It Off","Second Wind+1"],"picked":"Rage","floor":19},{"not_picked":["Corruption","Second Wind","Perfected Strike"],"picked":"SKIP","floor":22},{"not_picked":["Rampage+1","Bludgeon"],"picked":"Disarm+1","floor":24},{"not_picked":["Cleave+1","True Grit"],"picked":"Armaments","floor":27},{"not_picked":["Barricade","Sever Soul"],"picked":"Flame Barrier","floor":28},{"not_picked":["Clash","Anger","Iron Wave+1"],"picked":"SKIP","floor":30},{"not_picked":["Shrug It Off","Clash+1"],"picked":"Inflame","floor":31}],"player_experience":378119,"relics_obtained":[{"floor":6,"key":"Pocketwatch"},{"floor":9,"key":"Self Forming Clay"},{"floor":10,"key":"Potion Belt"},{"floor":26,"key":"Anchor"},{"floor":28,"key":"The Courier"}],"event_choices":[{"damage_healed":0,"gold_gain":0,"player_choice":"Grow","damage_taken":0,"max_hp_gain":0,"max_hp_loss":0,"event_name":"Living Wall","floor":3,"gold_loss":0,"cards_upgraded":["Forethought"]},{"damage_healed":0,"gold_gain":0,"player_choice":"Donut","damage_taken":0,"max_hp_gain":5,"max_hp_loss":0,"event_name":"Big Fish","floor":4,"gold_loss":0},{"cards_removed":["Strike_R"],"damage_healed":0,"gold_gain":0,"player_choice":"Offered Basic","damage_taken":0,"max_hp_gain":0,"max_hp_loss":0,"event_name":"Bonfire Elementals","floor":8,"gold_loss":0},{"damage_healed":0,"gold_gain":0,"player_choice":"1 cards matched","damage_taken":0,"max_hp_gain":0,"max_hp_loss":0,"event_name":"Match and Keep!","floor":21,"gold_loss":0,"cards_obtained":["Rupture"]}],"is_beta":false,"boss_relics":[{"not_picked":["Cursed Key","Orrery"],"picked":"Lizard Tail"}],"items_purged_floors":[13],"is_endless":false,"potions_floor_spawned":[1,5,14,18,22,30],"killed_by":"Collector","ascension_level":2}