{"gold_per_floor":[215,232,248,32,32,32,64,81,159,173,173,10,38,54,54,54],"floor_reached":16,"playtime":741,"items_purged":[],"score":218,"play_id":"e727bc6a-cfcc-4ac7-b056-72e6bf671dc6","local_time":"20190319090228","is_ascension_mode":true,"campfire_choices":[{"data":"Uppercut","floor":6,"key":"SMITH"},{"data":"Flame Barrier","floor":11,"key":"SMITH"},{"floor":15,"key":"REST"}],"neow_cost":"NONE","seed_source_timestamp":87036907802843,"circlet_count":0,"master_deck":["AscendersBane","Strike_R","Strike_R","Strike_R","Strike_R","Strike_R","Defend_R","Defend_R","Defend_R","Defend_R","Bash","Uppercut","Uppercut","Uppercut+1","Dash","Flame Barrier+1","Gash","Backflip","Conserve Battery"],"relics":["Burning Blood","PrismaticShard","Champion Belt","Question Card","Bronze Scales","Vajra"],"potions_floor_usage":[8,10],"damage_taken":[{"damage":3,"enemies":"2 Louse","floor":1,"turns":4},{"damage":7,"enemies":"Jaw Worm","floor":2,"turns":3},{"damage":5,"enemies":"Small Slimes","floor":3,"turns":3},{"damage":24,"enemies":"Gremlin Nob","floor":7,"turns":4},{"damage":0,"enemies":"2 Fungi Beasts","floor":8,"turns":3},{"damage":14,"enemies":"Exordium Wildlife","floor":10,"turns":6},{"damage":30,"enemies":"3 Sentries","floor":13,"turns":8},{"damage":2,"enemies":"Looter","floor":14,"turns":3},{"damage":68,"enemies":"Slime Boss","floor":16,"turns":9}],"seed_played":"-5552530833775212119","potions_obtained":[{"floor":2,"key":"EssenceOfSteel"},{"floor":3,"key":"Explosive Potion"}],"is_trial":false,"path_per_floor":["M","M","M","$","?","R","E","M","T","M","R","$","E","M","R","B"],"character_chosen":"IRONCLAD","items_purchased":["PrismaticShard","Bronze Scales"],"campfire_rested":1,"item_purchase_floors":[4,12],"current_hp_per_floor":[71,70,71,71,75,75,57,63,63,55,55,55,31,35,57,0],"gold":54,"neow_bonus":"HUNDRED_GOLD","is_prod":false,"is_daily":false,"chose_seed":false,"campfire_upgraded":2,"win_rate":0,"timestamp":1553000548,"path_taken":["M","M","M","$","?","R","E","M","T","M","R","$","E","M","R","BOSS"],"build_version":"2019-03-15","purchased_purges":0,"victory":false,"max_hp_per_floor":[75,75,75,75,75,75,75,75,75,75,75,75,75,75,75,75],"card_choices":[{"not_picked":["Iron Wave","Armaments"],"picked":"Uppercut","floor":1},{"not_picked":["Warcry","Rampage"],"picked":"Uppercut","floor":2},{"not_picked":["Body Slam","Perfected Strike"],"picked":"Uppercut","floor":3},{"not_picked":["Leap","Dagger Spray"],"picked":"Dash","floor":7},{"not_picked":["Reaper","Inflame"],"picked":"Flame Barrier","floor":8},{"not_picked":["Rebound","Heavy Blade","True Grit"],"picked":"Gash","floor":10},{"not_picked":["Infernal Blade","Defragment","Madness"],"picked":"Backflip","floor":13},{"not_picked":["All For One","Rip and Tear","Noxious Fumes"],"picked":"Conserve Battery","floor":14}],"player_experience":586270,"relics_obtained":[{"floor":7,"key":"Champion Belt"},{"floor":9,"key":"Question Card"},{"floor":13,"key":"Vajra"}],"event_choices":[{"damage_healed":25,"gold_gain":0,"player_choice":"Banana","damage_taken":0,"max_hp_gain":0,"max_hp_loss":0,"event_name":"Big Fish","floor":5,"gold_loss":0}],"is_beta":true,"boss_relics":[],"items_purged_floors":[],"is_endless":false,"potions_floor_spawned":[2,3],"killed_by":"Slime Boss","ascension_level":19}