{"gold_per_floor":[113,113,126,126,126,126,167,242,291,311,391,430,445,486,486,486],"floor_reached":16,"playtime":413,"items_purged":[],"score":286,"play_id":"a2649a80-923b-461a-8593-a8da75d20d82","local_time":"20190221213926","is_ascension_mode":true,"campfire_choices":[{"data":"Zap","floor":6,"key":"SMITH"},{"floor":15,"key":"DIG"}],"neow_cost":"NONE","seed_source_timestamp":705645535538910,"circlet_count":0,"master_deck":["AscendersBane","Strike_B","Strike_B","Strike_B","Strike_B","Defend_B","Defend_B","Defend_B","Defend_B","Zap+1","Dualcast","Doom and Gloom","Loop","Regret","Leap","Ball Lightning","Coolheaded+1","Glacier+1","Genetic Algorithm+1"],"relics":["Cracked Core","NeowsBlessing","Oddly Smooth Stone","Orichalcum","Golden Idol","Shovel","Ancient Tea Set","Toxic Egg 2","Art of War","Pantograph","Incense Burner"],"potions_floor_usage":[10,14,16],"damage_taken":[{"damage":0,"enemies":"Jaw Worm","floor":1,"turns":1},{"damage":0,"enemies":"Small Slimes","floor":3,"turns":1},{"damage":0,"enemies":"3 Sentries","floor":7,"turns":1},{"damage":0,"enemies":"2 Louse","floor":10,"turns":2},{"damage":21,"enemies":"Lagavulin","floor":12,"turns":5},{"damage":7,"enemies":"Large Slime","floor":13,"turns":4},{"damage":9,"enemies":"3 Sentries","floor":14,"turns":6},{"damage":36,"enemies":"Hexaghost","floor":16,"turns":11}],"seed_played":"-8711055181820357504","potions_obtained":[{"floor":1,"key":"Explosive Potion"},{"floor":10,"key":"GamblersBrew"},{"floor":13,"key":"Fire Potion"}],"is_trial":false,"path_per_floor":["M","?","M","?","?","R","E","?","T","M","T","E","M","E","R","B"],"character_chosen":"DEFECT","items_purchased":[],"campfire_rested":0,"item_purchase_floors":[],"current_hp_per_floor":[64,59,59,59,59,59,59,48,48,48,48,27,20,11,11,0],"gold":486,"neow_bonus":"THREE_ENEMY_KILL","is_prod":false,"is_daily":false,"chose_seed":false,"campfire_upgraded":1,"win_rate":0,"timestamp":1550803166,"path_taken":["M","?","M","?","?","R","E","?","T","M","?","E","?","E","R","BOSS"],"build_version":"2019-02-06","purchased_purges":0,"victory":false,"max_hp_per_floor":[71,71,71,71,64,64,64,64,64,64,64,64,64,64,64,64],"card_choices":[{"not_picked":["Hello World","Stack"],"picked":"Doom and Gloom","floor":1},{"not_picked":["Barrage","Recycle"],"picked":"Loop","floor":3},{"not_picked":["Beam Cell","Aggregate"],"picked":"Leap","floor":7},{"not_picked":["Steam","Sunder"],"picked":"Ball Lightning","floor":10},{"not_picked":["Darkness+1","Loop"],"picked":"Coolheaded+1","floor":12},{"not_picked":["Hologram+1","Rebound"],"picked":"Glacier+1","floor":13},{"not_picked":["Turbo+1","FTL"],"picked":"Genetic Algorithm+1","floor":14}],"player_experience":965321,"relics_obtained":[{"floor":7,"key":"Shovel"},{"floor":9,"key":"Ancient Tea Set"},{"floor":11,"key":"Toxic Egg 2"},{"floor":12,"key":"Art of War"},{"floor":14,"key":"Pantograph"},{"floor":15,"key":"Incense Burner"}],"event_choices":[{"damage_healed":0,"gold_gain":0,"player_choice":"Success","damage_taken":5,"relics_obtained":["Oddly Smooth Stone"],"max_hp_gain":0,"max_hp_loss":0,"event_name":"Scrap Ooze","floor":2,"gold_loss":0},{"damage_healed":0,"gold_gain":0,"player_choice":"Box","damage_taken":0,"relics_obtained":["Orichalcum"],"max_hp_gain":0,"max_hp_loss":0,"event_name":"Big Fish","floor":4,"gold_loss":0,"cards_obtained":["Regret"]},{"damage_healed":0,"gold_gain":0,"player_choice":"Lose Max HP","damage_taken":0,"relics_obtained":["Golden Idol"],"max_hp_gain":0,"max_hp_loss":7,"event_name":"Golden Idol","floor":5,"gold_loss":0},{"damage_healed":0,"gold_gain":75,"player_choice":"Gather Gold","damage_taken":11,"max_hp_gain":0,"max_hp_loss":0,"event_name":"World of Goop","floor":8,"gold_loss":0}],"is_beta":true,"boss_relics":[],"items_purged_floors":[],"is_endless":false,"potions_floor_spawned":[1,10,13],"killed_by":"Hexaghost","ascension_level":20}