{"gold_per_floor":[361,372,40,40,55,55,5,5,5,15,30,47,105,120,120,217,217,228,8,23,23,23,23,43,43,43,89,89,89,101,101,101,101],"floor_reached":33,"playtime":1208,"items_purged":[],"score":272,"play_id":"f4272cd7-aee9-48ca-bff9-db90259cf1cd","local_time":"20190319210613","is_ascension_mode":true,"campfire_choices":[{"data":"Bash","floor":6,"key":"SMITH"},{"data":"Shockwave","floor":8,"key":"SMITH"},{"data":"Perfected Strike","floor":15,"key":"SMITH"},{"data":"Shrug It Off","floor":23,"key":"SMITH"},{"data":"Cleave","floor":25,"key":"SMITH"},{"data":"Spot Weakness","floor":28,"key":"SMITH"},{"data":"Perfected Strike","floor":32,"key":"SMITH"}],"neow_cost":"CURSE","seed_source_timestamp":303302301515306,"circlet_count":0,"master_deck":["Strike_R","Strike_R","Strike_R","Strike_R","Defend_R","Defend_R","Defend_R","Defend_R","Bash+1","Ghostly Armor","Shockwave+1","Dramatic Entrance","Pommel Strike","Twin Strike+1","Perfected Strike+1","Clash","Spot Weakness+1","Double Tap","Twin Strike","Clash","Cleave+1","Shrug It Off+1","Perfected Strike+1"],"relics":["Burning Blood","Gremlin Horn","The Courier","Tiny Chest","White Beast Statue","HandDrill","Shuriken","Boot"],"potions_floor_usage":[10,11,16,16,20,30,33],"damage_taken":[{"damage":15,"enemies":"Small Slimes","floor":1,"turns":3},{"damage":10,"enemies":"2 Louse","floor":2,"turns":4},{"damage":3,"enemies":"Jaw Worm","floor":5,"turns":7},{"damage":0,"enemies":"2 Fungi Beasts","floor":10,"turns":1},{"damage":8,"enemies":"Exordium Thugs","floor":11,"turns":3},{"damage":7,"enemies":"Large Slime","floor":12,"turns":5},{"damage":32,"enemies":"Gremlin Nob","floor":13,"turns":5},{"damage":1,"enemies":"Looter","floor":14,"turns":2},{"damage":39,"enemies":"The Guardian","floor":16,"turns":10},{"damage":30,"enemies":"Shell Parasite","floor":18,"turns":3},{"damage":20,"enemies":"2 Thieves","floor":20,"turns":3},{"damage":27,"enemies":"Snake Plant","floor":24,"turns":4},{"damage":27,"enemies":"3 Cultists","floor":30,"turns":5},{"damage":21,"enemies":"Automaton","floor":33,"turns":4}],"seed_played":"4214146320375278971","potions_obtained":[{"floor":5,"key":"Fire Potion"},{"floor":10,"key":"PowerPotion"},{"floor":13,"key":"Weak Potion"},{"floor":14,"key":"GamblersBrew"},{"floor":18,"key":"AttackPotion"},{"floor":20,"key":"FairyPotion"},{"floor":24,"key":"SkillPotion"},{"floor":30,"key":"Swift Potion"}],"is_trial":false,"path_per_floor":["M","M","$","?","M","R","?","R","T","M","M","M","E","M","R","B",null,"M","$","M","?","$","R","M","R","T","T","R","?","M","?","R","B"],"character_chosen":"IRONCLAD","items_purchased":["Dramatic Entrance","Gremlin Horn","HandDrill","Clash","Cleave"],"campfire_rested":0,"item_purchase_floors":[3,3,19,19,19],"current_hp_per_floor":[71,67,67,60,63,63,63,63,63,69,67,66,40,45,45,12,80,56,56,42,42,42,42,21,21,21,21,21,21,14,14,14,0],"gold":101,"neow_bonus":"TWO_FIFTY_GOLD","is_prod":false,"is_daily":false,"chose_seed":false,"campfire_upgraded":7,"win_rate":0,"timestamp":1553054773,"path_taken":["M","M","$","?","M","R","?","R","T","M","M","M","E","M","R","BOSS","M","$","M","?","$","R","M","R","T","?","R","?","?","?","R","BOSS"],"build_version":"2019-01-23","purchased_purges":0,"victory":false,"max_hp_per_floor":[80,80,80,80,80,80,80,80,80,80,80,80,80,80,80,80,80,80,80,80,80,80,80,80,80,80,80,80,80,80,80,80,80],"card_choices":[{"not_picked":["True Grit","Battle Trance"],"picked":"Ghostly Armor","floor":1},{"not_picked":["Hemokinesis","Heavy Blade"],"picked":"Shockwave","floor":2},{"not_picked":["Corruption","Armaments"],"picked":"Pommel Strike","floor":5},{"not_picked":["Thunderclap","Shrug It Off"],"picked":"Twin Strike","floor":10},{"not_picked":["Havoc","Battle Trance"],"picked":"Perfected Strike","floor":11},{"not_picked":["Burning Pact","Heavy Blade"],"picked":"Clash","floor":12},{"not_picked":["Reckless Charge","Sword Boomerang"],"picked":"Spot Weakness","floor":13},{"not_picked":["Second Wind","Flex","Body Slam"],"picked":"SKIP","floor":14},{"not_picked":["Barricade","Brutality"],"picked":"Double Tap","floor":16},{"not_picked":["Flex+1","Clothesline"],"picked":"Twin Strike","floor":18},{"not_picked":["Flex","Thunderclap"],"picked":"Shrug It Off","floor":20},{"not_picked":["Rupture","True Grit","Warcry"],"picked":"SKIP","floor":24},{"not_picked":["Barricade","Clothesline"],"picked":"Perfected Strike","floor":30}],"player_experience":365141,"relics_obtained":[{"floor":9,"key":"The Courier"},{"floor":13,"key":"Tiny Chest"},{"floor":26,"key":"Shuriken"},{"floor":27,"key":"Boot"}],"event_choices":[{"cards_removed":["Writhe"],"damage_healed":0,"gold_gain":0,"player_choice":"Card Removal","damage_taken":7,"max_hp_gain":0,"max_hp_loss":0,"event_name":"Golden Wing","floor":4,"gold_loss":0},{"cards_removed":["Strike_R"],"damage_healed":0,"gold_gain":0,"player_choice":"Card Removal","damage_taken":0,"max_hp_gain":0,"max_hp_loss":0,"event_name":"The Cleric","floor":7,"gold_loss":50},{"damage_healed":0,"gold_gain":0,"player_choice":"Upgraded","damage_taken":0,"max_hp_gain":0,"max_hp_loss":0,"event_name":"Upgrade Shrine","floor":29,"gold_loss":0,"cards_upgraded":["Twin Strike"]},{"damage_healed":0,"gold_gain":0,"player_choice":"Ignored","damage_taken":0,"max_hp_gain":0,"max_hp_loss":0,"event_name":"Ghosts","floor":31,"gold_loss":0}],"is_beta":false,"boss_relics":[{"not_picked":["Orrery","Mark of Pain"],"picked":"White Beast Statue"}],"items_purged_floors":[],"is_endless":false,"potions_floor_spawned":[5,10,13,14,18,20,24,30],"killed_by":"Automaton","ascension_level":2}