{"gold_per_floor":[118,69,69,244,244,273,286,286,286,300,300,312,312,89,89,186,186,197,213,213,213,213,213],"floor_reached":23,"playtime":944,"items_purged":[],"score":220,"play_id":"598f1bb5-4d23-4f57-aab9-918f46fbc99b","local_time":"20190307025754","is_ascension_mode":true,"campfire_choices":[{"floor":11,"key":"REST"},{"data":"Melter","floor":13,"key":"SMITH"},{"data":"Defragment","floor":15,"key":"SMITH"}],"neow_cost":"NONE","seed_source_timestamp":125818244262797,"circlet_count":0,"master_deck":["Defend_B+1","Defend_B","Defend_B","Defend_B","Zap+1","Dualcast+1","Melter+1","Gash","Gash","Defragment+1","Bite","Bite","Bite","Bite","Bite"],"relics":["Cracked Core","Peace Pipe","Strawberry","Lantern","Eternal Feather","Spirit Poop"],"potions_floor_usage":[6,12],"damage_taken":[{"damage":0,"enemies":"Small Slimes","floor":1,"turns":3},{"damage":35,"enemies":"Lagavulin","floor":6,"turns":5},{"damage":0,"enemies":"Jaw Worm","floor":7,"turns":3},{"damage":0,"enemies":"2 Louse","floor":10,"turns":2},{"damage":0,"enemies":"Looter","floor":12,"turns":2},{"damage":63,"enemies":"The Guardian","floor":16,"turns":9},{"damage":20,"enemies":"3 Byrds","floor":18,"turns":5},{"damage":0,"enemies":"Spheric Guardian","floor":19,"turns":2},{"damage":32,"enemies":"Colosseum Slavers","floor":20,"turns":5},{"damage":39,"enemies":"Slavers","floor":23,"turns":2}],"seed_played":"8163767598928048411","potions_obtained":[{"floor":1,"key":"Regen Potion"},{"floor":10,"key":"SkillPotion"},{"floor":12,"key":"FairyPotion"}],"is_trial":false,"path_per_floor":["M","$","?","?","?","E","M","?","T","M","R","M","R","$","R","B",null,"M","M","?","?","?","E"],"character_chosen":"DEFECT","items_purchased":["Gash","Lantern","Defragment"],"campfire_rested":1,"item_purchase_floors":[2,14,14],"current_hp_per_floor":[75,75,75,75,60,39,39,39,39,39,63,63,63,63,63,8,82,62,62,30,30,30,0],"gold":213,"neow_bonus":"UPGRADE_CARD","is_prod":false,"is_daily":false,"chose_seed":false,"campfire_upgraded":2,"win_rate":0,"timestamp":1551956274,"path_taken":["M","$","?","?","?","E","M","?","T","M","R","?","R","$","R","BOSS","M","M","?","?","?","E"],"build_version":"2019-01-23","purchased_purges":0,"victory":false,"max_hp_per_floor":[75,75,75,75,75,75,75,82,82,82,82,82,82,82,82,82,82,82,82,82,57,57,57],"card_choices":[{"not_picked":["FTL","Sweeping Beam"],"picked":"Melter","floor":1},{"not_picked":["Hologram","Static Discharge","Stack"],"picked":"SKIP","floor":6},{"not_picked":["Barrage","Self Repair"],"picked":"Gash","floor":7},{"not_picked":["Rebound","Steam","Streamline"],"picked":"SKIP","floor":10},{"not_picked":["Aggregate","Hologram","Rebound"],"picked":"SKIP","floor":12},{"not_picked":["Blizzard","Go for the Eyes","Redo"],"picked":"SKIP","floor":18},{"not_picked":["Cold Snap","Steam","Leap+1"],"picked":"SKIP","floor":19}],"player_experience":316436,"relics_obtained":[{"floor":6,"key":"Peace Pipe"}],"event_choices":[{"damage_healed":0,"gold_gain":0,"player_choice":"Grow","damage_taken":0,"max_hp_gain":0,"max_hp_loss":0,"event_name":"Living Wall","floor":3,"gold_loss":0,"cards_upgraded":["Dualcast"]},{"damage_healed":0,"gold_gain":175,"player_choice":"AGREE","damage_taken":0,"max_hp_gain":0,"max_hp_loss":0,"event_name":"Liars Game","floor":4,"gold_loss":0,"cards_obtained":["Doubt"]},{"damage_healed":0,"gold_gain":0,"player_choice":"Entered Light","damage_taken":15,"max_hp_gain":0,"max_hp_loss":0,"event_name":"Shining Light","floor":5,"gold_loss":0,"cards_upgraded":["Strike_B","Defend_B"]},{"damage_healed":0,"gold_gain":0,"player_choice":"Success","damage_taken":7,"relics_obtained":["Strawberry"],"max_hp_gain":0,"max_hp_loss":0,"event_name":"Scrap Ooze","floor":8,"gold_loss":0},{"damage_healed":0,"gold_gain":0,"player_choice":"Fight","damage_taken":0,"max_hp_gain":0,"max_hp_loss":0,"event_name":"Colosseum","floor":20,"gold_loss":0},{"damage_healed":0,"gold_gain":0,"player_choice":"Fled From Nobs","damage_taken":0,"max_hp_gain":0,"max_hp_loss":0,"event_name":"Colosseum","floor":20,"gold_loss":0},{"damage_healed":0,"gold_gain":0,"player_choice":"Became a vampire","damage_taken":0,"max_hp_gain":0,"max_hp_loss":25,"event_name":"Vampires","floor":21,"gold_loss":0,"cards_obtained":["Bite","Bite","Bite","Bite","Bite"]},{"cards_removed":["Doubt"],"damage_healed":0,"gold_gain":0,"player_choice":"Offered Curse","damage_taken":0,"relics_obtained":["Spirit Poop"],"max_hp_gain":0,"max_hp_loss":0,"event_name":"Bonfire Elementals","floor":22,"gold_loss":0}],"is_beta":false,"boss_relics":[{"not_picked":["Tiny House","Astrolabe"],"picked":"Eternal Feather"}],"items_purged_floors":[],"is_endless":false,"potions_floor_spawned":[1,10,12,20],"killed_by":"Slavers","ascension_level":1}