{"gold_per_floor":[113,128,78,52,127,127,137,150,150,150,325,325,325,344,344,448,448,468,479,479,46,66,66,78,89,89,89,89,89,51,51,51,51],"floor_reached":33,"playtime":837,"items_purged":["Doubt"],"score":235,"play_id":"c34eaa5a-a36d-495e-b39a-790ae0f6edfe","local_time":"20190203063419","is_ascension_mode":false,"campfire_choices":[{"data":"Anger","floor":6,"key":"SMITH"},{"data":"Blood for Blood","floor":10,"key":"SMITH"},{"data":"Rage","floor":12,"key":"SMITH"},{"data":"Anger","floor":15,"key":"SMITH"},{"floor":23,"key":"REST"},{"data":"Double Tap","floor":29,"key":"SMITH"},{"floor":32,"key":"REST"}],"neow_cost":"NONE","seed_source_timestamp":603131428812683,"circlet_count":0,"master_deck":["Strike_R+1","Strike_R+1","Strike_R+1","Strike_R+1","Defend_R+1","Defend_R+1","Defend_R+1","Defend_R+1","Bash","Purity","Anger+1","Blood for Blood+1","Thunderclap","Rage+1","Anger+1","Double Tap+1","Writhe","Clothesline+1","Perfected Strike+1","Infernal Blade"],"relics":["Burning Blood","Juzu Bracelet","Magic Flower","White Beast Statue","Blue Candle","Brimstone","Pen Nib","Oddly Smooth Stone","Mercury Hourglass"],"potions_floor_usage":[2,16,16,19,22,22,24,33],"damage_taken":[{"damage":15,"enemies":"2 Louse","floor":1,"turns":3},{"damage":7,"enemies":"Small Slimes","floor":2,"turns":3},{"damage":0,"enemies":"Cultist","floor":7,"turns":3},{"damage":8,"enemies":"2 Fungi Beasts","floor":8,"turns":3},{"damage":9,"enemies":"Blue Slaver","floor":14,"turns":5},{"damage":31,"enemies":"The Guardian","floor":16,"turns":10},{"damage":14,"enemies":"3 Byrds","floor":18,"turns":5},{"damage":27,"enemies":"Spheric Guardian","floor":19,"turns":5},{"damage":24,"enemies":"Shelled Parasite and Fungi","floor":22,"turns":3},{"damage":19,"enemies":"Snake Plant","floor":24,"turns":2},{"damage":17,"enemies":"Chosen and Byrds","floor":25,"turns":3},{"damage":130,"enemies":"Automaton","floor":33,"turns":6}],"seed_played":"-7069788740348601068","potions_obtained":[{"floor":1,"key":"Fruit Juice"},{"floor":8,"key":"Weak Potion"},{"floor":14,"key":"Weak Potion"},{"floor":16,"key":"SteroidPotion"},{"floor":18,"key":"Weak Potion"},{"floor":19,"key":"Strength Potion"},{"floor":22,"key":"AttackPotion"},{"floor":24,"key":"SpeedPotion"},{"floor":25,"key":"SteroidPotion"}],"is_trial":false,"path_per_floor":["M","M","?","$","?","R","M","M","T","R","?","R","T","M","R","B",null,"M","M","?","$","M","R","M","M","T","?","?","R","$","?","R","B"],"character_chosen":"IRONCLAD","items_purchased":["Thunderclap","Brimstone","Pen Nib","Infernal Blade"],"campfire_rested":2,"item_purchase_floors":[4,21,21,30],"current_hp_per_floor":[71,75,75,75,67,67,73,71,71,71,71,71,71,71,71,49,85,80,62,62,62,47,72,62,54,54,54,54,54,54,54,79,0],"gold":51,"neow_bonus":"RANDOM_COLORLESS","is_prod":false,"is_daily":false,"chose_seed":false,"campfire_upgraded":5,"win_rate":0,"timestamp":1549204459,"path_taken":["M","M","?","$","?","R","?","M","T","R","?","R","?","M","R","BOSS","M","M","?","$","M","R","M","M","T","?","?","R","$","?","R","BOSS"],"build_version":"2019-01-23","purchased_purges":1,"victory":false,"max_hp_per_floor":[80,85,85,85,85,85,85,85,85,85,85,85,85,85,85,85,85,85,85,85,85,85,85,85,85,85,85,85,85,85,85,85,85],"card_choices":[{"not_picked":["Perfected Strike","True Grit"],"picked":"Anger","floor":1},{"not_picked":["Pommel Strike","Sentinel"],"picked":"Blood for Blood","floor":2},{"not_picked":["Armaments","Rampage"],"picked":"Rage","floor":7},{"not_picked":["Pummel","Flex","Burning Pact"],"picked":"SKIP","floor":8},{"not_picked":["Dual Wield","Shrug It Off"],"picked":"Anger","floor":14},{"not_picked":["Exhume","Demon Form"],"picked":"Double Tap","floor":16},{"not_picked":["Iron Wave","Clothesline","Cleave"],"picked":"SKIP","floor":18},{"not_picked":["Pommel Strike+1","Seeing Red","Shrug It Off"],"picked":"SKIP","floor":19},{"not_picked":["Disarm","Cleave","Combust"],"picked":"SKIP","floor":22},{"not_picked":["Inflame+1","Thunderclap"],"picked":"Clothesline+1","floor":24},{"not_picked":["Blood for Blood","Rampage"],"picked":"Perfected Strike+1","floor":25}],"player_experience":240743,"relics_obtained":[{"floor":9,"key":"Juzu Bracelet"},{"floor":13,"key":"Magic Flower"},{"floor":26,"key":"Oddly Smooth Stone"}],"event_choices":[{"cards_removed":["Strike_R"],"damage_healed":0,"gold_gain":0,"player_choice":"Card Removal","damage_taken":0,"max_hp_gain":0,"max_hp_loss":0,"event_name":"The Cleric","floor":3,"gold_loss":50},{"damage_healed":0,"gold_gain":75,"player_choice":"Touch","damage_taken":8,"max_hp_gain":0,"max_hp_loss":0,"event_name":"FaceTrader","floor":5,"gold_loss":0},{"damage_healed":0,"gold_gain":175,"player_choice":"AGREE","damage_taken":0,"max_hp_gain":0,"max_hp_loss":0,"event_name":"Liars Game","floor":11,"gold_loss":0,"cards_obtained":["Doubt"]},{"damage_healed":0,"gold_gain":0,"player_choice":"Opened","damage_taken":0,"relics_obtained":["Blue Candle"],"max_hp_gain":0,"max_hp_loss":0,"event_name":"The Mausoleum","floor":20,"gold_loss":0,"cards_obtained":["Writhe"]},{"damage_healed":0,"gold_gain":0,"player_choice":"Ignored","damage_taken":0,"max_hp_gain":0,"max_hp_loss":0,"event_name":"Cursed Tome","floor":27,"gold_loss":0},{"damage_healed":0,"gold_gain":0,"player_choice":"Gave Potion","damage_taken":0,"relics_obtained":["Mercury Hourglass"],"max_hp_gain":0,"max_hp_loss":0,"event_name":"WeMeetAgain","floor":28,"gold_loss":0},{"damage_healed":0,"gold_gain":0,"player_choice":"Simplicity","damage_taken":0,"max_hp_gain":0,"max_hp_loss":0,"event_name":"Back to Basics","floor":31,"gold_loss":0,"cards_upgraded":["Strike_R","Strike_R","Strike_R","Strike_R","Defend_R","Defend_R","Defend_R","Defend_R"]}],"is_beta":false,"boss_relics":[{"not_picked":["Snecko Eye","Philosopher\u0027s Stone"],"picked":"White Beast Statue"}],"items_purged_floors":[21],"is_endless":false,"potions_floor_spawned":[1,8,14,16,18,19,22,24,25],"killed_by":"Automaton","ascension_level":0}