{"gold_per_floor":[111,29,29,41,51,51,64,99,176,176,200,224,236,248,260,370,382,384,396,408,431,253,278,278,13,39,39,57,86,86,117,117,221,221,237,237,253,253,19,45,113,56,83,83,233,268,268,280,280,280,280,280,3,28,28],"floor_reached":56,"playtime":5881,"items_purged":["Defend_B","Dualcast"],"score":1694,"play_id":"9c77ee74-9a31-43c1-a853-d3df592f0c29","local_time":"20181213002009","is_ascension_mode":true,"campfire_choices":[{"floor":6.0,"key":"REST"},{"data":"Hologram","floor":13.0,"key":"SMITH"},{"floor":15.0,"key":"REST"},{"data":"Blizzard","floor":24.0,"key":"SMITH"},{"data":"Creative AI","floor":27.0,"key":"SMITH"},{"data":"Fission","floor":30.0,"key":"SMITH"},{"data":"Defragment","floor":32.0,"key":"SMITH"},{"floor":44.0,"key":"RECALL"},{"data":"Amplify","floor":47.0,"key":"SMITH"},{"data":"Blizzard","floor":49.0,"key":"SMITH"},{"data":"Hologram","floor":52.0,"key":"SMITH"}],"neow_cost":"PERCENT_DAMAGE","seed_source_timestamp":0,"circlet_count":0,"master_deck":["Defend_B","Defend_B","Defend_B+1","Zap","White Noise+1","Loop","Hologram+1","Glacier","Conserve Battery","BootSequence","Stack","Coolheaded","Glacier","Creative AI+1","Hologram+1","Bite+1","Bite+1","Bite","Bite","Bite","Rebound+1","Defragment+1","Blizzard+1","Mayhem","Go for the Eyes+1","Fission+1","Conserve Battery","Amplify+1","Chill","Capacitor","Storm","Glacier","Rebound+1","Heatsinks","Tempest","Blizzard+1","Capacitor","Apotheosis","Rebound+1"],"special_seed":0,"relics":["Cracked Core","Turnip","Incense Burner","The Courier","MawBank","Strawberry","Sozu","Regal Pillow","DataDisk","Omamori","Potion Belt","Coffee Dripper","SsserpentHead","Lantern","Pen Nib","Art of War","Mango","Whetstone","FossilizedHelix"],"potions_floor_usage":[],"damage_taken":[{"damage":1.0,"enemies":"2 Louse","floor":1.0,"turns":2.0},{"damage":2.0,"enemies":"Cultist","floor":4.0,"turns":4.0},{"damage":0.0,"enemies":"Jaw Worm","floor":5.0,"turns":7.0},{"damage":0.0,"enemies":"Exordium Wildlife","floor":7.0,"turns":4.0},{"damage":24.0,"enemies":"3 Sentries","floor":8.0,"turns":16.0},{"damage":9.0,"enemies":"Gremlin Gang","floor":12.0,"turns":8.0},{"damage":37.0,"enemies":"Hexaghost","floor":16.0,"turns":18.0},{"damage":11.0,"enemies":"2 Thieves","floor":18.0,"turns":5.0},{"damage":0.0,"enemies":"Spheric Guardian","floor":21.0,"turns":8.0},{"damage":18.0,"enemies":"Book of Stabbing","floor":23.0,"turns":8.0},{"damage":0.0,"enemies":"Centurion and Healer","floor":28.0,"turns":8.0},{"damage":40.0,"enemies":"Slavers","floor":29.0,"turns":8.0},{"damage":0.0,"enemies":"Book of Stabbing","floor":31.0,"turns":8.0},{"damage":23.0,"enemies":"Automaton","floor":33.0,"turns":14.0},{"damage":21.0,"enemies":"3 Darklings","floor":35.0,"turns":6.0},{"damage":26.0,"enemies":"3 Shapes","floor":37.0,"turns":9.0},{"damage":8.0,"enemies":"Giant Head","floor":40.0,"turns":8.0},{"damage":4.0,"enemies":"Spire Growth","floor":41.0,"turns":5.0},{"damage":0.0,"enemies":"Mind Bloom Boss Battle","floor":45.0,"turns":5.0},{"damage":25.0,"enemies":"Reptomancer","floor":46.0,"turns":7.0},{"damage":8.0,"enemies":"Writhing Mass","floor":48.0,"turns":5.0},{"damage":45.0,"enemies":"Time Eater","floor":50.0,"turns":11.0},{"damage":33.0,"enemies":"Shield and Spear","floor":54.0,"turns":5.0},{"damage":23,"enemies":"The Heart","floor":55,"turns":10}],"seed_played":"420111038688939601","potions_obtained":[{"floor":1.0,"key":"Energy Potion"},{"floor":5.0,"key":"Weak Potion"},{"floor":7.0,"key":"Poison Potion"},{"floor":12.0,"key":"Regen Potion"}],"is_trial":false,"path_per_floor":["M","$","?","M","M","R","M","E","T","?","T","M","R","?","R","B",null,"M","?","?","M","$","E","R","$","T","R","M","E","R","E","R","B",null,"M","?","M","?","$","E","M","$","T","R","?","E","R","M","R","B",null,"R","$","E","B",null],"character_chosen":"DEFECT","items_purchased":["Loop","Hologram","Defragment","Blizzard","DataDisk","Mayhem","Lantern","Capacitor","Storm","Heatsinks","Capacitor","Apotheosis"],"campfire_rested":2,"item_purchase_floors":[2,2,22,22,25,25,39,39,39,42,53,53],"current_hp_per_floor":[49,49,49,47,47,69,69,45,45,30,30,21,21,21,45,23,67,56,40,40,54,54,42,42,42,42,42,56,28,28,40,40,35,54,45,45,43,43,43,51,55,55,55,55,74,59,59,54,54,25,62,62,62,46,52],"gold":28,"neow_bonus":"ONE_RARE_RELIC","is_prod":false,"is_daily":false,"chose_seed":false,"campfire_upgraded":8,"win_rate":0,"timestamp":1544678409,"path_taken":["M","$","?","M","?","R","M","E","T","?","?","?","R","?","R","BOSS","M","?","?","M","?","E","R","$","T","R","?","E","R","E","R","BOSS","M","?","M","?","$","E","?","$","T","R","?","E","R","M","R","BOSS","R","$","E","BOSS"],"build_version":"2018-12-06","purchased_purges":2,"victory":true,"max_hp_per_floor":[75,75,75,75,75,75,75,75,75,75,75,75,75,82,82,82,82,82,87,60,60,60,60,60,60,60,60,60,60,60,60,60,60,60,60,60,60,60,60,60,60,60,60,60,74,74,74,74,74,74,74,74,74,74,74],"card_choices":[{"not_picked":["Steam","Ball Lightning"],"picked":"White Noise","floor":1.0},{"not_picked":["Steam Power","Leap"],"picked":"Conserve Battery","floor":4.0},{"not_picked":["Steam Power","Go for the Eyes"],"picked":"BootSequence","floor":5.0},{"not_picked":["Ball Lightning","Cold Snap"],"picked":"Stack","floor":7.0},{"not_picked":["Barrage","Conserve Battery"],"picked":"Coolheaded","floor":8.0},{"not_picked":["Beam Cell","Hyperbeam"],"picked":"Glacier","floor":12.0},{"not_picked":["Core Surge","Amplify"],"picked":"Creative AI","floor":16.0},{"not_picked":["Conserve Battery","Ball Lightning"],"picked":"Hologram","floor":18.0},{"not_picked":["Barrage","Ball Lightning+1"],"picked":"Rebound+1","floor":21.0},{"not_picked":["Streamline","Auto Shields+1","Force Field"],"picked":"SKIP","floor":23.0},{"not_picked":["Cold Snap","Streamline"],"picked":"Go for the Eyes+1","floor":28.0},{"not_picked":["Compile Driver+1","Multi-Cast"],"picked":"Fission","floor":29.0},{"not_picked":["Sweeping Beam","Barrage"],"picked":"Conserve Battery","floor":31.0},{"not_picked":["Fission","Seek"],"picked":"Amplify","floor":33.0},{"not_picked":["Rebound+1","Static Discharge"],"picked":"Chill","floor":35.0},{"not_picked":["Compile Driver","Gash+1","Sweeping Beam+1"],"picked":"SKIP","floor":37.0},{"not_picked":["Darkness+1","Coolheaded"],"picked":"Glacier","floor":40.0},{"not_picked":["Genetic Algorithm+1","Lockon+1"],"picked":"Rebound+1","floor":41.0},{"not_picked":["Darkness","Force Field"],"picked":"Tempest","floor":46.0},{"not_picked":["Go for the Eyes+1","FTL+1"],"picked":"Blizzard","floor":48.0},{"not_picked":["Barrage+1","Darkness+1"],"picked":"Rebound+1","floor":54.0}],"player_experience":254184,"relics_obtained":[{"floor":8.0,"key":"Incense Burner"},{"floor":9.0,"key":"The Courier"},{"floor":11.0,"key":"MawBank"},{"floor":23.0,"key":"Regal Pillow"},{"floor":29.0,"key":"Omamori"},{"floor":31.0,"key":"Potion Belt"},{"floor":40.0,"key":"Pen Nib"},{"floor":43.0,"key":"Art of War"},{"floor":45.0,"key":"Mango"},{"floor":46.0,"key":"Whetstone"},{"floor":54.0,"key":"FossilizedHelix"}],"event_choices":[{"damage_healed":0.0,"max_hp_gain":0.0,"max_hp_loss":0.0,"gold_gain":0.0,"event_name":"Match and Keep!","player_choice":"1 cards matched","floor":3.0,"gold_loss":0.0,"damage_taken":0.0,"cards_obtained":["Glacier"]},{"damage_healed":0.0,"max_hp_gain":0.0,"max_hp_loss":0.0,"gold_gain":0.0,"event_name":"Shining Light","player_choice":"Entered Light","floor":10.0,"gold_loss":0.0,"damage_taken":15.0,"cards_upgraded":["White Noise","Defend_B"]},{"damage_healed":0.0,"max_hp_gain":0.0,"max_hp_loss":0.0,"gold_gain":0.0,"event_name":"Scrap Ooze","player_choice":"Success","floor":14.0,"gold_loss":0.0,"damage_taken":7.0,"relics_obtained":["Strawberry"]},{"damage_healed":0.0,"max_hp_gain":5.0,"max_hp_loss":0.0,"gold_gain":0.0,"event_name":"Forgotten Altar","player_choice":"Shed Blood","floor":19.0,"gold_loss":0.0,"damage_taken":21.0},{"damage_healed":0.0,"max_hp_gain":0.0,"max_hp_loss":27.0,"gold_gain":0.0,"event_name":"Vampires","player_choice":"Became a vampire","floor":20.0,"gold_loss":0.0,"damage_taken":0.0,"cards_obtained":["Bite","Bite","Bite","Bite","Bite"]},{"damage_healed":0.0,"max_hp_gain":0.0,"max_hp_loss":0.0,"gold_gain":0.0,"event_name":"Tomb of Lord Red Mask","player_choice":"Ignored","floor":36.0,"gold_loss":0.0,"damage_taken":0.0},{"damage_healed":0.0,"max_hp_gain":0.0,"max_hp_loss":0.0,"gold_gain":0.0,"event_name":"FaceTrader","player_choice":"Trade","floor":38.0,"gold_loss":0.0,"damage_taken":0.0,"relics_obtained":["SsserpentHead"]},{"damage_healed":0.0,"max_hp_gain":0.0,"max_hp_loss":0.0,"gold_gain":0.0,"event_name":"MindBloom","player_choice":"Fight","floor":45.0,"gold_loss":0.0,"damage_taken":0.0}],"is_beta":false,"boss_relics":[{"not_picked":["Black Star","Pandora\u0027s Box"],"picked":"Sozu"},{"not_picked":["Calling Bell","Eternal Feather"],"picked":"Coffee Dripper"}],"items_purged_floors":[22,53],"is_endless":false,"potions_floor_spawned":[1,5,7,12,21,28,29,35,37],"ascension_level":7}