{"path_per_floor":["M","M","?","M","?","E","$","R","T","E","R","$","?","M","R","B",null,"M","$","M","M","M","E","R","M","T","?","?","M","M","E","R","B",null,"M","?","M","T","$","M","R","$","T","M","M","R","?","E","R","B"],"character_chosen":"IRONCLAD","items_purchased":["Seeing Red","Good Instincts","Iron Wave","Searing Blow","Pen Nib","Bottled Lightning","Reaper"],"gold_per_floor":[110,130,130,145,145,177,44,44,44,69,69,17,17,36,36,137,137,149,37,51,66,76,402,402,422,422,422,422,434,447,476,476,580,580,595,595,613,613,73,86,86,86,164,182,192,192,292,322,322,322],"floor_reached":51,"campfire_rested":2,"playtime":4474,"current_hp_per_floor":[56,51,51,52,57,48,48,69,69,49,49,49,49,33,54,31,72,76,76,80,84,65,51,51,47,47,47,47,55,62,62,62,63,69,69,69,69,69,69,69,69,69,69,48,54,54,54,57,57,69],"items_purged":["Normality"],"gold":322,"play_id":"d0ceb7e0-3efe-4131-bdac-42f9567724a3","is_prod":false,"is_daily":false,"campfire_rituals":0,"campfire_upgraded":3,"is_hardmode":false,"path_taken":["M","M","?","M","?","E","$","R","T","E","R","?","?","M","R","BOSS","M","$","M","M","M","E","R","M","T","?","?","M","M","E","R","BOSS","M","?","M","?","$","M","R","$","T","M","M","R","?","E","R","BOSS"],"build_version":"2018-01-11-PROD2","purchased_purges":1,"victory":true,"master_deck":["Defend_R","Defend_R","Defend_R","Defend_R","Bash","Barricade","Clash","Mind Blast","Feed","Offering","Infernal Blade","Seeing Red","Good Instincts","Fire Breathing","Iron Wave","Feel No Pain","Impervious","Flex","Searing Blow","Pommel Strike","Pommel Strike","Shockwave","Body Slam","Perfected Strike","Bite_R","Bite_R","Bite_R","Bite_R","Bite_R","Perfected Strike","Fiend Fire","Uppercut","Juggernaut","Whirlwind","Iron Wave","Reaper","Armaments","Shrug It Off","Headbutt","Body Slam"],"max_hp_per_floor":[72,72,72,72,72,72,72,72,72,72,72,72,72,72,72,72,72,76,76,80,84,88,88,88,88,88,88,61,65,65,69,69,69,69,69,69,69,69,69,69,69,69,69,69,69,69,69,69,69,69],"relics":["Burning Blood","Molten Egg","Gambling Chip","Happy Flower","Vajra","Snecko Eye","Old Coin","Torii","Mummified Hand","Sozu","Girya","Pen Nib","Bottled Lightning","Dodecahedron","Whetstone"],"campfire_meditates":0,"card_choices":[{"not_picked":["Berserk","Demon Form"],"picked":"Barricade"},{"not_picked":["Sword Boomerang","Cleave"],"picked":"Heavy Blade"},{"not_picked":["Flex","Blood for Blood"],"picked":"Clash"},{"not_picked":["Power Through","Infernal Blade"],"picked":"Offering"},{"not_picked":["Iron Wave","Warcry"],"picked":"Infernal Blade"},{"not_picked":["Clothesline","Reckless Charge"],"picked":"Fire Breathing"},{"not_picked":["Power Through","Pommel Strike"],"picked":"Feel No Pain"},{"not_picked":["Offering","Limit Break"],"picked":"Impervious"},{"not_picked":["Corruption","Sword Boomerang"],"picked":"Flex"},{"not_picked":["Shrug It Off","Cleave"],"picked":"Pommel Strike"},{"not_picked":["Heavy Blade","Impervious"],"picked":"Pommel Strike"},{"not_picked":["Clash","Rage"],"picked":"Shockwave"},{"not_picked":["Sword Boomerang","Feel No Pain"],"picked":"Body Slam"},{"not_picked":["Disarm","Blood for Blood"],"picked":"Perfected Strike"},{"not_picked":["Twin Strike","Sword Boomerang"],"picked":"Perfected Strike"},{"not_picked":["Reckless Charge","Power Through"],"picked":"Fiend Fire"},{"not_picked":["Clash","Dual Wield"],"picked":"Uppercut"},{"not_picked":["Barricade","Fiend Fire"],"picked":"Juggernaut"},{"not_picked":["Rampage","Clothesline"],"picked":"Whirlwind"},{"not_picked":["Intimidate","Blood for Blood"],"picked":"Iron Wave"},{"not_picked":["Anger","Clothesline"],"picked":"Armaments"},{"not_picked":["Body Slam","Rampage"],"picked":"Shrug It Off"},{"not_picked":["Hemokinesis","Clash"],"picked":"Headbutt"},{"not_picked":["Cleave","Clash"],"picked":"Body Slam"}],"player_experience":7714,"potions_floor_usage":[],"damage_taken":[{"damage":22,"enemies":"Cultist","floor":1,"turns":6},{"damage":11,"enemies":"Jaw Worm","floor":2,"turns":5},{"damage":5,"enemies":"Small Slimes","floor":4,"turns":2},{"damage":15,"enemies":"Gremlin Nob","floor":6,"turns":4},{"damage":26,"enemies":"Lagavulin","floor":10,"turns":5},{"damage":22,"enemies":"Exordium Thugs","floor":14,"turns":5},{"damage":29,"enemies":"Slime Boss","floor":16,"turns":13},{"damage":0,"enemies":"Spheric Guardian","floor":18,"turns":4},{"damage":4,"enemies":"2 Thieves","floor":20,"turns":2},{"damage":4,"enemies":"3 Cultists","floor":21,"turns":5},{"damage":29,"enemies":"Snake Plant","floor":22,"turns":4},{"damage":20,"enemies":"Book of Stabbing","floor":23,"turns":5},{"damage":10,"enemies":"Centurion and Healer","floor":25,"turns":5},{"damage":4,"enemies":"Snecko","floor":29,"turns":2},{"damage":5,"enemies":"3 Cultists","floor":30,"turns":3},{"damage":12,"enemies":"Slavers","floor":31,"turns":3},{"damage":21,"enemies":"Automaton","floor":33,"turns":6},{"damage":0,"enemies":"Orb Walker","floor":35,"turns":2},{"damage":0,"enemies":"3 Darklings","floor":37,"turns":5},{"damage":14,"enemies":"Maw","floor":40,"turns":5},{"damage":28,"enemies":"4 Shapes","floor":44,"turns":3},{"damage":0,"enemies":"3 Darklings","floor":45,"turns":1},{"damage":13,"enemies":"Giant Head","floor":48,"turns":5},{"damage":28,"enemies":"Donu and Deca","floor":50,"turns":5}],"event_choices":[{"event_name":"Match and Keep!","player_choice":"2 cards matched","floor":3,"damage_taken":0},{"event_name":"Bonfire Elementals","player_choice":"COMMON","floor":5,"damage_taken":0},{"event_name":"Accursed Blacksmith","player_choice":"Rummage","floor":13,"damage_taken":0},{"event_name":"Upgrade Shrine","player_choice":"Upgraded","floor":27,"damage_taken":0},{"event_name":"Vampires","player_choice":"Became a vampire","floor":28,"damage_taken":0},{"event_name":"Tomb of Lord Red Mask","player_choice":"Ignored","floor":36,"damage_taken":0},{"event_name":"Golden Shrine","player_choice":"Pray","floor":47,"damage_taken":0}],"boss_relics":[{"not_picked":["Calling Bell","Philosopher\u0027s Stone"],"picked":"Snecko Eye"},{"not_picked":["Question Card","Lizard Tail"],"picked":"Sozu"}],"potions_floor_spawned":[4,10,14,16,18,21,22,23,37,44],"seed_played":"4963579003112255875","is_trial":false}