{"path_per_floor":["M","?","?","M","M","R","E","M","T","M","?","$","R","M","R","B",null,"M","?","M","M","?","R","M","R","T","M","$","M","E","M","R","B",null,"M","$","M","$","M","?","$","T","T","R","M","R"],"character_chosen":"IRONCLAD","items_purchased":["Bandage Up","Mercury Hourglass","Block Potion","Flash of Steel","Deep Breath"],"gold_per_floor":[111,81,81,92,107,107,139,154,154,171,171,73,73,83,83,185,185,199,199,211,229,229,229,248,248,298,308,21,37,63,81,81,185,185,196,103,116,116,133,133,41,41,119,119,133,133],"floor_reached":47,"campfire_rested":5,"playtime":4630,"current_hp_per_floor":[66,66,66,66,75,75,46,31,31,14,14,14,40,41,68,29,95,95,66,45,26,26,46,20,40,40,49,49,66,49,65,65,21,81,65,65,54,54,46,46,46,46,46,71,72,72],"items_purged":[],"gold":133,"play_id":"c21acf52-264c-49f6-baa1-a0dc6a8594c5","is_prod":false,"is_daily":false,"campfire_rituals":0,"campfire_upgraded":3,"is_hardmode":false,"path_taken":["M","?","?","M","M","R","E","?","T","M","?","$","R","M","R","BOSS","M","?","?","M","?","R","M","R","T","M","$","M","E","M","R","BOSS","M","$","M","?","M","?","$","?","T","R","M","R","E"],"build_version":"2018-01-11-PROD2","purchased_purges":0,"victory":false,"master_deck":["Defend_R","Defend_R","Defend_R","Bash","Reaper","Clothesline","Feed","Shrug It Off","Fire Breathing","Anger","Thunderclap","Bandage Up","Battle Trance","Bludgeon","Blood for Blood","Shockwave","Anger","Headbutt","Bite_R","Bite_R","Bite_R","Bite_R","Bite_R","Power Through","Flame Barrier","Warcry","Heavy Blade","Whirlwind","Inflame","Demon Form","Pommel Strike","Flash of Steel","Twin Strike","Iron Wave","Deep Breath","Flame Barrier","Searing Blow","Sword Boomerang"],"max_hp_per_floor":[80,80,80,80,83,83,86,86,86,89,89,89,89,92,92,95,95,95,66,66,69,69,69,69,69,69,73,73,77,81,81,81,81,81,81,81,81,81,85,85,85,85,85,85,85,85],"relics":["Burning Blood","Dodecahedron","Bag of Preparation","Centennial Puzzle","Astrolabe","Whetstone","Mercury Hourglass","Prayer Wheel","Sozu","Red Skull","Pantograph"],"campfire_meditates":0,"card_choices":[{"not_picked":["Clash","Headbutt"],"picked":"Clothesline"},{"not_picked":["Heavy Blade","Corruption"],"picked":"Feed"},{"not_picked":["Sword Boomerang","Warcry"],"picked":"Shrug It Off"},{"not_picked":["Rampage","Sword Boomerang"],"picked":"Fire Breathing"},{"not_picked":["True Grit","Armaments"],"picked":"Anger"},{"not_picked":["Intimidate","Whirlwind"],"picked":"Thunderclap"},{"not_picked":["Body Slam","Rupture"],"picked":"Battle Trance"},{"not_picked":["Brutality","Offering"],"picked":"Bludgeon"},{"not_picked":["Iron Wave","Bloodletting"],"picked":"Headbutt"},{"not_picked":["Perfected Strike","Uppercut"],"picked":"Dual Wield"},{"not_picked":["Pummel","Shrug It Off"],"picked":"Power Through"},{"not_picked":["Twin Strike","Anger"],"picked":"Flame Barrier"},{"not_picked":["Intimidate","Sword Boomerang"],"picked":"Warcry"},{"not_picked":["Shockwave","Corruption"],"picked":"Heavy Blade"},{"not_picked":["Blood for Blood","Clothesline"],"picked":"Whirlwind"},{"not_picked":["Uppercut","Combust"],"picked":"Inflame"},{"not_picked":["Berserk","Barricade"],"picked":"Demon Form"},{"not_picked":["Cleave","Perfected Strike"],"picked":"Pommel Strike"},{"not_picked":["Clash","Hemokinesis"],"picked":"Twin Strike"},{"not_picked":["Dual Wield","Heavy Blade"],"picked":"Iron Wave"},{"not_picked":["Intimidate","Feed"],"picked":"Flame Barrier"},{"not_picked":["Armaments","Warcry"],"picked":"Searing Blow"},{"not_picked":["Hemokinesis","Thunderclap"],"picked":"Sword Boomerang"}],"player_experience":26174,"potions_floor_usage":[7,14,14,24,31,31,33,33],"damage_taken":[{"damage":26,"enemies":"Blue Slaver","floor":1,"turns":6},{"damage":6,"enemies":"2 Louse","floor":4,"turns":3},{"damage":8,"enemies":"Small Slimes","floor":5,"turns":3},{"damage":38,"enemies":"3 Sentries","floor":7,"turns":10},{"damage":22,"enemies":"Looter","floor":8,"turns":4},{"damage":38,"enemies":"Lots of Slimes","floor":10,"turns":5},{"damage":24,"enemies":"Large Slime","floor":14,"turns":6},{"damage":64,"enemies":"Slime Boss","floor":16,"turns":12},{"damage":0,"enemies":"Chosen","floor":18,"turns":4},{"damage":31,"enemies":"Spheric Guardian","floor":20,"turns":6},{"damage":36,"enemies":"Snake Plant","floor":21,"turns":6},{"damage":50,"enemies":"Sentry and Sphere","floor":24,"turns":9},{"damage":15,"enemies":"Snecko","floor":27,"turns":3},{"damage":10,"enemies":"Chosen and Byrds","floor":29,"turns":7},{"damage":42,"enemies":"Slavers","floor":30,"turns":6},{"damage":12,"enemies":"3 Cultists","floor":31,"turns":5},{"damage":86,"enemies":"Automaton","floor":33,"turns":9},{"damage":28,"enemies":"3 Darklings","floor":35,"turns":4},{"damage":31,"enemies":"3 Shapes","floor":37,"turns":8},{"damage":49,"enemies":"Sphere and 2 Shapes","floor":39,"turns":5},{"damage":31,"enemies":"4 Shapes","floor":45,"turns":8},{"damage":102,"enemies":"Nemesis","floor":47,"turns":9}],"event_choices":[{"event_name":"World of Goop","player_choice":"Left","floor":2,"damage_taken":0},{"event_name":"Big Fish","player_choice":"Box","floor":3,"damage_taken":0},{"event_name":"Fountain of Cleansing","player_choice":"Removed Curse","floor":11,"damage_taken":0},{"event_name":"Vampires","player_choice":"Became a vampire","floor":19,"damage_taken":0},{"event_name":"Purifier","player_choice":"One Purge","floor":22,"damage_taken":0},{"event_name":"Mysterious Sphere","player_choice":"Ignore","floor":40,"damage_taken":0}],"boss_relics":[{"not_picked":["Black Star","Cursed Key"],"picked":"Astrolabe"},{"not_picked":["Orrery","Eternal Feather"],"picked":"Sozu"}],"potions_floor_spawned":[4,5,10,16,21,24,29,30,31,39],"seed_played":"3038994028295770987","killed_by":"Nemesis","is_trial":false}