{"gold_per_floor":[119,119,135,155,169,197,40,57,80,80,107,119,131,162,174,307,319,354,366,453,488,12,12,55,69,95,95],"floor_reached":27,"playtime":1229,"items_purged":["Strike_B","Defend_B"],"score":267,"play_id":"bef06522-d5d9-44bf-b634-fbecfd4a8231","local_time":"20181112034959","is_ascension_mode":true,"campfire_choices":[{"data":"Fusion","floor":13,"key":"SMITH"},{"data":"Darkness","floor":15,"key":"SMITH"},{"data":"Creative AI","floor":23,"key":"SMITH"}],"neow_cost":"TEN_PERCENT_HP_LOSS","seed_source_timestamp":39472361241326,"circlet_count":0,"master_deck":["Strike_B+1","Defend_B","Zap+1","Cold Snap+1","Sunder","Sweeping Beam","Purity","Fusion+1","Darkness+1","BootSequence","Creative AI+1","BootSequence+1","Sunder+1","Reinforced Body+1","Turbo","Consume+1","Storm","Coolheaded"],"relics":["Cracked Core","Orichalcum","Whetstone","MawBank","Golden Idol","Astrolabe","Mango","Happy Flower"],"potions_floor_usage":[6,11,16,16,24,27,27],"damage_taken":[{"damage":0,"enemies":"Small Slimes","floor":1,"turns":2},{"damage":0,"enemies":"Cultist","floor":3,"turns":3},{"damage":0,"enemies":"Jaw Worm","floor":4,"turns":3},{"damage":4,"enemies":"Looter","floor":5,"turns":2},{"damage":17,"enemies":"3 Sentries","floor":6,"turns":8},{"damage":0,"enemies":"2 Fungi Beasts","floor":8,"turns":2},{"damage":6,"enemies":"Gremlin Nob","floor":11,"turns":3},{"damage":22,"enemies":"Gremlin Gang","floor":14,"turns":2},{"damage":26,"enemies":"Slime Boss","floor":16,"turns":6},{"damage":7,"enemies":"Shell Parasite","floor":18,"turns":7},{"damage":11,"enemies":"2 Thieves","floor":21,"turns":4},{"damage":52,"enemies":"Gremlin Leader","floor":24,"turns":6},{"damage":1,"enemies":"Snake Plant","floor":25,"turns":4},{"damage":23,"enemies":"Chosen and Byrds","floor":27,"turns":4}],"seed_played":"5509655614578087367","potions_obtained":[{"floor":3,"key":"Regen Potion"},{"floor":5,"key":"FearPotion"},{"floor":6,"key":"Explosive Potion"},{"floor":11,"key":"EssenceOfSteel"},{"floor":21,"key":"GamblersBrew"},{"floor":24,"key":"Fire Potion"},{"floor":25,"key":"Regen Potion"}],"is_trial":false,"path_per_floor":["M","?","M","M","M","E","$","M","T","$","E","?","R","M","R","B",null,"M","?","?","M","$","R","E","M","T","M"],"character_chosen":"DEFECT","items_purchased":["Purity","Mango","Storm"],"campfire_rested":0,"item_purchase_floors":[7,22,22],"current_hp_per_floor":[68,68,68,68,64,62,62,62,62,62,56,56,56,34,34,8,63,56,63,57,46,60,60,8,7,7,0],"gold":95,"neow_bonus":"REMOVE_TWO","is_prod":false,"is_daily":false,"chose_seed":false,"campfire_upgraded":3,"win_rate":0,"timestamp":1542012599,"path_taken":["M","?","M","?","M","E","$","M","T","$","E","?","R","M","R","BOSS","M","?","?","M","$","R","E","M","T","M"],"build_version":"2018-11-08","purchased_purges":2,"victory":false,"max_hp_per_floor":[68,68,68,68,68,68,68,68,68,68,68,63,63,63,63,63,63,63,63,63,63,77,77,77,77,77,77],"card_choices":[{"not_picked":["Stack","Hologram"],"picked":"Cold Snap","floor":1},{"not_picked":["Meteor Strike","Stack"],"picked":"Sunder","floor":3},{"not_picked":["Gash","Self Repair"],"picked":"Sweeping Beam","floor":4},{"not_picked":["Blizzard","Barrage","Turbo"],"picked":"SKIP","floor":5},{"not_picked":["Turbo","Genetic Algorithm","Barrage"],"picked":"SKIP","floor":6},{"not_picked":["Force Field","Sweeping Beam"],"picked":"Fusion","floor":8},{"not_picked":["Streamline","Amplify"],"picked":"Darkness","floor":11},{"not_picked":["Tempest","Beam Cell"],"picked":"BootSequence","floor":14},{"not_picked":["Amplify","Seek"],"picked":"Creative AI","floor":16},{"not_picked":["Sweeping Beam","Rip and Tear"],"picked":"Turbo","floor":18},{"not_picked":["Gash","Go for the Eyes"],"picked":"Consume+1","floor":21},{"not_picked":["Ball Lightning+1","Leap","Tempest+1"],"picked":"SKIP","floor":24},{"not_picked":["Hologram","Leap+1"],"picked":"Coolheaded","floor":25}],"player_experience":133029,"relics_obtained":[{"floor":6,"key":"Orichalcum"},{"floor":9,"key":"Whetstone"},{"floor":11,"key":"MawBank"},{"floor":24,"key":"Happy Flower"}],"event_choices":[{"damage_healed":0,"gold_gain":0,"player_choice":"Upgraded","damage_taken":0,"max_hp_gain":0,"max_hp_loss":0,"event_name":"Upgrade Shrine","floor":2,"gold_loss":0,"cards_upgraded":["Zap"]},{"damage_healed":0,"gold_gain":0,"player_choice":"Lose Max HP","damage_taken":0,"relics_obtained":["Golden Idol"],"max_hp_gain":0,"max_hp_loss":5,"event_name":"Golden Idol","floor":12,"gold_loss":0},{"damage_healed":21,"gold_gain":0,"player_choice":"Heal","damage_taken":0,"max_hp_gain":0,"max_hp_loss":0,"event_name":"The Library","floor":19,"gold_loss":0},{"damage_healed":0,"gold_gain":75,"player_choice":"Touch","damage_taken":6,"max_hp_gain":0,"max_hp_loss":0,"event_name":"FaceTrader","floor":20,"gold_loss":0}],"is_beta":true,"boss_relics":[{"not_picked":["Tiny House","Snecko Eye"],"picked":"Astrolabe"}],"items_purged_floors":[7,22],"is_endless":false,"potions_floor_spawned":[3,5,6,11,21,24,25],"killed_by":"Chosen and Byrds","ascension_level":2}