{"gold_per_floor":[109,109,123,38,51,51,70,70,95,107,142,205,205,238,238,238],"floor_reached":16,"playtime":513,"items_purged":[],"score":270,"play_id":"6b7461c2-da2e-40b9-9414-4d2d0c4e5d6a","local_time":"20181218160626","is_ascension_mode":true,"campfire_choices":[{"data":"Streamline","floor":6,"key":"SMITH"},{"data":"Buffer","floor":8,"key":"SMITH"},{"data":"Sunder","floor":13,"key":"SMITH"},{"data":"Go for the Eyes","floor":15,"key":"SMITH"}],"neow_cost":"PERCENT_DAMAGE","seed_source_timestamp":512111527957400,"circlet_count":0,"master_deck":["AscendersBane","Strike_B","Strike_B","Strike_B","Strike_B","Defend_B","Defend_B","Defend_B","Defend_B","Zap","Dualcast","Streamline+1","Genetic Algorithm","Conserve Battery","Buffer+1","Melter","Sunder+1","Cold Snap","Go for the Eyes+1"],"relics":["Cracked Core","Bird Faced Urn","Ancient Tea Set","Bag of Preparation","Frozen Egg 2","WingedGreaves"],"potions_floor_usage":[12,16],"damage_taken":[{"damage":1,"enemies":"Cultist","floor":1,"turns":3},{"damage":0,"enemies":"2 Louse","floor":3,"turns":2},{"damage":2,"enemies":"Jaw Worm","floor":5,"turns":3},{"damage":9,"enemies":"Exordium Wildlife","floor":7,"turns":4},{"damage":7,"enemies":"Looter","floor":10,"turns":4},{"damage":0,"enemies":"Lagavulin","floor":11,"turns":6},{"damage":0,"enemies":"Lagavulin Event","floor":12,"turns":5},{"damage":11,"enemies":"3 Sentries","floor":14,"turns":9},{"damage":55,"enemies":"Hexaghost","floor":16,"turns":9}],"seed_played":"-4167273926706681041","potions_obtained":[{"floor":1,"key":"Swift Potion"},{"floor":7,"key":"AttackPotion"}],"is_trial":false,"path_per_floor":["M","?","M","$","M","R","M","R","T","M","E","?","R","E","R","B"],"character_chosen":"DEFECT","items_purchased":["Genetic Algorithm"],"campfire_rested":0,"item_purchase_floors":[4],"current_hp_per_floor":[45,71,71,71,69,69,60,60,60,55,57,59,59,50,50,0],"gold":238,"neow_bonus":"ONE_RARE_RELIC","is_prod":false,"is_daily":false,"chose_seed":false,"campfire_upgraded":4,"win_rate":0,"timestamp":1545167186,"path_taken":["M","?","M","$","?","R","M","R","T","M","E","?","R","E","R","BOSS"],"build_version":"2018-12-17","purchased_purges":0,"victory":false,"max_hp_per_floor":[71,71,71,71,71,71,71,71,71,71,71,71,71,71,71,71],"card_choices":[{"not_picked":["Rip and Tear","Fusion"],"picked":"BootSequence","floor":1},{"not_picked":["Coolheaded","Beam Cell"],"picked":"Streamline","floor":3},{"not_picked":["Reinforced Body","Compile Driver"],"picked":"Conserve Battery","floor":5},{"not_picked":["Cold Snap","Redo"],"picked":"Buffer","floor":7},{"not_picked":["Go for the Eyes","FTL"],"picked":"Melter","floor":10},{"not_picked":["Undo","Cold Snap"],"picked":"Sunder","floor":11},{"not_picked":["Compile Driver","Blizzard"],"picked":"Cold Snap","floor":12},{"not_picked":["Leap","Gash"],"picked":"Go for the Eyes","floor":14}],"player_experience":909259,"relics_obtained":[{"floor":9,"key":"Ancient Tea Set"},{"floor":11,"key":"Bag of Preparation"},{"floor":12,"key":"Frozen Egg 2"},{"floor":14,"key":"WingedGreaves"}],"event_choices":[{"cards_removed":["BootSequence"],"damage_healed":26,"gold_gain":0,"player_choice":"Offered Uncommon","damage_taken":0,"max_hp_gain":0,"max_hp_loss":0,"event_name":"Bonfire Elementals","floor":2,"gold_loss":0},{"damage_healed":0,"gold_gain":30,"player_choice":"Searched \u00273\u0027 times","damage_taken":0,"max_hp_gain":0,"max_hp_loss":0,"event_name":"Dead Adventurer","floor":12,"gold_loss":0}],"is_beta":true,"boss_relics":[],"items_purged_floors":[],"is_endless":false,"potions_floor_spawned":[1,7,10,11],"killed_by":"Hexaghost","ascension_level":20}