{"gold_per_floor":[117,117,117,142,1,1,32,32,83,116,116,116,135,155,155,283,283,302,217,217,233,249,249,249,284,284,284,284,311,335,356,356,356],"floor_reached":33,"playtime":1230,"items_purged":[],"score":325,"play_id":"55e92fda-118c-408a-bab4-a61b2baf89fc","local_time":"20190322010441","is_ascension_mode":true,"campfire_choices":[{"data":"True Grit","floor":6,"key":"SMITH"},{"floor":8,"key":"REST"},{"data":"Feed","floor":12,"key":"SMITH"},{"data":"Uppercut","floor":15,"key":"SMITH"},{"data":"Armaments","floor":23,"key":"SMITH"},{"floor":28,"key":"REST"},{"floor":32,"key":"REST"}],"neow_cost":"NONE","seed_source_timestamp":118737732707163,"circlet_count":0,"master_deck":["Strike_R","Strike_R","Strike_R","Strike_R","Strike_R+1","Defend_R","Defend_R","Defend_R","Defend_R","Bash","Dark Embrace+1","True Grit+1","Headbutt+1","Ghostly Armor","Feed+1","Seeing Red","Uppercut+1","Reaper+1","Armaments+1","Armaments","RitualDagger","Cleave","Dropkick+1"],"relics":["Burning Blood","Golden Idol","Boot","Whetstone","Omamori","Velvet Choker","Bag of Marbles","Bag of Preparation","The Courier","Nilry\u0027s Codex"],"potions_floor_usage":[7,16,16,22,30],"damage_taken":[{"damage":18,"enemies":"Jaw Worm","floor":1,"turns":5},{"damage":5,"enemies":"Small Slimes","floor":4,"turns":3},{"damage":20,"enemies":"Gremlin Nob","floor":7,"turns":3},{"damage":22,"enemies":"3 Sentries","floor":10,"turns":9},{"damage":0,"enemies":"Cultist","floor":13,"turns":4},{"damage":25,"enemies":"Gremlin Gang","floor":14,"turns":7},{"damage":43,"enemies":"Slime Boss","floor":16,"turns":11},{"damage":33,"enemies":"Spheric Guardian","floor":18,"turns":4},{"damage":0,"enemies":"Chosen","floor":21,"turns":4},{"damage":14,"enemies":"Snake Plant","floor":22,"turns":3},{"damage":67,"enemies":"Slavers","floor":25,"turns":9},{"damage":21,"enemies":"Centurion and Healer","floor":30,"turns":4},{"damage":10,"enemies":"Snecko","floor":31,"turns":5},{"damage":89,"enemies":"Collector","floor":33,"turns":6}],"seed_played":"5264565473658718186","potions_obtained":[{"floor":4,"key":"Poison Potion"},{"floor":13,"key":"Energy Potion"},{"floor":14,"key":"LiquidBronze"},{"floor":18,"key":"Block Potion"},{"floor":25,"key":"Energy Potion"},{"floor":31,"key":"Block Potion"}],"is_trial":false,"path_per_floor":["M","?","?","M","$","R","E","R","T","E","?","R","M","M","R","B",null,"M","?","?","M","M","R","?","E","T","?","R","T","M","M","R","B"],"character_chosen":"IRONCLAD","items_purchased":["Offering"],"campfire_rested":3,"item_purchase_floors":[5],"current_hp_per_floor":[68,68,48,49,49,49,35,59,59,43,90,90,90,75,75,42,98,71,71,71,77,73,73,67,25,25,9,40,40,37,40,71,0],"gold":356,"neow_bonus":"ONE_RANDOM_RARE_CARD","is_prod":false,"is_daily":false,"chose_seed":false,"campfire_upgraded":4,"win_rate":0,"timestamp":1553241881,"path_taken":["M","?","?","M","$","R","E","R","T","E","?","R","?","?","R","BOSS","M","?","?","?","M","R","?","E","T","?","R","?","M","M","R","BOSS"],"build_version":"2019-01-23","purchased_purges":0,"victory":false,"max_hp_per_floor":[80,80,80,80,80,80,80,80,80,80,90,90,90,94,94,98,98,98,98,98,98,102,102,102,106,106,106,106,106,106,106,106,106],"card_choices":[{"not_picked":["Carnage","Feel No Pain"],"picked":"True Grit","floor":1},{"not_picked":["Iron Wave","Rupture"],"picked":"Headbutt","floor":4},{"not_picked":["Entrench","Heavy Blade"],"picked":"Ghostly Armor","floor":7},{"not_picked":["Barricade","Whirlwind"],"picked":"Feed","floor":10},{"not_picked":["Clash","Heavy Blade"],"picked":"Seeing Red","floor":13},{"not_picked":["Sever Soul","Hemokinesis"],"picked":"Uppercut","floor":14},{"not_picked":["Exhume","Double Tap"],"picked":"Reaper","floor":16},{"not_picked":["True Grit","Combust","Sword Boomerang"],"picked":"SKIP","floor":18},{"not_picked":["Sever Soul","Body Slam"],"picked":"Armaments","floor":21},{"not_picked":["Perfected Strike","Flex"],"picked":"Armaments","floor":22},{"not_picked":["Reckless Charge","Clash"],"picked":"Cleave","floor":25},{"not_picked":["Clash","Power Through"],"picked":"Dropkick+1","floor":30},{"not_picked":["Perfected Strike","Anger","Iron Wave"],"picked":"SKIP","floor":31}],"player_experience":375540,"relics_obtained":[{"floor":7,"key":"Boot"},{"floor":9,"key":"Whetstone"},{"floor":10,"key":"Omamori"},{"floor":25,"key":"Bag of Preparation"},{"floor":26,"key":"The Courier"},{"floor":27,"key":"Nilry\u0027s Codex"}],"event_choices":[{"damage_healed":0,"gold_gain":0,"player_choice":"Grow","damage_taken":0,"max_hp_gain":0,"max_hp_loss":0,"event_name":"Living Wall","floor":2,"gold_loss":0,"cards_upgraded":["Dark Embrace"]},{"damage_healed":0,"gold_gain":0,"player_choice":"Take Damage","damage_taken":20,"relics_obtained":["Golden Idol"],"max_hp_gain":0,"max_hp_loss":0,"event_name":"Golden Idol","floor":3,"gold_loss":0},{"cards_removed":["Offering"],"damage_healed":37,"gold_gain":0,"player_choice":"Offered Rare","damage_taken":0,"max_hp_gain":10,"max_hp_loss":0,"event_name":"Bonfire Elementals","floor":11,"gold_loss":0},{"damage_healed":0,"gold_gain":0,"player_choice":"Obtained Relic","damage_taken":0,"relics_obtained":["Bag of Marbles"],"max_hp_gain":0,"max_hp_loss":0,"event_name":"Addict","floor":19,"gold_loss":85},{"damage_healed":0,"gold_gain":0,"player_choice":"Forge","damage_taken":0,"max_hp_gain":0,"max_hp_loss":0,"event_name":"Accursed Blacksmith","floor":20,"gold_loss":0,"cards_upgraded":["Reaper"]},{"damage_healed":0,"gold_gain":0,"player_choice":"Joined the Cult","damage_taken":6,"max_hp_gain":0,"max_hp_loss":0,"event_name":"Nest","floor":24,"gold_loss":0,"cards_obtained":["RitualDagger"]},{"damage_healed":0,"gold_gain":0,"player_choice":"Obtained Book","damage_taken":16,"max_hp_gain":0,"max_hp_loss":0,"event_name":"Cursed Tome","floor":27,"gold_loss":0}],"is_beta":false,"boss_relics":[{"not_picked":["Runic Pyramid","Runic Dome"],"picked":"Velvet Choker"}],"items_purged_floors":[],"is_endless":false,"potions_floor_spawned":[4,13,14,18,25,31],"killed_by":"Collector","ascension_level":2}