{"gold_per_floor":[114,44,62,73,93,93,93,93,93,93,93,18,34,59,59,59],"floor_reached":16,"playtime":398,"items_purged":[],"score":92,"play_id":"c2d31a36-b490-40cd-8aed-7ff5bd164c97","local_time":"20190127073443","is_ascension_mode":false,"campfire_choices":[{"data":"Neutralize","floor":6,"key":"SMITH"},{"data":"Infinite Blades","floor":8,"key":"SMITH"},{"data":"Survivor","floor":10,"key":"SMITH"},{"data":"Accuracy","floor":15,"key":"SMITH"}],"neow_cost":"NONE","seed_source_timestamp":2348703112700,"circlet_count":0,"master_deck":["Defend_G","Defend_G","Defend_G","Defend_G","Defend_G","Strike_G","Strike_G","Strike_G","Strike_G","Strike_G","Survivor+1","Neutralize+1","Infinite Blades+1","Accuracy+1"],"relics":["Ring of the Snake","NeowsBlessing","Golden Idol","The Specimen"],"potions_floor_usage":[16],"damage_taken":[{"damage":0,"enemies":"Cultist","floor":1,"turns":1},{"damage":0,"enemies":"Small Slimes","floor":3,"turns":1},{"damage":0,"enemies":"2 Louse","floor":4,"turns":1},{"damage":4,"enemies":"Red Slaver","floor":5,"turns":4},{"damage":2,"enemies":"Blue Slaver","floor":13,"turns":5},{"damage":14,"enemies":"Looter","floor":14,"turns":3},{"damage":50,"enemies":"The Guardian","floor":16,"turns":10}],"seed_played":"7059451644218418911","potions_obtained":[{"floor":5,"key":"SteroidPotion"},{"floor":14,"key":"Regen Potion"}],"is_trial":false,"path_per_floor":["M","$","M","M","M","R","?","R","T","R","?","$","M","M","R","B"],"character_chosen":"THE_SILENT","items_purchased":["Infinite Blades","Accuracy"],"campfire_rested":0,"item_purchase_floors":[2,12],"current_hp_per_floor":[70,70,70,70,66,66,66,66,66,66,66,66,64,50,50,0],"gold":59,"neow_bonus":"THREE_ENEMY_KILL","is_prod":false,"is_daily":false,"chose_seed":false,"campfire_upgraded":4,"win_rate":0,"timestamp":1548603283,"path_taken":["M","$","?","M","?","R","?","R","T","R","?","$","M","M","R","BOSS"],"build_version":"2019-01-23","purchased_purges":0,"victory":false,"max_hp_per_floor":[70,70,70,70,70,70,70,70,70,70,70,70,70,70,70,70],"card_choices":[{"not_picked":["Slice","Deadly Poison","Dodge and Roll"],"picked":"SKIP","floor":1},{"not_picked":["Acrobatics","Bouncing Flask","Endless Agony"],"picked":"SKIP","floor":3},{"not_picked":["PiercingWail","Dash","Underhanded Strike"],"picked":"SKIP","floor":4},{"not_picked":["Acrobatics","Slice","Prepared"],"picked":"SKIP","floor":5},{"not_picked":["Concentrate","Backflip","Dodge and Roll"],"picked":"SKIP","floor":13},{"not_picked":["Choke","Dagger Throw","Slice"],"picked":"SKIP","floor":14}],"player_experience":198167,"relics_obtained":[{"floor":9,"key":"The Specimen"}],"event_choices":[{"damage_healed":0,"gold_gain":0,"player_choice":"Take Wound","damage_taken":0,"relics_obtained":["Golden Idol"],"max_hp_gain":0,"max_hp_loss":0,"event_name":"Golden Idol","floor":7,"gold_loss":0,"cards_obtained":["Injury"]},{"cards_removed":["Injury"],"damage_healed":0,"gold_gain":0,"player_choice":"Purged","damage_taken":0,"max_hp_gain":0,"max_hp_loss":0,"event_name":"Purifier","floor":11,"gold_loss":0}],"is_beta":false,"boss_relics":[],"items_purged_floors":[],"is_endless":false,"potions_floor_spawned":[5,14],"killed_by":"The Guardian","ascension_level":0}