{"gold_per_floor":[118,131,81,156,156,190,210,240,240,240,255,222,242,260,260,357,357,343,359,379,456,456],"floor_reached":22,"playtime":867,"items_purged":[],"score":237,"play_id":"5609ffc4-fcf5-4631-a1ed-cef3b93bcc5b","local_time":"20190318030940","is_ascension_mode":true,"campfire_choices":[{"data":"PiercingWail","floor":10,"key":"SMITH"},{"floor":15,"key":"REST"}],"neow_cost":"NONE","seed_source_timestamp":152638281000291,"circlet_count":0,"master_deck":["Defend_G","Defend_G","Defend_G","Defend_G","Defend_G","Strike_G","Strike_G","Strike_G","Strike_G","Survivor","Neutralize","Poisoned Stab","PiercingWail+1","Calculated Gamble+1","Deflect+1","Dagger Spray","Deadly Poison+1","Night Terror+1","Leg Sweep+1","Cloak And Dagger+1"],"relics":["Ring of the Snake","NeowsBlessing","Toxic Egg 2","Oddly Smooth Stone","Tiny Chest","Dodecahedron","White Beast Statue","Shuriken"],"potions_floor_usage":[16,16,20,20,22],"damage_taken":[{"damage":0,"enemies":"Small Slimes","floor":1,"turns":1},{"damage":0,"enemies":"Jaw Worm","floor":2,"turns":1},{"damage":0,"enemies":"Gremlin Nob","floor":6,"turns":1},{"damage":0,"enemies":"Cultist","floor":7,"turns":4},{"damage":29,"enemies":"Gremlin Gang","floor":11,"turns":5},{"damage":14,"enemies":"Exordium Thugs","floor":12,"turns":7},{"damage":0,"enemies":"Blue Slaver","floor":13,"turns":4},{"damage":0,"enemies":"3 Louse","floor":14,"turns":3},{"damage":40,"enemies":"Hexaghost","floor":16,"turns":12},{"damage":0,"enemies":"2 Thieves","floor":18,"turns":4},{"damage":0,"enemies":"Chosen","floor":19,"turns":4},{"damage":10,"enemies":"Centurion and Healer","floor":20,"turns":13},{"damage":60,"enemies":"Cultist and Chosen","floor":22,"turns":5}],"seed_played":"2310593472188994953","potions_obtained":[{"floor":1,"key":"GhostInAJar"},{"floor":2,"key":"Weak Potion"},{"floor":11,"key":"Regen Potion"},{"floor":18,"key":"EssenceOfSteel"},{"floor":19,"key":"Poison Potion"},{"floor":20,"key":"LiquidBronze"}],"is_trial":false,"path_per_floor":["M","M","?","?","?","E","M","?","T","R","M","M","M","M","R","B",null,"M","M","M","T","M"],"character_chosen":"THE_SILENT","items_purchased":[],"campfire_rested":1,"item_purchase_floors":[],"current_hp_per_floor":[70,70,70,59,56,56,56,56,56,56,27,13,13,13,34,9,70,70,70,60,60,0],"gold":456,"neow_bonus":"THREE_ENEMY_KILL","is_prod":false,"is_daily":false,"chose_seed":false,"campfire_upgraded":1,"win_rate":0,"timestamp":1552903780,"path_taken":["M","M","?","?","?","E","M","?","T","R","M","M","?","M","R","BOSS","M","?","?","?","M"],"build_version":"2019-01-23","purchased_purges":0,"victory":false,"max_hp_per_floor":[70,70,70,70,70,70,70,70,70,70,70,70,70,70,70,70,70,70,70,70,70,70],"card_choices":[{"not_picked":["Finisher","Flying Knee"],"picked":"Poisoned Stab","floor":1},{"not_picked":["Acrobatics","Dagger Throw"],"picked":"PiercingWail","floor":2},{"not_picked":["Bane","Quick Slash"],"picked":"Calculated Gamble+1","floor":6},{"not_picked":["Glass Knife","Heel Hook","Sucker Punch"],"picked":"SKIP","floor":7},{"not_picked":["Blade Dance+1","Dodge and Roll+1"],"picked":"Deflect+1","floor":11},{"not_picked":["Cloak And Dagger+1","Eviscerate"],"picked":"Dagger Spray","floor":12},{"not_picked":["Poisoned Stab","Dagger Spray"],"picked":"Deadly Poison+1","floor":13},{"not_picked":["Sucker Punch","Slice","Masterful Stab"],"picked":"SKIP","floor":14},{"not_picked":["Tools of the Trade","Malaise+1"],"picked":"Night Terror+1","floor":16},{"not_picked":["Tactician+1","Predator","Sucker Punch"],"picked":"SKIP","floor":18},{"not_picked":["Deflect+1","Deadly Poison+1"],"picked":"Leg Sweep+1","floor":19},{"not_picked":["Acrobatics+1","PiercingWail+1"],"picked":"Cloak And Dagger+1","floor":20}],"player_experience":349756,"relics_obtained":[{"floor":6,"key":"Oddly Smooth Stone"},{"floor":9,"key":"Dodecahedron"},{"floor":21,"key":"Shuriken"}],"event_choices":[{"cards_removed":["Strike_G"],"damage_healed":0,"gold_gain":0,"player_choice":"Card Removal","damage_taken":0,"max_hp_gain":0,"max_hp_loss":0,"event_name":"The Cleric","floor":3,"gold_loss":50},{"damage_healed":0,"gold_gain":75,"player_choice":"Gather Gold","damage_taken":11,"max_hp_gain":0,"max_hp_loss":0,"event_name":"World of Goop","floor":4,"gold_loss":0},{"damage_healed":0,"gold_gain":0,"player_choice":"Success","damage_taken":3,"relics_obtained":["Toxic Egg 2"],"max_hp_gain":0,"max_hp_loss":0,"event_name":"Scrap Ooze","floor":5,"gold_loss":0},{"damage_healed":0,"gold_gain":0,"player_choice":"Searched \u00272\u0027 times","damage_taken":0,"relics_obtained":["Tiny Chest"],"max_hp_gain":0,"max_hp_loss":0,"event_name":"Dead Adventurer","floor":8,"gold_loss":0}],"is_beta":false,"boss_relics":[{"not_picked":["Empty Cage","Philosopher\u0027s Stone"],"picked":"White Beast Statue"}],"items_purged_floors":[],"is_endless":false,"potions_floor_spawned":[1,2,11,13,18,19,20],"killed_by":"Cultist and Chosen","ascension_level":2}