{"gold_per_floor":[114,389,405,246,171,171,197,211,211,226,226,254,254,254,254,254],"floor_reached":16,"playtime":440,"items_purged":["Regret"],"score":266,"play_id":"26510206-4e95-4b2b-a986-e068d13203c0","local_time":"20190322162529","is_ascension_mode":true,"campfire_choices":[{"data":"Neutralize","floor":6,"key":"SMITH"},{"data":"Crippling Poison","floor":11,"key":"SMITH"},{"data":"Catalyst","floor":13,"key":"SMITH"},{"data":"Poisoned Stab","floor":15,"key":"SMITH"}],"neow_cost":"NONE","seed_source_timestamp":820938198532843,"circlet_count":0,"master_deck":["AscendersBane","Defend_G","Defend_G","Defend_G","Defend_G","Defend_G","Strike_G","Strike_G","Strike_G","Strike_G","Survivor","Neutralize+1","Well Laid Plans","Dodge and Roll","Catalyst+1","Poisoned Stab","Crippling Poison+1","Blur","Poisoned Stab+1"],"relics":["Ring of the Snake","NeowsBlessing","Question Card","Bottled Lightning","Blood Vial","Golden Idol"],"potions_floor_usage":[12,16],"damage_taken":[{"damage":0,"enemies":"Jaw Worm","floor":1,"turns":1},{"damage":0,"enemies":"Cultist","floor":3,"turns":1},{"damage":0,"enemies":"Lagavulin","floor":7,"turns":1},{"damage":3,"enemies":"Small Slimes","floor":8,"turns":4},{"damage":6,"enemies":"Looter","floor":10,"turns":3},{"damage":10,"enemies":"3 Sentries","floor":12,"turns":9},{"damage":53,"enemies":"Slime Boss","floor":16,"turns":10}],"seed_played":"-742670291996468522","potions_obtained":[{"floor":3,"key":"Explosive Potion"},{"floor":7,"key":"Poison Potion"}],"is_trial":false,"path_per_floor":["M","?","M","$","?","R","E","M","T","M","R","E","R","?","R","B"],"character_chosen":"THE_SILENT","items_purchased":["Catalyst"],"campfire_rested":0,"item_purchase_floors":[4],"current_hp_per_floor":[59,59,59,59,59,59,59,56,56,50,50,40,40,40,40,0],"gold":254,"neow_bonus":"THREE_ENEMY_KILL","is_prod":false,"is_daily":false,"chose_seed":false,"campfire_upgraded":4,"win_rate":0,"timestamp":1553286329,"path_taken":["M","?","M","?","?","R","E","M","T","M","R","E","R","?","R","BOSS"],"build_version":"2019-03-15","purchased_purges":1,"victory":false,"max_hp_per_floor":[66,66,66,66,66,66,66,66,66,66,66,66,66,60,60,60],"card_choices":[{"not_picked":["Deadly Poison","Masterful Stab"],"picked":"Well Laid Plans","floor":1},{"not_picked":["Prepared","Tactician"],"picked":"Dodge and Roll","floor":3},{"not_picked":["Endless Agony","Envenom"],"picked":"Poisoned Stab","floor":7},{"not_picked":["Finisher","Bane","Underhanded Strike"],"picked":"Crippling Poison","floor":8},{"not_picked":["Dagger Spray","Outmaneuver","Slice"],"picked":"Blur","floor":10},{"not_picked":["Concentrate","Finisher","Slice"],"picked":"Poisoned Stab","floor":12}],"player_experience":1182265,"relics_obtained":[{"floor":7,"key":"Question Card"},{"floor":9,"key":"Bottled Lightning"},{"floor":12,"key":"Blood Vial"}],"event_choices":[{"damage_healed":0,"gold_gain":275,"player_choice":"Desecrate","damage_taken":0,"max_hp_gain":0,"max_hp_loss":0,"event_name":"Golden Shrine","floor":2,"gold_loss":0,"cards_obtained":["Regret"]},{"cards_removed":["Strike_G"],"damage_healed":0,"gold_gain":0,"player_choice":"Card Removal","damage_taken":0,"max_hp_gain":0,"max_hp_loss":0,"event_name":"The Cleric","floor":5,"gold_loss":75},{"damage_healed":0,"gold_gain":0,"player_choice":"Lose Max HP","damage_taken":0,"relics_obtained":["Golden Idol"],"max_hp_gain":0,"max_hp_loss":6,"event_name":"Golden Idol","floor":14,"gold_loss":0}],"is_beta":true,"boss_relics":[],"items_purged_floors":[4],"is_endless":false,"potions_floor_spawned":[3,7],"killed_by":"Slime Boss","ascension_level":20}