{"path_per_floor":["M","$","M","M","?","E","M","R","T","E","M","R","M","$","R","B",null,"M","M","M","$","M","E","M","E","T","R","?","R","M","$","R","B",null,"M","?","?","?","?","R","M","R","T","M","M","M","?","?","R","B"],"character_chosen":"IRONCLAD","items_purchased":["Spot Weakness","Strange Spoon","Shrug It Off","Omamori"],"gold_per_floor":[112,38,54,68,143,170,185,185,212,244,259,259,272,20,20,125,125,108,124,138,138,158,186,202,236,263,263,188,188,206,63,63,164,164,179,179,179,179,0,0,10,10,34,45,57,68,68,68,68,68],"floor_reached":51,"campfire_rested":3,"playtime":2295,"current_hp_per_floor":[80,80,73,70,59,31,22,22,22,15,5,5,4,4,28,25,80,76,72,64,64,50,38,21,5,5,29,29,53,47,47,47,39,80,71,71,61,61,61,61,51,51,51,29,12,6,70,70,70,45],"items_purged":[],"gold":68,"score":599,"play_id":"50eec6b9-9b12-43ba-804a-9a23976f2d3b","is_prod":false,"is_daily":false,"is_ascension_mode":true,"campfire_upgraded":6,"path_taken":["M","$","M","M","?","E","M","R","T","E","M","R","M","$","R","BOSS","M","M","M","$","M","E","M","E","T","R","?","R","M","$","R","BOSS","M","?","?","?","?","R","M","R","T","M","M","M","?","?","R","BOSS"],"build_version":"2018-02-16-BETA2","purchased_purges":0,"victory":true,"master_deck":["Strike_R","Strike_R+1","Strike_R","Strike_R","Defend_R","Defend_R","Defend_R","Defend_R","Bash","Uppercut+1","Spot Weakness","Thunderclap","True Grit","Corruption+1","Uppercut+1","Barricade+1","Iron Wave","Battle Trance","Shrug It Off+1","Offering+1","Shrug It Off+1","True Grit","Inflame+1","Carnage","True Grit+1","Dual Wield+1","Pommel Strike","Warcry+1","Shockwave+1","Demon Form+1","Disarm+1","Madness","Madness","Power Through+1","Feel No Pain+1","Seeing Red+1","Ghostly Armor","Seeing Red+1","Heavy Blade"],"max_hp_per_floor":[80,80,80,80,80,80,80,80,80,80,80,80,80,80,80,80,80,80,80,80,80,80,80,80,80,80,80,80,80,80,80,80,80,80,80,80,80,80,80,80,80,80,80,80,80,80,70,70,70,70],"relics":["Runic Dome","Prayer Wheel","Oddly Smooth Stone","Whetstone","Strange Spoon","Cursed Key","War Paint","Red Skull","Juzu Bracelet","Omamori","Philosopher\u0027s Stone","Red Mask","Happy Flower"],"card_choices":[{"not_picked":["Inflame","Bloodletting"],"picked":"Uppercut"},{"not_picked":["Wild Strike","Pummel"],"picked":"Thunderclap"},{"not_picked":["Perfected Strike","Warcry"],"picked":"True Grit"},{"not_picked":["Flex","Feel No Pain"],"picked":"Corruption"},{"not_picked":["Anger","Dual Wield"],"picked":"Uppercut"},{"not_picked":["Sever Soul","Shrug It Off"],"picked":"Barricade"},{"not_picked":["True Grit","Second Wind"],"picked":"Iron Wave"},{"not_picked":["Flex","Clash"],"picked":"Battle Trance"},{"not_picked":["Barricade","Double Tap"],"picked":"Offering"},{"not_picked":["Clash","Headbutt"],"picked":"Shrug It Off"},{"not_picked":["Warcry","Thunderclap"],"picked":"True Grit"},{"not_picked":["Body Slam","Anger"],"picked":"Inflame"},{"not_picked":["Sword Boomerang","Sever Soul"],"picked":"Carnage"},{"not_picked":["Warcry","Hemokinesis"],"picked":"True Grit"},{"not_picked":["Bloodletting","Sever Soul"],"picked":"Dual Wield"},{"not_picked":["Evolve","Thunderclap"],"picked":"Pommel Strike"},{"not_picked":["Corruption","Searing Blow"],"picked":"Warcry"},{"not_picked":["Anger","Hemokinesis"],"picked":"Shockwave"},{"not_picked":["Brutality","Dark Embrace"],"picked":"Demon Form"},{"not_picked":["Clash","Entrench"],"picked":"Disarm"},{"not_picked":["Clothesline","Wild Strike"],"picked":"Power Through"},{"not_picked":["Cleave","Intimidate"],"picked":"Feel No Pain"},{"not_picked":["Iron Wave","Body Slam"],"picked":"Seeing Red"},{"not_picked":["Headbutt","Cleave"],"picked":"Ghostly Armor"},{"not_picked":["Battle Trance","Brutality"],"picked":"Seeing Red"}],"player_experience":37534,"potions_floor_usage":[23,23,33,33],"damage_taken":[{"damage":0,"enemies":"Small Slimes","floor":1,"turns":3},{"damage":7,"enemies":"2 Louse","floor":3,"turns":2},{"damage":3,"enemies":"Jaw Worm","floor":4,"turns":2},{"damage":28,"enemies":"3 Sentries","floor":6,"turns":9},{"damage":9,"enemies":"Blue Slaver","floor":7,"turns":3},{"damage":7,"enemies":"Lagavulin","floor":10,"turns":5},{"damage":10,"enemies":"Large Slime","floor":11,"turns":5},{"damage":1,"enemies":"Exordium Wildlife","floor":13,"turns":4},{"damage":3,"enemies":"Hexaghost","floor":16,"turns":8},{"damage":4,"enemies":"2 Thieves","floor":18,"turns":4},{"damage":4,"enemies":"Chosen","floor":19,"turns":3},{"damage":8,"enemies":"Centurion and Healer","floor":20,"turns":5},{"damage":14,"enemies":"3 Cultists","floor":22,"turns":5},{"damage":12,"enemies":"Slavers","floor":23,"turns":4},{"damage":17,"enemies":"Snake Plant","floor":24,"turns":4},{"damage":16,"enemies":"Book of Stabbing","floor":25,"turns":5},{"damage":6,"enemies":"Centurion and Healer","floor":30,"turns":6},{"damage":8,"enemies":"Automaton","floor":33,"turns":7},{"damage":9,"enemies":"Orb Walker","floor":35,"turns":3},{"damage":10,"enemies":"3 Darklings","floor":41,"turns":4},{"damage":22,"enemies":"Maw","floor":44,"turns":6},{"damage":17,"enemies":"4 Shapes","floor":45,"turns":6},{"damage":6,"enemies":"Flame Bruiser 2 Orb","floor":46,"turns":5},{"damage":25,"enemies":"Awakened One","floor":50,"turns":12}],"event_choices":[{"event_name":"World of Goop","player_choice":"Gather Gold","floor":5,"damage_taken":0},{"event_name":"Beggar","player_choice":"Gave Gold","floor":28,"damage_taken":0},{"event_name":"Upgrade Shrine","player_choice":"Upgraded","floor":36,"damage_taken":0},{"event_name":"Winding Halls","player_choice":"Embrace Madness","floor":37,"damage_taken":0},{"event_name":"Mysterious Sphere","player_choice":"Ignore","floor":38,"damage_taken":0},{"event_name":"Tomb of Lord Red Mask","player_choice":"Paid","floor":39,"damage_taken":0},{"event_name":"The Moai Head","player_choice":"Heal","floor":47,"damage_taken":0},{"event_name":"Transmorgrifier","player_choice":"Transform","floor":48,"damage_taken":0}],"boss_relics":[{"not_picked":["Tiny House","Runic Pyramid"],"picked":"Cursed Key"},{"not_picked":["White Beast Statue","Lizard Tail"],"picked":"Philosopher\u0027s Stone"}],"potions_floor_spawned":[1,4,13,20,22,23,25,35],"seed_played":"1223050699330714325","ascension_level":1,"is_trial":false}