{"gold_per_floor":[112,112,112,37,50,79,79,97,97,109,124,140,140,150,150,150],"floor_reached":16,"playtime":351,"items_purged":["Strike_R"],"score":129,"play_id":"620a8091-63c5-47ee-abcc-f9a5ba624b9e","local_time":"20190203043324","is_ascension_mode":false,"campfire_choices":[{"data":"Uppercut","floor":7,"key":"SMITH"},{"data":"Clothesline","floor":13,"key":"SMITH"},{"data":"Bash","floor":15,"key":"SMITH"}],"neow_cost":"NONE","seed_source_timestamp":596362841578350,"circlet_count":0,"master_deck":["Strike_R","Strike_R","Strike_R","Defend_R","Defend_R","Defend_R","Defend_R","Bash+1","Flex","Uppercut+1","Clothesline+1","Inflame"],"relics":["Burning Blood","NeowsBlessing","Darkstone Periapt","Kunai"],"potions_floor_usage":[11,12,16],"damage_taken":[{"damage":0,"enemies":"Jaw Worm","floor":1,"turns":1},{"damage":0,"enemies":"2 Louse","floor":5,"turns":2},{"damage":0,"enemies":"Gremlin Nob","floor":6,"turns":1},{"damage":0,"enemies":"Cultist","floor":8,"turns":3},{"damage":5,"enemies":"Red Slaver","floor":10,"turns":3},{"damage":19,"enemies":"Large Slime","floor":11,"turns":6},{"damage":0,"enemies":"3 Louse","floor":12,"turns":2},{"damage":27,"enemies":"Exordium Thugs","floor":14,"turns":5},{"damage":65,"enemies":"The Guardian","floor":16,"turns":10}],"seed_played":"2984688810332952995","potions_obtained":[{"floor":1,"key":"GamblersBrew"},{"floor":6,"key":"SteroidPotion"},{"floor":8,"key":"Regen Potion"},{"floor":10,"key":"Explosive Potion"}],"is_trial":false,"path_per_floor":["M","?","?","$","M","E","R","M","T","M","M","M","R","M","R","B"],"character_chosen":"IRONCLAD","items_purchased":[],"campfire_rested":0,"item_purchase_floors":[],"current_hp_per_floor":[80,85,85,85,85,85,85,85,85,85,85,85,85,64,64,0],"gold":150,"neow_bonus":"THREE_ENEMY_KILL","is_prod":false,"is_daily":false,"chose_seed":false,"campfire_upgraded":3,"win_rate":0,"timestamp":1549197204,"path_taken":["M","?","?","$","M","E","R","M","T","M","?","M","R","M","R","BOSS"],"build_version":"2019-01-23","purchased_purges":1,"victory":false,"max_hp_per_floor":[80,85,85,85,85,85,85,85,85,85,85,85,85,85,85,85],"card_choices":[{"not_picked":["Burning Pact","Pummel","Disarm"],"picked":"SKIP","floor":1},{"not_picked":["Entrench","Headbutt"],"picked":"Uppercut","floor":5},{"not_picked":["Intimidate","Power Through","Barricade"],"picked":"SKIP","floor":6},{"not_picked":["Cleave","Rupture","Corruption"],"picked":"SKIP","floor":8},{"not_picked":["Searing Blow","Thunderclap","Havoc"],"picked":"SKIP","floor":10},{"not_picked":["Entrench","Anger","Feel No Pain"],"picked":"SKIP","floor":11},{"not_picked":["Rage","Anger"],"picked":"Clothesline","floor":12},{"not_picked":["Wild Strike","Twin Strike"],"picked":"Inflame","floor":14}],"player_experience":234070,"relics_obtained":[{"floor":6,"key":"Darkstone Periapt"},{"floor":9,"key":"Kunai"}],"event_choices":[{"damage_healed":0,"gold_gain":0,"player_choice":"Donut","damage_taken":0,"max_hp_gain":5,"max_hp_loss":0,"event_name":"Big Fish","floor":2,"gold_loss":0},{"damage_healed":0,"gold_gain":0,"cards_transformed":["Strike_R"],"player_choice":"Transformed","damage_taken":0,"max_hp_gain":0,"max_hp_loss":0,"event_name":"Transmorgrifier","floor":3,"gold_loss":0,"cards_obtained":["Flex"]}],"is_beta":false,"boss_relics":[],"items_purged_floors":[4],"is_endless":false,"potions_floor_spawned":[1,6,8,10],"killed_by":"The Guardian","ascension_level":0}