{"gold_per_floor":[114,127,127,138,156,156,167,167,191,191,156,156,156,172,172,250,250,260,175,287,325,357,369,395,407,442,487,514,526,555,585,597,609],"floor_reached":33,"playtime":1130,"items_purged":[],"score":518,"play_id":"6b823ea1-bb8f-475e-a116-aecc61c709cb","local_time":"20190216154752","is_ascension_mode":true,"campfire_choices":[{"data":"Zap","floor":6,"key":"SMITH"},{"data":"Ball Lightning","floor":8,"key":"SMITH"},{"data":"Ball Lightning","floor":10,"key":"SMITH"},{"data":"Cold Snap","floor":13,"key":"SMITH"},{"data":"Cold Snap","floor":15,"key":"SMITH"},{"floor":23,"key":"REST"},{"floor":25,"key":"REST"},{"floor":29,"key":"REST"},{"floor":32,"key":"REST"}],"neow_cost":"NONE","seed_source_timestamp":251839325709156,"circlet_count":0,"master_deck":["AscendersBane","Strike_B","Strike_B","Strike_B","Strike_B","Defend_B","Defend_B","Defend_B","Defend_B","Zap+1","Dualcast","Ball Lightning+1","Ball Lightning+1","Cold Snap+1","Genetic Algorithm","Cold Snap+1","Genetic Algorithm","Seek","Rebound","Genetic Algorithm","Barrage+1","Doom and Gloom","Sweeping Beam+1","Electrodynamics","Conserve Battery","Sweeping Beam"],"relics":["Cracked Core","Bag of Marbles","Art of War","Sozu","MawBank","Du-Vu Doll","Symbiotic Virus","Red Mask","Lantern","Blood Vial"],"potions_floor_usage":[16,20],"damage_taken":[{"damage":2,"enemies":"Jaw Worm","floor":1,"turns":3},{"damage":0,"enemies":"Cultist","floor":2,"turns":3},{"damage":1,"enemies":"2 Louse","floor":4,"turns":2},{"damage":23,"enemies":"Large Slime","floor":5,"turns":5},{"damage":6,"enemies":"Blue Slaver","floor":7,"turns":3},{"damage":4,"enemies":"2 Fungi Beasts","floor":14,"turns":3},{"damage":10,"enemies":"Hexaghost","floor":16,"turns":9},{"damage":8,"enemies":"3 Byrds","floor":18,"turns":5},{"damage":14,"enemies":"Colosseum Slavers","floor":20,"turns":3},{"damage":14,"enemies":"Colosseum Nobs","floor":20,"turns":4},{"damage":4,"enemies":"Masked Bandits","floor":21,"turns":3},{"damage":0,"enemies":"Spheric Guardian","floor":22,"turns":3},{"damage":27,"enemies":"Shelled Parasite and Fungi","floor":24,"turns":3},{"damage":21,"enemies":"Slavers","floor":27,"turns":6},{"damage":0,"enemies":"Snake Plant","floor":28,"turns":2},{"damage":0,"enemies":"Centurion and Healer","floor":30,"turns":3},{"damage":0,"enemies":"Sentry and Sphere","floor":31,"turns":3},{"damage":79,"enemies":"Champ","floor":33,"turns":9}],"seed_played":"-5142460791483002395","potions_obtained":[{"floor":2,"key":"Regen Potion"},{"floor":5,"key":"FearPotion"},{"floor":7,"key":"FocusPotion"}],"is_trial":false,"path_per_floor":["M","M","?","M","M","R","M","R","T","R","?","?","R","M","R","B",null,"M","?","?","?","M","R","M","R","T","E","M","R","M","M","R","B"],"character_chosen":"DEFECT","items_purchased":[],"campfire_rested":4,"item_purchase_floors":[],"current_hp_per_floor":[62,62,62,61,38,38,32,32,32,32,49,49,49,45,45,35,62,54,54,26,22,22,43,16,37,37,16,18,39,41,43,64,0],"gold":609,"neow_bonus":"THREE_CARDS","is_prod":false,"is_daily":false,"chose_seed":false,"campfire_upgraded":5,"win_rate":0,"timestamp":1550350072,"path_taken":["M","M","?","M","M","R","?","R","T","R","?","?","R","M","R","BOSS","M","?","?","?","M","R","M","R","T","E","M","R","?","M","R","BOSS"],"build_version":"2019-02-06","purchased_purges":0,"victory":false,"max_hp_per_floor":[71,71,71,71,71,71,71,71,71,71,71,71,71,71,71,71,71,71,71,71,71,71,71,71,71,71,71,71,71,71,71,71,71],"card_choices":[{"not_picked":["Go for the Eyes","Defragment"],"picked":"Ball Lightning","floor":0},{"not_picked":["Go for the Eyes","Turbo"],"picked":"Ball Lightning","floor":1},{"not_picked":["Rip and Tear","Sweeping Beam"],"picked":"Cold Snap","floor":2},{"not_picked":["Sweeping Beam","Go for the Eyes"],"picked":"Genetic Algorithm","floor":4},{"not_picked":["Stack","Go for the Eyes"],"picked":"Cold Snap","floor":5},{"not_picked":["Gash","Rainbow"],"picked":"Genetic Algorithm","floor":7},{"not_picked":["Redo","Reprogram","Leap"],"picked":"SKIP","floor":14},{"not_picked":["Multi-Cast","Hyperbeam"],"picked":"Seek","floor":16},{"not_picked":["Turbo","Streamline"],"picked":"Rebound","floor":18},{"not_picked":["Lockon","Compile Driver+1"],"picked":"Genetic Algorithm","floor":20},{"not_picked":["Leap+1","Sweeping Beam"],"picked":"Barrage+1","floor":21},{"not_picked":["Chill","Cold Snap"],"picked":"Doom and Gloom","floor":22},{"not_picked":["Rebound","Steam"],"picked":"Sweeping Beam+1","floor":24},{"not_picked":["Conserve Battery","Stack"],"picked":"Electrodynamics","floor":27},{"not_picked":["Reprogram+1","Heatsinks"],"picked":"Conserve Battery","floor":28},{"not_picked":["Stack","Go for the Eyes","Heatsinks+1"],"picked":"SKIP","floor":30},{"not_picked":["Stack","Cold Snap"],"picked":"Sweeping Beam","floor":31}],"player_experience":929429,"relics_obtained":[{"floor":9,"key":"Art of War"},{"floor":20,"key":"Du-Vu Doll"},{"floor":20,"key":"Symbiotic Virus"},{"floor":21,"key":"Red Mask"},{"floor":26,"key":"Lantern"},{"floor":27,"key":"Blood Vial"}],"event_choices":[{"damage_healed":0,"gold_gain":0,"player_choice":"Gave Potion","damage_taken":0,"relics_obtained":["Bag of Marbles"],"max_hp_gain":0,"max_hp_loss":0,"event_name":"WeMeetAgain","floor":3,"gold_loss":0},{"damage_healed":17,"gold_gain":0,"player_choice":"Healed","damage_taken":0,"max_hp_gain":0,"max_hp_loss":0,"event_name":"The Cleric","floor":11,"gold_loss":35},{"damage_healed":0,"gold_gain":0,"player_choice":"Ignored","damage_taken":0,"max_hp_gain":0,"max_hp_loss":0,"event_name":"Liars Game","floor":12,"gold_loss":0},{"damage_healed":0,"gold_gain":0,"player_choice":"Obtained Relic","damage_taken":0,"relics_obtained":["MawBank"],"max_hp_gain":0,"max_hp_loss":0,"event_name":"Addict","floor":19,"gold_loss":85},{"damage_healed":0,"gold_gain":0,"player_choice":"Fight","damage_taken":0,"max_hp_gain":0,"max_hp_loss":0,"event_name":"Colosseum","floor":20,"gold_loss":0},{"damage_healed":0,"gold_gain":0,"player_choice":"Fought Nobs","damage_taken":0,"max_hp_gain":0,"max_hp_loss":0,"event_name":"Colosseum","floor":20,"gold_loss":0},{"damage_healed":0,"gold_gain":0,"player_choice":"Fought Bandits","damage_taken":0,"max_hp_gain":0,"max_hp_loss":0,"event_name":"Masked Bandits","floor":21,"gold_loss":0}],"is_beta":true,"boss_relics":[{"not_picked":["Empty Cage","Runic Pyramid"],"picked":"Sozu"}],"items_purged_floors":[],"is_endless":false,"potions_floor_spawned":[2,5,7,20,21,22,28,30,31],"killed_by":"Champ","ascension_level":20}