{"gold_per_floor":[20,32,32,52,62,96,96,125,203,214,35,35,78,78,78,180,180,221,146,165,192,72,98,115,169,169,42,93,93,122,139,139,244,244,256,274,274,274,274,496,496,566,566,566,606,52,52,95,95,95],"floor_reached":50,"playtime":2698,"items_purged":["Strike_G","Strike_G"],"score":661,"play_id":"4ad4e9d9-a337-4af2-87f3-dd780fc8087f","local_time":"20181108232403","is_ascension_mode":true,"campfire_choices":[{"data":"Crippling Poison","floor":7,"key":"SMITH"},{"data":"HandOfGreed","floor":12,"key":"SMITH"},{"floor":15,"key":"REST"},{"floor":29,"key":"REST"},{"data":"Bullet Time","floor":32,"key":"SMITH"},{"floor":41,"key":"REST"},{"floor":44,"key":"REST"},{"floor":47,"key":"REST"},{"floor":49,"key":"REST"}],"neow_cost":"NO_GOLD","seed_source_timestamp":8375954679052,"circlet_count":0,"master_deck":["Defend_G","Defend_G","Defend_G","Defend_G","Strike_G+1","Survivor","Neutralize","Crippling Poison+1","Quick Slash","Flying Knee","Cloak And Dagger+1","Caltrops","Flying Knee","Dodge and Roll","HandOfGreed+1","Bullet Time+1","Envenom","Setup+1","Accuracy","Expertise","Cloak And Dagger","PiercingWail","Backflip","Choke","Crippling Poison","Blade Dance","Adrenaline","Cloak And Dagger+1","Backflip","Madness","Madness","Forethought","Master of Strategy","The Bomb","Predator+1","Infinite Blades+1","Cloak And Dagger+1","All Out Attack","PiercingWail+1"],"relics":["Ring of the Snake","Bottled Flame","FossilizedHelix","Kunai","Snecko Eye","Red Mask","Art of War","Ancient Tea Set","Frozen Egg 2","Smiling Mask","Pear","Fusion Hammer","Toxic Egg 2","Blue Candle","Medical Kit","Bag of Preparation"],"potions_floor_usage":[8,16,16,23,25,30,33,48,48,50],"damage_taken":[{"damage":0,"enemies":"2 Louse","floor":1,"turns":3},{"damage":2,"enemies":"Small Slimes","floor":2,"turns":4},{"damage":4,"enemies":"Jaw Worm","floor":4,"turns":4},{"damage":9,"enemies":"Blue Slaver","floor":5,"turns":4},{"damage":22,"enemies":"3 Sentries","floor":6,"turns":12},{"damage":8,"enemies":"Lagavulin","floor":8,"turns":5},{"damage":0,"enemies":"3 Louse","floor":10,"turns":2},{"damage":0,"enemies":"Large Slime","floor":13,"turns":8},{"damage":10,"enemies":"Hexaghost","floor":16,"turns":9},{"damage":0,"enemies":"Spheric Guardian","floor":18,"turns":3},{"damage":12,"enemies":"Chosen","floor":20,"turns":6},{"damage":0,"enemies":"Masked Bandits","floor":21,"turns":4},{"damage":6,"enemies":"Book of Stabbing","floor":23,"turns":6},{"damage":9,"enemies":"Snake Plant","floor":24,"turns":4},{"damage":37,"enemies":"Slavers","floor":25,"turns":6},{"damage":0,"enemies":"Gremlin Leader","floor":30,"turns":4},{"damage":0,"enemies":"Chosen and Byrds","floor":31,"turns":4},{"damage":12,"enemies":"Collector","floor":33,"turns":9},{"damage":14,"enemies":"Orb Walker","floor":35,"turns":3},{"damage":0,"enemies":"3 Shapes","floor":36,"turns":3},{"damage":0,"enemies":"Sphere and 2 Shapes","floor":45,"turns":5},{"damage":0,"enemies":"4 Shapes","floor":48,"turns":4},{"damage":81,"enemies":"Awakened One","floor":50,"turns":8}],"seed_played":"-7643571773036791940","potions_obtained":[{"floor":1,"key":"LiquidBronze"},{"floor":6,"key":"SkillPotion"},{"floor":8,"key":"Swift Potion"},{"floor":16,"key":"SpeedPotion"},{"floor":21,"key":"PowerPotion"},{"floor":30,"key":"Fire Potion"},{"floor":31,"key":"Explosive Potion"},{"floor":33,"key":"SteroidPotion"},{"floor":36,"key":"SteroidPotion"},{"floor":45,"key":"Explosive Potion"}],"is_trial":false,"path_per_floor":["M","M","$","M","M","E","R","E","T","M","$","R","M","?","R","B",null,"M","?","M","?","$","E","M","E","T","$","T","R","E","M","R","B",null,"M","M","?","?","?","?","R","T","T","R","M","$","R","M","R","B"],"character_chosen":"THE_SILENT","items_purchased":["HandOfGreed","Cloak And Dagger","Choke","AttackPotion","Medical Kit","Bag of Preparation","Infinite Blades+1","Cloak And Dagger+1","All Out Attack"],"campfire_rested":6,"item_purchase_floors":[11,22,27,27,46,46,46,46,46],"current_hp_per_floor":[70,68,68,64,55,33,33,25,25,25,25,25,25,11,32,22,70,70,70,58,58,58,52,43,6,6,6,6,27,37,37,37,25,80,66,66,56,46,46,46,70,70,70,80,80,80,80,80,80,0],"gold":95,"neow_bonus":"REMOVE_TWO","is_prod":false,"is_daily":false,"chose_seed":false,"campfire_upgraded":3,"win_rate":0,"timestamp":1541737443,"path_taken":["M","M","$","M","M","E","R","E","T","M","$","R","M","?","R","BOSS","M","?","M","?","$","E","M","E","T","$","?","R","E","M","R","BOSS","M","M","?","?","?","?","R","?","T","R","?","$","R","M","R","BOSS"],"build_version":"2018-11-07","purchased_purges":2,"victory":false,"max_hp_per_floor":[70,70,70,70,70,70,70,70,70,70,70,70,70,70,70,70,70,70,70,70,70,70,70,70,70,70,70,70,70,80,80,80,80,80,80,80,80,80,80,80,80,80,80,80,80,80,80,80,80,80],"card_choices":[{"not_picked":["Flying Knee","Slice"],"picked":"Crippling Poison","floor":1},{"not_picked":["Bane","Deflect"],"picked":"Quick Slash","floor":2},{"not_picked":["Sucker Punch","Skewer"],"picked":"Flying Knee","floor":4},{"not_picked":["Concentrate","Calculated Gamble"],"picked":"Cloak And Dagger","floor":5},{"not_picked":["Underhanded Strike","Acrobatics"],"picked":"Caltrops","floor":6},{"not_picked":["Prepared","Skewer"],"picked":"Flying Knee","floor":8},{"not_picked":["Prepared","Eviscerate"],"picked":"Dodge and Roll","floor":10},{"not_picked":["Backstab","Deadly Poison"],"picked":"Bullet Time","floor":13},{"not_picked":["Tools of the Trade","Bullet Time"],"picked":"Envenom","floor":16},{"not_picked":["Prepared","Sucker Punch"],"picked":"Setup+1","floor":18},{"not_picked":["Acrobatics","Slice"],"picked":"Accuracy","floor":20},{"not_picked":["Flechettes","Eviscerate"],"picked":"Expertise","floor":21},{"not_picked":["Tools of the Trade","Prepared"],"picked":"PiercingWail","floor":23},{"not_picked":["Sucker Punch","Escape Plan"],"picked":"Accuracy","floor":24},{"not_picked":["Blur","Finisher"],"picked":"Backflip","floor":25},{"not_picked":["Deadly Poison","Dagger Spray+1"],"picked":"Crippling Poison","floor":30},{"not_picked":["Sucker Punch","Prepared"],"picked":"Blade Dance","floor":31},{"not_picked":["Grand Finale","Phantasmal Killer"],"picked":"Adrenaline","floor":33},{"not_picked":["Underhanded Strike+1","Eviscerate+1"],"picked":"Cloak And Dagger+1","floor":35},{"not_picked":["Outmaneuver+1","Flying Knee+1"],"picked":"Backflip","floor":36},{"not_picked":["Swift Strike","Jack Of All Trades"],"picked":"Forethought","floor":38},{"not_picked":["Madness","Enlightenment"],"picked":"Master of Strategy","floor":38},{"not_picked":["Forethought","Metamorphosis"],"picked":"The Bomb","floor":38},{"not_picked":["Dodge and Roll+1","Bane+1"],"picked":"Predator+1","floor":45},{"not_picked":["Accuracy+1","Deadly Poison+1"],"picked":"PiercingWail+1","floor":48}],"player_experience":105040,"relics_obtained":[{"floor":6,"key":"Bottled Flame"},{"floor":8,"key":"FossilizedHelix"},{"floor":9,"key":"Kunai"},{"floor":21,"key":"Red Mask"},{"floor":23,"key":"Art of War"},{"floor":25,"key":"Ancient Tea Set"},{"floor":26,"key":"Frozen Egg 2"},{"floor":28,"key":"Smiling Mask"},{"floor":30,"key":"Pear"},{"floor":42,"key":"Toxic Egg 2"},{"floor":43,"key":"Blue Candle"}],"event_choices":[{"damage_healed":0,"gold_gain":0,"player_choice":"Entered Light","damage_taken":14,"max_hp_gain":0,"max_hp_loss":0,"event_name":"Shining Light","floor":14,"gold_loss":0,"cards_upgraded":["Strike_G","Cloak And Dagger"]},{"cards_removed":["Strike_G"],"damage_healed":0,"gold_gain":0,"player_choice":"Gave Gold","damage_taken":0,"max_hp_gain":0,"max_hp_loss":0,"event_name":"Beggar","floor":19,"gold_loss":75},{"damage_healed":0,"gold_gain":0,"player_choice":"Fought Bandits","damage_taken":0,"max_hp_gain":0,"max_hp_loss":0,"event_name":"Masked Bandits","floor":21,"gold_loss":0},{"damage_healed":0,"gold_gain":0,"player_choice":"Embrace Madness","damage_taken":10,"max_hp_gain":0,"max_hp_loss":0,"event_name":"Winding Halls","floor":37,"gold_loss":0,"cards_obtained":["Madness","Madness"]},{"damage_healed":0,"gold_gain":0,"player_choice":"Memory 3","damage_taken":10,"max_hp_gain":0,"max_hp_loss":0,"event_name":"SensoryStone","floor":38,"gold_loss":0},{"cards_removed":["Accuracy"],"damage_healed":0,"gold_gain":0,"player_choice":"Removed Power","damage_taken":0,"max_hp_gain":0,"max_hp_loss":0,"event_name":"Falling","floor":39,"gold_loss":0},{"damage_healed":0,"gold_gain":222,"player_choice":"Wore Mask","damage_taken":0,"max_hp_gain":0,"max_hp_loss":0,"event_name":"Tomb of Lord Red Mask","floor":40,"gold_loss":0}],"is_beta":true,"boss_relics":[{"not_picked":["White Beast Statue","Velvet Choker"],"picked":"Snecko Eye"},{"not_picked":["Astrolabe","Runic Dome"],"picked":"Fusion Hammer"}],"items_purged_floors":[22,46],"is_endless":false,"potions_floor_spawned":[1,6,8,16,21,30,31,33,36,45],"killed_by":"Awakened One","ascension_level":2}