{"gold_per_floor":[113,33,46,1,1,1,26,26,26,26,41,41,75,92,92,193,193,207,219,230,230,25,25,57,57,111,111],"floor_reached":27,"playtime":811,"items_purged":[],"score":301,"play_id":"1fdb551d-9368-41e8-8394-c78f0fba14a9","local_time":"20190307024112","is_ascension_mode":true,"campfire_choices":[{"data":"Self Repair","floor":6,"key":"SMITH"},{"data":"Cold Snap","floor":8,"key":"SMITH"},{"data":"Coolheaded","floor":10,"key":"SMITH"},{"data":"Zap","floor":15,"key":"SMITH"},{"floor":23,"key":"REST"}],"neow_cost":"NONE","seed_source_timestamp":124950952464181,"circlet_count":0,"master_deck":["Strike_B","Defend_B+1","Defend_B","Defend_B","Defend_B","Zap+1","Dualcast","Cold Snap+1","Melter","Self Repair+1","Sweeping Beam","Gash","Coolheaded+1","Streamline","Core Surge","Gash","Gash","BootSequence+1","Redo+1","Gash","Defragment+1","Bandage Up"],"relics":["Cracked Core","Pear","DataDisk","Letter Opener","Strawberry","Empty Cage","War Paint"],"potions_floor_usage":[13,18],"damage_taken":[{"damage":3,"enemies":"Small Slimes","floor":1,"turns":3},{"damage":4,"enemies":"Jaw Worm","floor":3,"turns":3},{"damage":38,"enemies":"3 Sentries","floor":7,"turns":8},{"damage":0,"enemies":"Cultist","floor":11,"turns":3},{"damage":14,"enemies":"Gremlin Nob","floor":13,"turns":4},{"damage":12,"enemies":"Gremlin Gang","floor":14,"turns":3},{"damage":13,"enemies":"Slime Boss","floor":16,"turns":9},{"damage":5,"enemies":"Chosen","floor":18,"turns":4},{"damage":31,"enemies":"Shell Parasite","floor":19,"turns":4},{"damage":29,"enemies":"Shelled Parasite and Fungi","floor":20,"turns":4},{"damage":54,"enemies":"Gremlin Leader","floor":24,"turns":6},{"damage":23,"enemies":"Slavers","floor":27,"turns":2}],"seed_played":"4737883001244461571","potions_obtained":[{"floor":1,"key":"Dexterity Potion"},{"floor":3,"key":"Weak Potion"},{"floor":13,"key":"LiquidBronze"},{"floor":24,"key":"Dexterity Potion"}],"is_trial":false,"path_per_floor":["M","$","M","$","?","R","E","R","T","R","M","?","E","M","R","B",null,"M","M","M","?","$","R","E","?","T","E"],"character_chosen":"DEFECT","items_purchased":["Self Repair","Gash","Gash","Defragment","Bandage Up"],"campfire_rested":1,"item_purchase_floors":[2,4,22,22,22],"current_hp_per_floor":[72,72,75,75,78,78,50,50,50,50,60,60,63,61,61,58,92,92,71,52,34,34,63,23,23,23,0],"gold":111,"neow_bonus":"THREE_CARDS","is_prod":false,"is_daily":false,"chose_seed":false,"campfire_upgraded":4,"win_rate":0,"timestamp":1551955272,"path_taken":["M","$","M","$","?","R","E","R","T","R","M","?","E","?","R","BOSS","M","M","?","?","$","R","E","?","T","E"],"build_version":"2019-01-23","purchased_purges":0,"victory":false,"max_hp_per_floor":[75,75,75,75,85,85,85,85,85,85,85,85,92,92,92,92,92,92,92,92,97,97,97,97,97,97,97],"card_choices":[{"not_picked":["Go for the Eyes","Scrape"],"picked":"Cold Snap","floor":0},{"not_picked":["Sweeping Beam","Leap"],"picked":"Melter","floor":1},{"not_picked":["Stack","Doom and Gloom"],"picked":"Sweeping Beam","floor":3},{"not_picked":["White Noise","Leap"],"picked":"Coolheaded","floor":7},{"not_picked":["Go for the Eyes","Melter"],"picked":"Streamline","floor":11},{"not_picked":["Go for the Eyes","Skim","Reboot"],"picked":"SKIP","floor":13},{"not_picked":["Consume","FTL"],"picked":"Gash","floor":14},{"not_picked":["Barrage","Reprogram"],"picked":"Gash","floor":18},{"not_picked":["Hologram","Rebound"],"picked":"BootSequence+1","floor":19},{"not_picked":["Conserve Battery","Chaos"],"picked":"Redo","floor":20},{"not_picked":["Rebound+1","Sweeping Beam","Hologram"],"picked":"SKIP","floor":24}],"player_experience":315625,"relics_obtained":[{"floor":7,"key":"DataDisk"},{"floor":9,"key":"Letter Opener"},{"floor":13,"key":"Strawberry"},{"floor":24,"key":"War Paint"}],"event_choices":[{"damage_healed":0,"gold_gain":0,"player_choice":"Success","damage_taken":7,"relics_obtained":["Pear"],"max_hp_gain":0,"max_hp_loss":0,"event_name":"Scrap Ooze","floor":5,"gold_loss":0},{"damage_healed":0,"gold_gain":0,"cards_transformed":["Strike_B"],"player_choice":"Transformed","damage_taken":0,"max_hp_gain":0,"max_hp_loss":0,"event_name":"Transmorgrifier","floor":12,"gold_loss":0,"cards_obtained":["Core Surge"]},{"damage_healed":0,"gold_gain":0,"player_choice":"Shed Blood","damage_taken":23,"max_hp_gain":5,"max_hp_loss":0,"event_name":"Forgotten Altar","floor":21,"gold_loss":0},{"damage_healed":0,"gold_gain":0,"player_choice":"Forge","damage_taken":0,"max_hp_gain":0,"max_hp_loss":0,"event_name":"Accursed Blacksmith","floor":25,"gold_loss":0,"cards_upgraded":["Defragment"]}],"is_beta":false,"boss_relics":[{"not_picked":["Philosopher\u0027s Stone","Snecko Eye"],"picked":"Empty Cage"}],"items_purged_floors":[],"is_endless":false,"potions_floor_spawned":[1,3,13,24],"killed_by":"Slavers","ascension_level":1}