{"gold_per_floor":[117,137,117,129,148,148,180,180,180,191,209,209,226,254,254,330,330,345,19,37,55,55,55,55,55,55,55,55,55,55],"floor_reached":30,"playtime":1177,"items_purged":["Regret"],"score":529,"play_id":"119fce56-4370-4cc8-9e8e-a704ffc84ad6","local_time":"20181101213036","is_ascension_mode":true,"campfire_choices":[{"data":"Zap","floor":6.0,"key":"SMITH"},{"data":"Undo","floor":8.0,"key":"SMITH"},{"data":"Go for the Eyes","floor":15.0,"key":"SMITH"},{"data":"Capacitor","floor":23.0,"key":"SMITH"},{"floor":25.0,"key":"REST"},{"floor":27.0,"key":"REST"},{"data":"Defragment","floor":29.0,"key":"SMITH"}],"neow_cost":"NONE","seed_source_timestamp":216772139764884,"circlet_count":0,"master_deck":["AscendersBane","Strike_B","Strike_B","Strike_B","Defend_B","Defend_B","Defend_B","Defend_B","Zap+1","Dualcast","Steam","Ball Lightning","Steam","Coolheaded","Undo+1","Sweeping Beam","Go for the Eyes+1","Glacier","Seek","Doubt","Writhe","Hologram","Capacitor+1","Hologram+1","Genetic Algorithm+1","Shame","Defragment+1"],"special_seed":0,"relics":["Cracked Core","Dodecahedron","Ginger","Incense Burner","Calling Bell","Happy Flower","Symbiotic Virus","Emotion Chip","Lantern","Pear","Oddly Smooth Stone"],"potions_floor_usage":[30],"damage_taken":[{"damage":7.0,"enemies":"Small Slimes","floor":1.0,"turns":3.0},{"damage":0.0,"enemies":"Cultist","floor":2.0,"turns":3.0},{"damage":0.0,"enemies":"2 Louse","floor":4.0,"turns":3.0},{"damage":11.0,"enemies":"Gremlin Gang","floor":5.0,"turns":6.0},{"damage":0.0,"enemies":"Lagavulin","floor":7.0,"turns":6.0},{"damage":0.0,"enemies":"3 Louse","floor":10.0,"turns":4.0},{"damage":1.0,"enemies":"Large Slime","floor":11.0,"turns":6.0},{"damage":1.0,"enemies":"2 Fungi Beasts","floor":13.0,"turns":3.0},{"damage":18.0,"enemies":"Gremlin Nob","floor":14.0,"turns":4.0},{"damage":18.0,"enemies":"The Guardian","floor":16.0,"turns":16.0},{"damage":1.0,"enemies":"Spheric Guardian","floor":18.0,"turns":4.0},{"damage":17.0,"enemies":"2 Thieves","floor":20.0,"turns":4.0},{"damage":30.0,"enemies":"3 Cultists","floor":21.0,"turns":6.0},{"damage":68,"enemies":"Gremlin Leader","floor":30,"turns":7}],"seed_played":"9001650762245031097","potions_obtained":[{"floor":2.0,"key":"FocusPotion"},{"floor":3.0,"key":"GamblersBrew"},{"floor":11.0,"key":"GamblersBrew"},{"floor":13.0,"key":"Explosive Potion"},{"floor":21.0,"key":"SpeedPotion"}],"is_trial":false,"path_per_floor":["M","M","?","M","M","R","E","R","T","M","M","?","M","E","R","B",null,"M","$","M","M","?","R","?","R","T","R","?","R","E"],"character_chosen":"DEFECT","items_purchased":["Lantern","Capacitor"],"campfire_rested":2,"item_purchase_floors":[19,19],"current_hp_per_floor":[57,57,57,57,46,46,46,46,46,46,45,81,80,62,62,44,72,71,71,54,24,34,34,7,35,35,63,63,63,0],"gold":55,"neow_bonus":"TRANSFORM_CARD","is_prod":false,"is_daily":false,"chose_seed":false,"campfire_upgraded":5,"win_rate":0,"timestamp":1541122236,"path_taken":["M","M","?","M","M","R","E","R","T","M","?","?","?","E","R","BOSS","M","$","M","M","?","R","?","R","T","R","?","R","E"],"build_version":"2018-11-01","purchased_purges":1,"victory":false,"max_hp_per_floor":[71,71,71,71,71,71,71,71,71,71,71,81,81,81,81,81,81,81,81,81,81,91,91,96,96,96,96,96,96,96],"card_choices":[{"not_picked":["Turbo","Heatsinks"],"picked":"Steam","floor":1.0},{"not_picked":["FTL","Blizzard"],"picked":"Ball Lightning","floor":2.0},{"not_picked":["Fusion","Coolheaded"],"picked":"Steam","floor":4.0},{"not_picked":["Leap","Chaos"],"picked":"Coolheaded","floor":5.0},{"not_picked":["Gash","Steam Power"],"picked":"Undo","floor":7.0},{"not_picked":["Gash","Darkness","Blizzard"],"picked":"SKIP","floor":10.0},{"not_picked":["Compile Driver","Doom and Gloom"],"picked":"Sweeping Beam","floor":11.0},{"not_picked":["Leap","Compile Driver"],"picked":"Go for the Eyes","floor":13.0},{"not_picked":["Skim","Compile Driver"],"picked":"Glacier","floor":14.0},{"not_picked":["Reboot","Fission"],"picked":"Seek","floor":16.0},{"not_picked":["Fusion+1","Turbo"],"picked":"Hologram","floor":18.0},{"not_picked":["Ball Lightning","Leap"],"picked":"Hologram+1","floor":20.0},{"not_picked":["Static Discharge","Cold Snap"],"picked":"Genetic Algorithm+1","floor":21.0}],"player_experience":807158,"relics_obtained":[{"floor":7.0,"key":"Dodecahedron"},{"floor":9.0,"key":"Ginger"},{"floor":14.0,"key":"Incense Burner"},{"floor":17.0,"key":"Happy Flower"},{"floor":17.0,"key":"Symbiotic Virus"},{"floor":17.0,"key":"Emotion Chip"},{"floor":26.0,"key":"Oddly Smooth Stone"}],"event_choices":[{"damage_healed":0.0,"max_hp_gain":0.0,"max_hp_loss":0.0,"gold_gain":0.0,"event_name":"The Woman in Blue","player_choice":"Bought 1 Potion","floor":3.0,"gold_loss":0.0,"damage_taken":0.0},{"cards_removed":["Machine Learning"],"damage_healed":26.0,"max_hp_gain":10.0,"max_hp_loss":0.0,"gold_gain":0.0,"event_name":"Bonfire Elementals","player_choice":"Offered Rare","floor":12.0,"gold_loss":0.0,"damage_taken":0.0},{"damage_healed":0.0,"max_hp_gain":0.0,"max_hp_loss":0.0,"gold_gain":0.0,"event_name":"Addict","player_choice":"Stole Relic","floor":22.0,"gold_loss":0.0,"damage_taken":0.0,"relics_obtained":["Pear"],"cards_obtained":["Shame"]},{"damage_healed":0.0,"max_hp_gain":5.0,"max_hp_loss":0.0,"gold_gain":0.0,"event_name":"Forgotten Altar","player_choice":"Shed Blood","floor":24.0,"gold_loss":0.0,"damage_taken":32.0},{"damage_healed":0.0,"max_hp_gain":0.0,"max_hp_loss":0.0,"gold_gain":0.0,"event_name":"The Library","player_choice":"Read","floor":28.0,"gold_loss":0.0,"damage_taken":0.0,"cards_obtained":["Defragment"]}],"is_beta":true,"boss_relics":[{"not_picked":["Sozu","Nuclear Battery"],"picked":"Calling Bell"}],"items_purged_floors":[19],"is_endless":false,"potions_floor_spawned":[2,4,11,13,21],"killed_by":"Gremlin Leader","ascension_level":18}