{"gold_per_floor":[119,119,136,136,211,211,235,235,235,251,278,309,91,114,114,204,204,220,12,31,81,95,95,129,162,174,186,212,224,250,262],"floor_reached":31,"playtime":1261,"items_purged":["Strike_B","Strike_B"],"score":564,"play_id":"1a78cf5e-216c-415e-8783-8cd640d61f9f","local_time":"20181019092408","is_ascension_mode":true,"campfire_choices":[{"data":"Zap","floor":6.0,"key":"SMITH"},{"floor":8.0,"key":"REST"},{"data":"Defragment","floor":15.0,"key":"SMITH"},{"floor":23,"key":"REST"},{"data":"Loop","floor":27,"key":"SMITH"}],"neow_cost":"NONE","seed_source_timestamp":656998686283957,"circlet_count":0,"master_deck":["Defend_B","Defend_B","Defend_B","Defend_B","Zap+1","Dualcast+1","AscendersBane","Cold Snap+1","Compile Driver","Melter","Undo","Auto Shields","Defragment+1","Conserve Battery","Loop+1","Cold Snap+1","Meteor Strike","Cold Snap+1","All For One","Glacier","Conserve Battery","Genetic Algorithm","Chaos","Go for the Eyes+1"],"special_seed":0,"relics":["Cracked Core","Ancient Tea Set","Golden Idol","The Courier","Bag of Marbles","Boot","Snecko Eye","MawBank","Bottled Tornado"],"potions_floor_usage":[24,31,31,31],"damage_taken":[{"damage":4.0,"enemies":"Jaw Worm","floor":1.0,"turns":4.0},{"damage":16.0,"enemies":"Small Slimes","floor":3.0,"turns":3.0},{"damage":0.0,"enemies":"2 Louse","floor":7.0,"turns":2.0},{"damage":0.0,"enemies":"Looter","floor":10.0,"turns":2.0},{"damage":4.0,"enemies":"Gremlin Nob","floor":12.0,"turns":3.0},{"damage":0.0,"enemies":"3 Louse","floor":14.0,"turns":3.0},{"damage":21.0,"enemies":"The Guardian","floor":16.0,"turns":12.0},{"damage":0.0,"enemies":"Spheric Guardian","floor":18.0,"turns":3.0},{"damage":3.0,"enemies":"Shell Parasite","floor":20.0,"turns":4.0},{"damage":24,"enemies":"Centurion and Healer","floor":22,"turns":7},{"damage":0,"enemies":"Slavers","floor":24,"turns":4},{"damage":3,"enemies":"Snecko","floor":25,"turns":6},{"damage":0,"enemies":"3 Cultists","floor":28,"turns":3},{"damage":23,"enemies":"Snake Plant","floor":30,"turns":3},{"damage":0,"enemies":"Centurion and Healer","floor":31,"turns":1}],"seed_played":"8074837950225021462","potions_obtained":[{"floor":10.0,"key":"FocusPotion"},{"floor":16.0,"key":"AttackPotion"},{"floor":18.0,"key":"Fire Potion"},{"floor":24,"key":"EntropicBrew"}],"is_trial":false,"path_per_floor":["M","?","M","?","?","R","M","R","T","M","T","E","$","M","R","B",null,"M","$","M","?","M","R","E","M","T","R","M","?","M"],"character_chosen":"DEFECT","items_purchased":["Defragment","Fire Potion","Conserve Battery","Meteor Strike"],"campfire_rested":2,"item_purchase_floors":[13,13,13,19],"current_hp_per_floor":[60,39,23,23,12,12,12,31,31,31,31,27,27,27,27,6,50,50,50,47,47,23,42,42,39,39,39,39,39,16,16],"gold":262,"neow_bonus":"RANDOM_COMMON_RELIC","is_prod":false,"is_daily":false,"chose_seed":false,"campfire_upgraded":3,"win_rate":0,"timestamp":1539955448,"path_taken":["M","?","M","?","?","R","M","R","T","M","?","E","$","M","R","BOSS","M","$","?","?","M","R","E","M","T","R","M","?","M","M"],"build_version":"2018-10-18","purchased_purges":2,"victory":false,"max_hp_per_floor":[71,71,71,64,64,64,64,64,64,64,64,64,64,64,64,64,64,64,64,64,64,64,64,64,64,64,64,64,64,64,64],"card_choices":[{"not_picked":["Compile Driver","Coolheaded"],"picked":"Cold Snap","floor":1.0},{"not_picked":["Recycle","Scrape"],"picked":"Compile Driver","floor":3.0},{"not_picked":["Gash","Stack"],"picked":"Melter","floor":7.0},{"not_picked":["Coolheaded","Multi-Cast"],"picked":"Undo","floor":10.0},{"not_picked":["BootSequence","Capacitor"],"picked":"Auto Shields","floor":12.0},{"not_picked":["Beam Cell","Rip and Tear"],"picked":"Loop","floor":14.0},{"not_picked":["Gash","Turbo"],"picked":"Cold Snap+1","floor":18.0},{"not_picked":["Hologram","Compile Driver"],"picked":"Cold Snap+1","floor":20.0},{"not_picked":["Recycle","Doom and Gloom"],"picked":"All For One","floor":22},{"not_picked":["Go for the Eyes+1","Hologram"],"picked":"Glacier","floor":24},{"not_picked":["Scrape","Stack"],"picked":"Conserve Battery","floor":25},{"not_picked":["Barrage+1","Chill+1","Blizzard+1"],"picked":"SKIP","floor":28},{"not_picked":["Barrage+1","Chill+1","Blizzard+1"],"picked":"SKIP","floor":28},{"not_picked":["Hologram","Steam"],"picked":"Go for the Eyes+1","floor":30}],"player_experience":982937,"relics_obtained":[{"floor":9.0,"key":"The Courier"},{"floor":11.0,"key":"Bag of Marbles"},{"floor":12.0,"key":"Boot"},{"floor":24,"key":"MawBank"},{"floor":26,"key":"Bottled Tornado"}],"event_choices":[{"damage_healed":0.0,"max_hp_gain":0.0,"max_hp_loss":0.0,"gold_gain":0.0,"event_name":"Shining Light","player_choice":"Entered Light","floor":2.0,"gold_loss":0.0,"damage_taken":21.0,"cards_upgraded":["Cold Snap","Dualcast"]},{"damage_healed":0.0,"max_hp_gain":0.0,"max_hp_loss":7.0,"gold_gain":0.0,"event_name":"Golden Idol","player_choice":"Lose Max HP","floor":4.0,"gold_loss":0.0,"damage_taken":0.0,"relics_obtained":["Golden Idol"]},{"damage_healed":0.0,"max_hp_gain":0.0,"max_hp_loss":0.0,"gold_gain":75.0,"event_name":"World of Goop","player_choice":"Gather Gold","floor":5.0,"gold_loss":0.0,"damage_taken":11.0},{"damage_healed":0.0,"max_hp_gain":0.0,"max_hp_loss":0.0,"gold_gain":50.0,"event_name":"Nest","player_choice":"Stole From Cult","floor":21.0,"gold_loss":0.0,"damage_taken":0.0},{"damage_healed":0,"gold_gain":0,"cards_transformed":["Strike_B","Strike_B"],"player_choice":"Became Test Subject","damage_taken":0,"max_hp_gain":0,"max_hp_loss":0,"event_name":"Drug Dealer","floor":29,"gold_loss":0,"cards_obtained":["Genetic Algorithm","Chaos"]}],"is_beta":false,"boss_relics":[{"not_picked":["Eternal Feather","Tiny House"],"picked":"Snecko Eye"}],"items_purged_floors":[13,19],"is_endless":false,"potions_floor_spawned":[10,16,18,24],"killed_by":"Centurion and Healer","ascension_level":20}