{"gold_per_floor":[211,67,82,82,92,92,92,92,92,125,125,145,178,10,10,111,111,125,11,11,11,26,26,61,61,88,29,29,29,41,58,58,157,157,177,177,177,189,202,202,222,222,222,0,0,0,10,28,28,28],"floor_reached":51,"playtime":2557,"items_purged":["Strike_B"],"score":1177,"play_id":"ecf4625f-3418-4a0b-b97d-8b916cb42cfa","local_time":"20190101012442","is_ascension_mode":true,"campfire_choices":[{"data":"Sunder","floor":6.0,"key":"SMITH"},{"data":"Zap","floor":8.0,"key":"SMITH"},{"floor":11.0,"key":"REST"},{"data":"Defragment","floor":15.0,"key":"SMITH"},{"data":"Fission","floor":23.0,"key":"SMITH"},{"data":"Panacea","floor":25.0,"key":"SMITH"},{"floor":29.0,"key":"REST"},{"floor":32.0,"key":"REST"},{"data":"Coolheaded","floor":40.0,"key":"SMITH"},{"data":"Coolheaded","floor":42.0,"key":"SMITH"},{"data":"Seek","floor":46.0,"key":"SMITH"},{"floor":49,"key":"REST"}],"neow_cost":"NONE","seed_source_timestamp":0,"circlet_count":0,"master_deck":["AscendersBane","Strike_B","Strike_B","Strike_B","Defend_B","Defend_B","Defend_B","Defend_B","Zap+1","Dualcast","BootSequence","Sunder+1","Biased Cognition","Tempest","Defragment+1","Panacea+1","Capacitor","Coolheaded+1","Fission+1","Shame","Double Energy","Chill","Meteor Strike","Capacitor","Electrodynamics","Double Energy+1","Fusion","Tempest","Apotheosis","Panacea","Parasite","Coolheaded+1","Conserve Battery","Seek+1","Coolheaded","Thunder Strike","Loop+1"],"special_seed":0,"relics":["Cracked Core","Bag of Marbles","Happy Flower","The Courier","Ice Cream","Sozu","Orichalcum","Blue Candle","Strawberry","Bronze Scales","Orrery","Gremlin Horn","Red Mask"],"potions_floor_usage":[],"damage_taken":[{"damage":8.0,"enemies":"Jaw Worm","floor":1.0,"turns":4.0},{"damage":0.0,"enemies":"Cultist","floor":3.0,"turns":4.0},{"damage":0.0,"enemies":"Small Slimes","floor":5.0,"turns":3.0},{"damage":20.0,"enemies":"Lagavulin","floor":10.0,"turns":5.0},{"damage":0.0,"enemies":"Exordium Thugs","floor":12.0,"turns":2.0},{"damage":18.0,"enemies":"Gremlin Nob","floor":13.0,"turns":3.0},{"damage":0.0,"enemies":"Slime Boss","floor":16.0,"turns":7.0},{"damage":0.0,"enemies":"Spheric Guardian","floor":18.0,"turns":2.0},{"damage":15.0,"enemies":"2 Thieves","floor":22.0,"turns":4.0},{"damage":12.0,"enemies":"Gremlin Leader","floor":24.0,"turns":5.0},{"damage":25.0,"enemies":"Centurion and Healer","floor":30.0,"turns":6.0},{"damage":14.0,"enemies":"Snake Plant","floor":31.0,"turns":2.0},{"damage":8.0,"enemies":"Champ","floor":33.0,"turns":7.0},{"damage":1.0,"enemies":"3 Shapes","floor":35.0,"turns":2.0},{"damage":9.0,"enemies":"Orb Walker","floor":38.0,"turns":3.0},{"damage":0.0,"enemies":"Writhing Mass","floor":39.0,"turns":3.0},{"damage":2.0,"enemies":"Jaw Worm Horde","floor":41.0,"turns":2.0},{"damage":14,"enemies":"4 Shapes","floor":47,"turns":5},{"damage":0,"enemies":"Sphere and 2 Shapes","floor":48,"turns":2},{"damage":37,"enemies":"Donu and Deca","floor":50,"turns":5}],"seed_played":"-3263876109376304622","potions_obtained":[{"floor":1.0,"key":"LiquidBronze"},{"floor":4.0,"key":"Fruit Juice"},{"floor":4.0,"key":"Fruit Juice"},{"floor":4.0,"key":"Ancient Potion"},{"floor":10.0,"key":"Swift Potion"}],"is_trial":false,"path_per_floor":["M","$","M","?","M","R","?","R","T","E","R","M","E","$","R","B",null,"M","$","?","?","M","M","R","E","R","T","$","?","R","M","M","R","B",null,"M","?","?","M","M","R","M","R","T","?","?","R","M","M","R","B",null],"character_chosen":"DEFECT","items_purchased":["Sunder","Panacea","Capacitor","Coolheaded","Orichalcum","Capacitor"],"campfire_rested":4,"item_purchase_floors":[2,14,14,14,19,27],"current_hp_per_floor":[60,60,60,70,70,70,70,70,70,50,75,75,57,57,57,57,78,78,78,78,78,63,63,58,58,58,58,40,69,44,30,59,51,86,85,75,75,66,66,66,64,64,64,64,64,64,50,50,77,40],"gold":28,"neow_bonus":"HUNDRED_GOLD","is_prod":false,"is_daily":false,"chose_seed":false,"campfire_upgraded":8,"win_rate":0,"timestamp":1546323882,"path_taken":["M","$","M","?","?","R","?","R","T","E","R","?","E","?","R","BOSS","M","$","?","?","M","R","E","R","T","$","?","R","M","M","R","BOSS","M","?","?","M","M","R","M","R","T","?","?","R","?","M","R","BOSS"],"build_version":"2018-12-20","purchased_purges":1,"victory":true,"max_hp_per_floor":[75,75,75,85,85,85,85,85,85,85,85,85,85,85,85,85,85,85,85,85,85,85,85,92,92,92,92,97,97,97,97,97,97,97,97,97,92,92,92,92,92,92,92,92,92,92,92,92,92,92],"card_choices":[{"not_picked":["Cold Snap","Ball Lightning"],"picked":"BootSequence","floor":1.0},{"not_picked":["Redo","Leap","Darkness"],"picked":"SKIP","floor":3.0},{"not_picked":["BootSequence","Leap","Turbo"],"picked":"SKIP","floor":5.0},{"not_picked":["Aggregate","Sweeping Beam"],"picked":"Biased Cognition","floor":10.0},{"not_picked":["Gash","Compile Driver"],"picked":"Tempest","floor":12.0},{"not_picked":["Streamline","Aggregate"],"picked":"Defragment","floor":13.0},{"not_picked":["Amplify","Machine Learning"],"picked":"Fission","floor":16.0},{"not_picked":["Redo","Compile Driver","Beam Cell"],"picked":"SKIP","floor":18.0},{"not_picked":["Barrage","Conserve Battery"],"picked":"Chill","floor":22.0},{"not_picked":["Core Surge","Rebound+1"],"picked":"Meteor Strike","floor":24.0},{"not_picked":["Cold Snap","Leap","Heatsinks"],"picked":"SKIP","floor":30.0},{"not_picked":["Ball Lightning","Scrape","Storm"],"picked":"SKIP","floor":31.0},{"not_picked":["Core Surge","Reboot"],"picked":"Electrodynamics","floor":33.0},{"not_picked":["Cold Snap","Conserve Battery"],"picked":"Double Energy+1","floor":34.0},{"not_picked":["Static Discharge","Stack+1"],"picked":"Fusion","floor":34.0},{"not_picked":["Turbo+1","Rebound"],"picked":"Tempest","floor":34.0},{"not_picked":["BootSequence","Self Repair","Recycle"],"picked":"SKIP","floor":35.0},{"not_picked":["Madness","Finesse"],"picked":"Apotheosis","floor":36.0},{"not_picked":["Good Instincts","Swift Strike"],"picked":"Panacea","floor":36.0},{"not_picked":["Static Discharge+1","Genetic Algorithm+1","Go for the Eyes"],"picked":"SKIP","floor":38.0},{"not_picked":["Auto Shields","Force Field"],"picked":"Coolheaded","floor":39.0},{"not_picked":["Sweeping Beam+1","Go for the Eyes"],"picked":"Conserve Battery","floor":41.0},{"not_picked":["Barrage","Melter"],"picked":"Thunder Strike","floor":47},{"not_picked":["Streamline+1","Melter"],"picked":"Loop+1","floor":48}],"player_experience":380038,"relics_obtained":[{"floor":9.0,"key":"Happy Flower"},{"floor":10.0,"key":"The Courier"},{"floor":13.0,"key":"Ice Cream"},{"floor":24.0,"key":"Strawberry"},{"floor":26.0,"key":"Bronze Scales"},{"floor":43.0,"key":"Gremlin Horn"}],"event_choices":[{"damage_healed":0.0,"max_hp_gain":0.0,"max_hp_loss":0.0,"gold_gain":0.0,"event_name":"Lab","player_choice":"Got Potions","floor":4.0,"gold_loss":0.0,"damage_taken":0.0},{"damage_healed":0.0,"max_hp_gain":0.0,"max_hp_loss":0.0,"gold_gain":0.0,"event_name":"WeMeetAgain","player_choice":"Gave Potion","floor":7.0,"gold_loss":0.0,"damage_taken":0.0,"relics_obtained":["Bag of Marbles"]},{"damage_healed":0.0,"max_hp_gain":0.0,"max_hp_loss":0.0,"gold_gain":0.0,"event_name":"Addict","player_choice":"Stole Relic","floor":20.0,"gold_loss":0.0,"damage_taken":0.0,"relics_obtained":["Blue Candle"],"cards_obtained":["Shame"]},{"damage_healed":0.0,"max_hp_gain":0.0,"max_hp_loss":0.0,"gold_gain":0.0,"event_name":"The Library","player_choice":"Read","floor":21.0,"gold_loss":0.0,"damage_taken":0.0,"cards_obtained":["Double Energy"]},{"damage_healed":0.0,"max_hp_gain":5.0,"max_hp_loss":0.0,"gold_gain":0.0,"event_name":"Forgotten Altar","player_choice":"Shed Blood","floor":28.0,"gold_loss":0.0,"damage_taken":23.0},{"damage_healed":0.0,"max_hp_gain":0.0,"max_hp_loss":0.0,"gold_gain":0.0,"event_name":"SensoryStone","player_choice":"Memory 3","floor":36.0,"gold_loss":0.0,"damage_taken":10.0},{"damage_healed":0.0,"max_hp_gain":0.0,"max_hp_loss":5.0,"gold_gain":0.0,"event_name":"Winding Halls","player_choice":"Max HP","floor":37.0,"gold_loss":0.0,"damage_taken":0.0},{"damage_healed":0.0,"max_hp_gain":0.0,"max_hp_loss":0.0,"gold_gain":0.0,"event_name":"Tomb of Lord Red Mask","player_choice":"Paid","floor":44.0,"gold_loss":222.0,"damage_taken":0.0,"relics_obtained":["Red Mask"]},{"damage_healed":0.0,"max_hp_gain":0.0,"max_hp_loss":0.0,"gold_gain":0.0,"event_name":"Match and Keep!","player_choice":"2 cards matched","floor":45.0,"gold_loss":0.0,"damage_taken":0.0,"cards_obtained":["Seek","Coolheaded"]}],"is_beta":false,"boss_relics":[{"not_picked":["Lizard Tail","Philosopher\u0027s Stone"],"picked":"Sozu"},{"not_picked":["Runic Pyramid","Runic Dome"],"picked":"Orrery"}],"items_purged_floors":[2],"is_endless":false,"potions_floor_spawned":[1,10,12,24,35,38,48],"ascension_level":12}