{"gold_per_floor":[118,133,147,147,147,147,190,206,206,206,239,239,263,263,263,358,358,381,162,182,382,400,400,441,466,466,466,466,466,484,503,503,599,599,622,622,622,642,406,406,421,460,513,549,549],"floor_reached":45,"playtime":2901,"items_purged":["Strike_B"],"score":1056,"play_id":"d809804c-e220-4563-9e34-2283a68018f4","local_time":"20190216125554","is_ascension_mode":true,"campfire_choices":[{"data":"Static Discharge","floor":6.0,"key":"SMITH"},{"floor":10.0,"key":"REST"},{"data":"Lockon","floor":12.0,"key":"SMITH"},{"data":"Zap","floor":15.0,"key":"SMITH"},{"floor":23.0,"key":"REST"},{"floor":27.0,"key":"REST"},{"data":"Hologram","floor":29.0,"key":"SMITH"},{"floor":32.0,"key":"REST"},{"floor":40,"key":"REST"}],"neow_cost":"CURSE","seed_source_timestamp":239657039356291,"circlet_count":0,"master_deck":["AscendersBane","Strike_B","Strike_B","Strike_B","Defend_B","Defend_B","Defend_B","Defend_B","Zap+1","Dualcast","BootSequence","Hologram","Static Discharge+1","Lockon+1","Hologram+1","Compile Driver","Leap","Creative AI","Darkness+1","Sunder+1","Creative AI","Hologram+1","Rebound+1","Thunder Strike","Echo Form","Fusion","Coolheaded+1","Hologram+1","Genetic Algorithm"],"special_seed":0,"relics":["Cracked Core","Pocketwatch","Golden Idol","DataDisk","Omamori","Matryoshka","Vajra","Snecko Eye","Runic Capacitor","Cables","Regal Pillow","Darkstone Periapt","Fusion Hammer","PreservedInsect","Dodecahedron","Happy Flower","Art of War"],"potions_floor_usage":[33,33],"damage_taken":[{"damage":10.0,"enemies":"Jaw Worm","floor":1.0,"turns":3.0},{"damage":8.0,"enemies":"Small Slimes","floor":2.0,"turns":4.0},{"damage":5.0,"enemies":"Cultist","floor":3.0,"turns":4.0},{"damage":10.0,"enemies":"Lagavulin","floor":7.0,"turns":6.0},{"damage":3.0,"enemies":"Blue Slaver","floor":8.0,"turns":3.0},{"damage":4.0,"enemies":"Gremlin Nob","floor":11.0,"turns":3.0},{"damage":13.0,"enemies":"Large Slime","floor":13.0,"turns":5.0},{"damage":7.0,"enemies":"Hexaghost","floor":16.0,"turns":7.0},{"damage":16.0,"enemies":"Shell Parasite","floor":18.0,"turns":6.0},{"damage":12.0,"enemies":"2 Thieves","floor":20.0,"turns":3.0},{"damage":12.0,"enemies":"Snecko","floor":22.0,"turns":6.0},{"damage":9.0,"enemies":"Gremlin Leader","floor":24.0,"turns":5.0},{"damage":16.0,"enemies":"Centurion and Healer","floor":25.0,"turns":7.0},{"damage":19.0,"enemies":"Sentry and Sphere","floor":30.0,"turns":4.0},{"damage":16.0,"enemies":"Snake Plant","floor":31.0,"turns":3.0},{"damage":16,"enemies":"Collector","floor":33,"turns":5},{"damage":0,"enemies":"Orb Walker","floor":35,"turns":3},{"damage":29,"enemies":"3 Darklings","floor":38,"turns":3},{"damage":5,"enemies":"4 Shapes","floor":41,"turns":8},{"damage":16,"enemies":"Reptomancer","floor":42,"turns":4},{"damage":23,"enemies":"Nemesis","floor":44,"turns":9},{"damage":26,"enemies":"Maw","floor":45,"turns":7}],"seed_played":"-3830135809319200594","potions_obtained":[{"floor":2.0,"key":"EssenceOfSteel"},{"floor":8.0,"key":"SpeedPotion"},{"floor":11.0,"key":"FearPotion"},{"floor":20.0,"key":"SteroidPotion"},{"floor":24.0,"key":"AttackPotion"},{"floor":25.0,"key":"Explosive Potion"},{"floor":30.0,"key":"PowerPotion"},{"floor":38,"key":"PowerPotion"},{"floor":42,"key":"FearPotion"}],"is_trial":false,"path_per_floor":["M","M","M","?","?","R","E","M","T","R","E","R","M","T","R","B",null,"M","$","M","?","M","R","E","M","T","R","?","R","M","M","R","B",null,"M","?","?","M","$","R","M","E","T","E","M"],"character_chosen":"DEFECT","items_purchased":["Runic Capacitor","PreservedInsect"],"campfire_rested":5,"item_purchase_floors":[19,39],"current_hp_per_floor":[54,46,41,41,34,34,24,21,21,40,36,36,23,23,23,16,52,36,36,24,24,12,31,22,6,6,40,40,40,21,5,39,23,54,54,64,64,35,35,64,59,43,43,20,0],"gold":549,"neow_bonus":"ONE_RARE_RELIC","is_prod":false,"is_daily":false,"chose_seed":false,"campfire_upgraded":4,"win_rate":0,"timestamp":1550339754,"path_taken":["M","M","M","?","?","R","E","M","T","R","E","R","M","?","R","BOSS","M","$","M","?","M","R","E","?","T","R","?","R","M","M","R","BOSS","M","?","?","M","$","R","M","E","T","E","M"],"build_version":"2019-02-06","purchased_purges":1,"victory":false,"max_hp_per_floor":[71,71,71,64,64,64,64,64,64,64,64,64,64,64,64,64,64,64,64,64,64,64,64,64,64,64,64,64,64,64,64,64,64,64,64,64,64,64,64,64,64,64,64,64,64],"card_choices":[{"not_picked":["Steam Power","Tempest"],"picked":"BootSequence","floor":1.0},{"not_picked":["Streamline","Beam Cell"],"picked":"Hologram","floor":2.0},{"not_picked":["Compile Driver","Stack"],"picked":"Static Discharge","floor":3.0},{"not_picked":["Streamline","Skim"],"picked":"Lockon","floor":7.0},{"not_picked":["Scrape","Static Discharge"],"picked":"Hologram","floor":8.0},{"not_picked":["Meteor Strike","Streamline"],"picked":"Compile Driver","floor":11.0},{"not_picked":["Self Repair","Beam Cell"],"picked":"Leap","floor":13.0},{"not_picked":["Hyperbeam","Buffer"],"picked":"Creative AI","floor":16.0},{"not_picked":["Stack","BootSequence","Coolheaded"],"picked":"SKIP","floor":18.0},{"not_picked":["Coolheaded","Compile Driver"],"picked":"Darkness+1","floor":20.0},{"not_picked":["Gash","Compile Driver"],"picked":"Sunder+1","floor":22.0},{"not_picked":["Self Repair","FTL"],"picked":"Creative AI","floor":24.0},{"not_picked":["Gash","Go for the Eyes"],"picked":"Hologram","floor":25.0},{"not_picked":["Doom and Gloom","Rip and Tear"],"picked":"Rebound+1","floor":30.0},{"not_picked":["Coolheaded","Beam Cell+1"],"picked":"Thunder Strike","floor":31.0},{"not_picked":["Machine Learning","Hyperbeam"],"picked":"Echo Form","floor":33},{"not_picked":["Doom and Gloom","Rebound"],"picked":"Fusion","floor":35},{"not_picked":["Beam Cell","Redo+1"],"picked":"Coolheaded+1","floor":38},{"not_picked":["Genetic Algorithm+1","Steam Power+1"],"picked":"Hologram+1","floor":41},{"not_picked":["Gash","Blizzard","Go for the Eyes"],"picked":"SKIP","floor":42},{"not_picked":["Steam+1","Ball Lightning+1"],"picked":"Genetic Algorithm","floor":44}],"player_experience":922220,"relics_obtained":[{"floor":7.0,"key":"DataDisk"},{"floor":9.0,"key":"Omamori"},{"floor":11.0,"key":"Matryoshka"},{"floor":14.0,"key":"Vajra"},{"floor":24.0,"key":"Cables"},{"floor":26.0,"key":"Regal Pillow"},{"floor":26.0,"key":"Darkstone Periapt"},{"floor":42,"key":"Dodecahedron"},{"floor":43,"key":"Happy Flower"},{"floor":44,"key":"Art of War"}],"event_choices":[{"damage_healed":0.0,"max_hp_gain":0.0,"max_hp_loss":7.0,"gold_gain":0.0,"event_name":"Golden Idol","player_choice":"Lose Max HP","floor":4.0,"gold_loss":0.0,"damage_taken":0.0,"relics_obtained":["Golden Idol"]},{"cards_removed":["Pain"],"damage_healed":0.0,"max_hp_gain":0.0,"max_hp_loss":0.0,"gold_gain":0.0,"event_name":"Golden Wing","player_choice":"Card Removal","floor":5.0,"gold_loss":0.0,"damage_taken":7.0},{"damage_healed":0.0,"max_hp_gain":0.0,"max_hp_loss":0.0,"gold_gain":250.0,"event_name":"The Joust","player_choice":"Bet on Owner","floor":21.0,"gold_loss":50.0,"damage_taken":0.0},{"damage_healed":0.0,"max_hp_gain":0.0,"max_hp_loss":0.0,"gold_gain":0.0,"event_name":"Ghosts","player_choice":"Ignored","floor":28.0,"gold_loss":0.0,"damage_taken":0.0},{"damage_healed":13,"gold_gain":0,"player_choice":"Writhe","damage_taken":0,"max_hp_gain":0,"max_hp_loss":0,"event_name":"Winding Halls","floor":36,"gold_loss":0,"cards_obtained":["Writhe"]},{"damage_healed":0,"gold_gain":0,"player_choice":"Upgraded","damage_taken":0,"max_hp_gain":0,"max_hp_loss":0,"event_name":"Upgrade Shrine","floor":37,"gold_loss":0,"cards_upgraded":["Hologram"]}],"is_beta":true,"boss_relics":[{"not_picked":["Philosopher\u0027s Stone","Pandora\u0027s Box"],"picked":"Snecko Eye"},{"not_picked":["Inserter","Runic Pyramid"],"picked":"Fusion Hammer"}],"items_purged_floors":[39],"is_endless":false,"potions_floor_spawned":[2,8,11,20,24,25,30,38,42],"killed_by":"Maw","ascension_level":20}