{"path_per_floor":["M","M","?","M","M","E","$","R","T","R","T","M","M","M","R","B",null,"M","M","?","?","M"],"character_chosen":"IRONCLAD","items_purchased":["Metallicize"],"gold_per_floor":[11,29,29,43,56,85,50,50,50,50,99,109,121,137,137,234,234,245,260,360,360,372,372],"floor_reached":23,"campfire_rested":1,"playtime":1154,"current_hp_per_floor":[79,80,80,80,63,32,32,32,32,32,32,33,35,33,57,47,83,54,20,20,20,8,0],"items_purged":[],"gold":372,"score":195,"play_id":"2e7ff2c2-2f58-4b8b-beb5-c4b24f8f7fcd","local_time":"20180331161601","is_prod":false,"is_daily":false,"is_ascension_mode":false,"campfire_upgraded":2,"timestamp":1522538161,"path_taken":["M","M","?","?","M","E","$","R","T","R","?","M","?","M","R","BOSS","M","M","?","?","M","E"],"build_version":"2018-03-29v2","purchased_purges":0,"victory":false,"master_deck":["Strike_R","Strike_R","Strike_R","Strike_R","Strike_R","Defend_R","Bash","Shockwave+1","Heavy Blade","Pommel Strike","Infernal Blade+1","Headbutt","Metallicize","Fire Breathing","Iron Wave","Demon Form","Disarm+1","Battle Trance+1","Evolve+1","Thunderclap","True Grit+1"],"max_hp_per_floor":[80,80,80,80,80,80,80,80,80,80,80,80,83,83,83,83,83,83,83,83,83,83,83],"relics":["Burning Blood","Champion Belt","Bag of Preparation","Red Skull","Vajra","Nloth\u0027s Gift"],"card_choices":[{"not_picked":["Cleave","Sword Boomerang"],"picked":"Shockwave","floor":1},{"not_picked":["Spot Weakness","Havoc"],"picked":"Heavy Blade","floor":2},{"not_picked":["Carnage","Ghostly Armor"],"picked":"Pommel Strike","floor":4},{"not_picked":["Rage","Carnage"],"picked":"Infernal Blade","floor":5},{"not_picked":["Bloodletting","True Grit"],"picked":"Headbutt","floor":6},{"not_picked":["Corruption","Hemokinesis"],"picked":"Fire Breathing","floor":12},{"not_picked":["Flame Barrier","Twin Strike"],"picked":"Iron Wave","floor":13},{"not_picked":["Limit Break","Brutality"],"picked":"Demon Form","floor":16},{"not_picked":["Dropkick","Blood for Blood"],"picked":"Thunderclap","floor":18},{"not_picked":["Havoc","Shrug It Off"],"picked":"True Grit","floor":19}],"player_experience":68354,"potions_floor_usage":[2,6,6,16,18,22,23],"damage_taken":[{"damage":7,"enemies":"2 Louse","floor":1,"turns":3},{"damage":0,"enemies":"Jaw Worm","floor":2,"turns":5},{"damage":4,"enemies":"Cultist","floor":4,"turns":3},{"damage":23,"enemies":"Exordium Thugs","floor":5,"turns":7},{"damage":37,"enemies":"3 Sentries","floor":6,"turns":7},{"damage":5,"enemies":"3 Louse","floor":12,"turns":2},{"damage":7,"enemies":"Blue Slaver","floor":13,"turns":2},{"damage":8,"enemies":"Gremlin Gang","floor":14,"turns":3},{"damage":16,"enemies":"Hexaghost","floor":16,"turns":8},{"damage":46,"enemies":"3 Byrds","floor":18,"turns":6},{"damage":40,"enemies":"2 Thieves","floor":19,"turns":3},{"damage":18,"enemies":"Snake Plant","floor":22,"turns":5},{"damage":8,"enemies":"Book of Stabbing","floor":23,"turns":3}],"event_choices":[{"event_name":"The Cleric","player_choice":"Leave","floor":3,"damage_taken":0},{"event_name":"Golden Shrine","player_choice":"Pray","floor":20,"damage_taken":0},{"event_name":"N\u0027loth","player_choice":"Traded a Astrolabe","floor":21,"damage_taken":0}],"boss_relics":[{"not_picked":["Runic Dome","Velvet Choker"],"picked":"Astrolabe"}],"potions_floor_spawned":[1,4,5,6,16,19,22],"seed_played":"1274952273176067637","killed_by":"Book of Stabbing","ascension_level":0,"is_trial":false}