{"gold_per_floor":[111,111,111,121,132,132,163,163,208,208,221,239,239],"floor_reached":13,"playtime":375,"items_purged":[],"score":170,"play_id":"3fc4c595-8512-4c39-a9e9-7d6c6184d7da","local_time":"20190325010253","is_ascension_mode":true,"campfire_choices":[{"data":"Leg Sweep","floor":6.0,"key":"SMITH"},{"floor":8.0,"key":"REST"},{"floor":10.0,"key":"REST"}],"neow_cost":"NONE","seed_source_timestamp":1024759026219793,"circlet_count":0,"master_deck":["AscendersBane","Defend_G","Defend_G","Defend_G","Defend_G","Defend_G+1","Strike_G","Strike_G","Strike_G","Strike_G","Survivor","Neutralize","Dash+1","Leg Sweep+1","Acrobatics","Adrenaline","Crippling Poison","Backstab"],"special_seed":0,"relics":["Velvet Choker","Bag of Preparation","Ancient Tea Set"],"potions_floor_usage":[12],"damage_taken":[{"damage":2.0,"enemies":"Jaw Worm","floor":1.0,"turns":4.0},{"damage":0.0,"enemies":"2 Louse","floor":4.0,"turns":3.0},{"damage":0.0,"enemies":"Small Slimes","floor":5.0,"turns":4.0},{"damage":29.0,"enemies":"Gremlin Nob","floor":7.0,"turns":6.0},{"damage":0.0,"enemies":"2 Fungi Beasts","floor":11.0,"turns":3.0},{"damage":1,"enemies":"Gremlin Gang","floor":12,"turns":4},{"damage":31,"enemies":"Lagavulin","floor":13,"turns":10}],"seed_played":"1137895066742017315","potions_obtained":[{"floor":1.0,"key":"PowerPotion"},{"floor":11.0,"key":"LiquidBronze"}],"is_trial":false,"path_per_floor":["M","?","?","M","M","R","E","R","T","R","M","M","E"],"character_chosen":"THE_SILENT","items_purchased":[],"campfire_rested":2,"item_purchase_floors":[],"current_hp_per_floor":[57,37,30,30,30,30,1,20,20,39,39,38,7],"gold":239,"neow_bonus":"BOSS_RELIC","is_prod":false,"is_daily":false,"chose_seed":false,"campfire_upgraded":1,"win_rate":0,"timestamp":1553490173,"path_taken":["M","?","?","M","M","R","E","R","T","R","?","M","E"],"build_version":"2019-03-15","purchased_purges":0,"victory":false,"max_hp_per_floor":[66,66,66,66,66,66,66,66,66,66,66,66,66],"card_choices":[{"not_picked":["Backflip","Bane"],"picked":"Dash","floor":1.0},{"not_picked":["Acrobatics","Flying Knee"],"picked":"Leg Sweep","floor":4.0},{"not_picked":["Slice","Underhanded Strike"],"picked":"Acrobatics","floor":5.0},{"not_picked":["Backflip","Dagger Spray"],"picked":"Adrenaline","floor":7.0},{"not_picked":["Cloak And Dagger","Distraction"],"picked":"Crippling Poison","floor":11.0},{"not_picked":["Prepared","Infinite Blades"],"picked":"Backstab","floor":12}],"player_experience":1254560,"relics_obtained":[{"floor":7.0,"key":"Bag of Preparation"},{"floor":9.0,"key":"Ancient Tea Set"}],"event_choices":[{"damage_healed":0.0,"max_hp_gain":0.0,"max_hp_loss":0.0,"gold_gain":0.0,"event_name":"Shining Light","player_choice":"Entered Light","floor":2.0,"gold_loss":0.0,"damage_taken":20.0,"cards_upgraded":["Defend_G","Dash"]},{"cards_removed":["Strike_G"],"damage_healed":0.0,"max_hp_gain":0.0,"max_hp_loss":0.0,"gold_gain":0.0,"event_name":"Golden Wing","player_choice":"Card Removal","floor":3.0,"gold_loss":0.0,"damage_taken":7.0}],"is_beta":true,"boss_relics":[],"items_purged_floors":[],"is_endless":false,"potions_floor_spawned":[1,11],"killed_by":"Lagavulin","ascension_level":20}