{"gold_per_floor":[117,133,133,50,50,50,60,60,60,25,25,60,74,90,90,166,166,180,180,45,45,56,56,76,76],"floor_reached":25,"playtime":711,"items_purged":["Strike_B"],"score":402,"play_id":"da5c2189-47b8-454e-af36-ccc89b11f37f","local_time":"20180921102735","is_ascension_mode":true,"campfire_choices":[{"data":"Streamline","floor":6,"key":"SMITH"},{"floor":8,"key":"REST"},{"data":"Double Energy","floor":11,"key":"SMITH"},{"data":"Hologram","floor":15,"key":"SMITH"},{"data":"Buffer","floor":23,"key":"SMITH"}],"neow_cost":"NONE","seed_source_timestamp":696758376044091,"circlet_count":0,"master_deck":["Strike_B","Strike_B","Defend_B","Defend_B","Defend_B","Defend_B","Zap+1","Dualcast+1","AscendersBane","Leap","Tempest+1","Streamline+1","Double Energy+1","Barrage","Hologram+1","Reinforced Body","Buffer+1","Lockon+1","Reinforced Body","Skim"],"relics":["Cracked Core","FaceOfCleric","Boot","Blood Vial","Coffee Dripper"],"potions_floor_usage":[12,18,22,25,25],"damage_taken":[{"damage":2,"enemies":"Jaw Worm","floor":1,"turns":3},{"damage":7,"enemies":"Small Slimes","floor":2,"turns":3},{"damage":0,"enemies":"2 Louse","floor":7,"turns":2},{"damage":2,"enemies":"Gremlin Nob","floor":12,"turns":3},{"damage":18,"enemies":"Gremlin Gang","floor":13,"turns":4},{"damage":0,"enemies":"3 Louse","floor":14,"turns":1},{"damage":26,"enemies":"The Guardian","floor":16,"turns":10},{"damage":0,"enemies":"3 Byrds","floor":18,"turns":1},{"damage":9,"enemies":"2 Thieves","floor":22,"turns":3},{"damage":9,"enemies":"Snake Plant","floor":24,"turns":3},{"damage":42,"enemies":"Slavers","floor":25,"turns":6}],"seed_played":"-7129170323117043487","potions_obtained":[{"floor":12,"key":"Poison Potion"},{"floor":14,"key":"FearPotion"},{"floor":16,"key":"Explosive Potion"},{"floor":22,"key":"Ancient Potion"},{"floor":24,"key":"Regen Potion"}],"is_trial":false,"path_per_floor":["M","M","?","$","?","R","M","R","T","?","R","E","M","M","R","B",null,"M","?","$","?","M","R","M"],"character_chosen":"DEFECT","items_purchased":["Streamline","Poison Potion","AttackPotion"],"campfire_rested":1,"item_purchase_floors":[4,4,20],"current_hp_per_floor":[62,55,34,34,34,34,35,56,56,72,72,71,56,59,59,36,66,69,47,47,47,41,41,35,10],"gold":76,"neow_bonus":"UPGRADE_CARD","is_prod":false,"is_daily":false,"chose_seed":false,"campfire_upgraded":4,"win_rate":0,"timestamp":1537540055,"path_taken":["M","M","?","$","?","R","M","R","T","?","R","E","?","M","R","BOSS","M","?","?","?","M","R","M","E"],"build_version":"2018-09-20","purchased_purges":1,"victory":false,"max_hp_per_floor":[71,71,71,71,71,71,72,72,72,72,72,73,74,75,75,76,76,77,82,82,82,83,83,84,84],"card_choices":[{"not_picked":["Go for the Eyes","Gash"],"picked":"Leap","floor":1},{"not_picked":["Barrage","Gash"],"picked":"Tempest","floor":2},{"not_picked":["Genetic Algorithm","Meteor Strike"],"picked":"Double Energy","floor":7},{"not_picked":["Stack","Seek"],"picked":"Barrage","floor":12},{"not_picked":["Heatsinks","Gash"],"picked":"Hologram","floor":13},{"not_picked":["Rebound","Coolheaded"],"picked":"Reinforced Body","floor":14},{"not_picked":["Multi-Cast","Seek"],"picked":"Buffer","floor":16},{"not_picked":["Blizzard","Sweeping Beam"],"picked":"Lockon+1","floor":18},{"not_picked":["Redo","Hologram"],"picked":"Reinforced Body","floor":22},{"not_picked":["Redo","Go for the Eyes"],"picked":"Skim","floor":24}],"player_experience":870389,"relics_obtained":[{"floor":9,"key":"Boot"},{"floor":12,"key":"Blood Vial"}],"event_choices":[{"event_name":"Shining Light","player_choice":"Entered Light","floor":3,"damage_taken":0},{"event_name":"FaceTrader","player_choice":"Trade","floor":5,"damage_taken":0},{"event_name":"The Cleric","player_choice":"Healed","floor":10,"damage_taken":0},{"event_name":"Forgotten Altar","player_choice":"Shed Blood","floor":19,"damage_taken":0},{"event_name":"Purifier","player_choice":"One Purge","floor":21,"damage_taken":0}],"is_beta":false,"boss_relics":[{"not_picked":["Lizard Tail","Philosopher\u0027s Stone"],"picked":"Coffee Dripper"}],"items_purged_floors":[20],"is_endless":false,"potions_floor_spawned":[12,14,16,22,24],"killed_by":"Slavers","ascension_level":20}