{"gold_per_floor":[113,113,113,113,133,164,164,164,164,164,199,199,215,234,234,306,306,319,192,192,211,211,211,225,255,255,255,274,293,293,208,208,285,285,297,86,101,114,114,114,131,44,44,0,0,0,25,41,41,41,41],"floor_reached":52,"playtime":3526,"items_purged":["Strike_G+1","Terror+1"],"score":1816,"play_id":"66fe88c9-7113-4923-9b10-069fad8b0cc6","local_time":"20181017224416","is_ascension_mode":true,"campfire_choices":[{"floor":8.0,"key":"REST"},{"floor":10.0,"key":"REST"},{"data":"Bouncing Flask","floor":12.0,"key":"SMITH"},{"data":"Leg Sweep","floor":15.0,"key":"SMITH"},{"data":"Survivor","floor":23.0,"key":"SMITH"},{"floor":27.0,"key":"REST"},{"data":"Caltrops","floor":30.0,"key":"SMITH"},{"floor":32.0,"key":"REST"},{"data":"Well Laid Plans","floor":40.0,"key":"SMITH"},{"floor":45.0,"key":"REST"},{"data":"Noxious Fumes","floor":49.0,"key":"SMITH"}],"neow_cost":"PERCENT_DAMAGE","seed_source_timestamp":0,"circlet_count":0,"master_deck":["Defend_G+1","Defend_G","Defend_G","Defend_G","Defend_G","Strike_G+1","Strike_G+1","Survivor+1","Neutralize+1","AscendersBane","Bouncing Flask+1","Leg Sweep+1","Dagger Throw","Deflect+1","Bouncing Flask+1","Doppelganger+1","Infinite Blades","Dodge and Roll+1","Cloak And Dagger+1","Flechettes","Catalyst+1","Caltrops+1","Dagger Spray","Expertise+1","Malaise+1","Poisoned Stab+1","Backflip+1","Well Laid Plans+1","Dodge and Roll+1","Deflect+1","Crippling Poison+1","Noxious Fumes+1","Injury","Finesse+1","Crippling Poison+1","Malaise+1"],"special_seed":0,"relics":["Ring of the Snake","Nunchaku","Unceasing Top","Whetstone","Toxic Egg 2","HoveringKite","Pantograph","Ornamental Fan","Happy Flower","Cursed Key","Kunai","Red Mask","Ginger"],"potions_floor_usage":[51,51,51],"damage_taken":[{"damage":5.0,"enemies":"Small Slimes","floor":1.0,"turns":5.0},{"damage":1.0,"enemies":"Jaw Worm","floor":5.0,"turns":3.0},{"damage":53.0,"enemies":"3 Sentries","floor":6.0,"turns":13.0},{"damage":18.0,"enemies":"Lagavulin","floor":11.0,"turns":7.0},{"damage":0.0,"enemies":"Cultist","floor":13.0,"turns":3.0},{"damage":11.0,"enemies":"Exordium Wildlife","floor":14.0,"turns":5.0},{"damage":10.0,"enemies":"The Guardian","floor":16.0,"turns":8.0},{"damage":0.0,"enemies":"Shell Parasite","floor":18.0,"turns":5.0},{"damage":2.0,"enemies":"Chosen","floor":21.0,"turns":4.0},{"damage":0.0,"enemies":"Snake Plant","floor":24.0,"turns":4.0},{"damage":18.0,"enemies":"Book of Stabbing","floor":25.0,"turns":4.0},{"damage":8.0,"enemies":"Centurion and Healer","floor":28.0,"turns":6.0},{"damage":6.0,"enemies":"Sentry and Sphere","floor":29.0,"turns":5.0},{"damage":32.0,"enemies":"Collector","floor":33.0,"turns":7.0},{"damage":18.0,"enemies":"3 Darklings","floor":35.0,"turns":6.0},{"damage":8.0,"enemies":"Orb Walker","floor":37.0,"turns":4.0},{"damage":0.0,"enemies":"Sphere and 2 Shapes","floor":38.0,"turns":4.0},{"damage":13.0,"enemies":"Spire Growth","floor":41.0,"turns":5.0},{"damage":1.0,"enemies":"2 Orb Walkers","floor":47.0,"turns":4.0},{"damage":0.0,"enemies":"Transient","floor":48.0,"turns":6.0},{"damage":32,"enemies":"Donu and Deca","floor":50,"turns":11},{"damage":13,"enemies":"Awakened One","floor":51,"turns":22}],"seed_played":"2056451513031484226","potions_obtained":[{"floor":6.0,"key":"Energy Potion"},{"floor":16.0,"key":"SneckoOil"},{"floor":18.0,"key":"Fire Potion"},{"floor":24.0,"key":"Explosive Potion"},{"floor":38.0,"key":"Explosive Potion"},{"floor":39.0,"key":"EntropicBrew"},{"floor":48.0,"key":"Fire Potion"}],"is_trial":false,"path_per_floor":["M","?","?","?","M","E","?","R","T","R","E","R","M","M","R","B",null,"M","$","?","M","?","R","M","E","T","R","M","M","R","?","R","B",null,"M","$","M","M","?","R","M","$","T","?","R","?","E","M","R","B","B"],"character_chosen":"THE_SILENT","items_purchased":["Dodge and Roll+1","Backflip+1","Well Laid Plans","Noxious Fumes"],"campfire_rested":5,"item_purchase_floors":[19,36,36,42],"current_hp_per_floor":[39,19,66,66,65,12,17,38,38,59,41,41,41,30,30,20,58,58,58,38,36,36,36,36,18,18,40,32,26,26,26,48,41,67,49,49,41,41,41,41,28,28,28,28,50,50,49,49,49,42,54],"gold":41,"neow_bonus":"ONE_RARE_RELIC","is_prod":false,"is_daily":false,"chose_seed":false,"campfire_upgraded":6,"win_rate":0,"timestamp":1539830656,"path_taken":["M","?","?","?","M","E","?","R","T","R","E","R","?","M","R","BOSS","M","$","?","M","?","R","?","E","T","R","M","M","R","?","R","BOSS","M","$","M","M","?","R","M","$","T","?","R","?","E","?","R","BOSS","BOSS"],"build_version":"2018-10-11","purchased_purges":2,"victory":true,"max_hp_per_floor":[66,66,66,66,66,66,71,71,71,71,71,71,71,71,71,71,71,71,71,76,76,76,76,76,76,76,76,76,76,76,76,76,76,76,76,76,76,76,76,76,76,76,76,76,76,76,76,76,76,76,76],"card_choices":[{"not_picked":["Blade Dance","Prepared"],"picked":"Terror","floor":1.0},{"not_picked":["Cloak And Dagger","Dagger Spray"],"picked":"Bouncing Flask","floor":5.0},{"not_picked":["Blur","Heel Hook"],"picked":"Leg Sweep","floor":6.0},{"not_picked":["Flechettes","Underhanded Strike"],"picked":"Dagger Throw","floor":11.0},{"not_picked":["Acrobatics+1","Dagger Throw"],"picked":"Deflect+1","floor":13.0},{"not_picked":["Caltrops","Cloak And Dagger+1"],"picked":"Bouncing Flask+1","floor":14.0},{"not_picked":["Phantasmal Killer+1","Unload"],"picked":"Doppelganger+1","floor":16.0},{"not_picked":["Masterful Stab","Calculated Gamble+1"],"picked":"Infinite Blades","floor":18.0},{"not_picked":["Sucker Punch","Underhanded Strike+1"],"picked":"Terror+1","floor":21.0},{"not_picked":["Backflip+1","Calculated Gamble+1"],"picked":"Catalyst+1","floor":24.0},{"not_picked":["Doppelganger+1","Dodge and Roll+1"],"picked":"Caltrops","floor":25.0},{"not_picked":["Dagger Spray","Skewer","Bane"],"picked":"SKIP","floor":28.0},{"not_picked":["Skewer","Bane"],"picked":"Dagger Spray","floor":28.0},{"not_picked":["Prepared+1","Calculated Gamble+1"],"picked":"Expertise+1","floor":29.0},{"not_picked":["A Thousand Cuts","Grand Finale"],"picked":"Malaise+1","floor":33.0},{"not_picked":["Masterful Stab","Outmaneuver+1"],"picked":"Poisoned Stab+1","floor":35.0},{"not_picked":["All Out Attack+1","Dagger Spray"],"picked":"Dodge and Roll+1","floor":37.0},{"not_picked":["Quick Slash","Sucker Punch"],"picked":"Deflect+1","floor":38.0},{"not_picked":["Dagger Spray+1","Deflect+1"],"picked":"Crippling Poison+1","floor":41.0},{"not_picked":["Mind Blast","Dramatic Entrance"],"picked":"Finesse+1","floor":46.0},{"not_picked":["Outmaneuver+1","Poisoned Stab"],"picked":"Crippling Poison+1","floor":47.0},{"not_picked":["Blade Dance+1","Reflex+1"],"picked":"Malaise+1","floor":48.0}],"player_experience":975626,"relics_obtained":[{"floor":6.0,"key":"Unceasing Top"},{"floor":9.0,"key":"Whetstone"},{"floor":11.0,"key":"Toxic Egg 2"},{"floor":25.0,"key":"Pantograph"},{"floor":26.0,"key":"Ornamental Fan"},{"floor":43.0,"key":"Kunai"},{"floor":47.0,"key":"Ginger"}],"event_choices":[{"event_name":"Shining Light","player_choice":"Entered Light","floor":2.0,"damage_taken":0.0},{"event_name":"Bonfire Elementals","player_choice":"UNCOMMON","floor":3.0,"damage_taken":0.0},{"event_name":"Living Wall","player_choice":"Grow","floor":4.0,"damage_taken":0.0},{"event_name":"Big Fish","player_choice":"Donut","floor":7.0,"damage_taken":0.0},{"event_name":"Forgotten Altar","player_choice":"Shed Blood","floor":20.0,"damage_taken":0.0},{"event_name":"Drug Dealer","player_choice":"Became Test Subject","floor":22.0,"damage_taken":0.0},{"event_name":"Addict","player_choice":"Obtained Relic","floor":31.0,"damage_taken":0.0},{"event_name":"The Lab","player_choice":"Got Potions","floor":39.0,"damage_taken":0.0},{"event_name":"Tomb of Lord Red Mask","player_choice":"Paid","floor":44.0,"damage_taken":0.0},{"event_name":"SensoryStone","player_choice":"Memory 1","floor":46.0,"damage_taken":0.0}],"is_beta":false,"boss_relics":[{"not_picked":["Astrolabe","Tiny House"],"picked":"HoveringKite"},{"not_picked":["Fusion Hammer","WristBlade"],"picked":"Cursed Key"}],"items_purged_floors":[19,36],"is_endless":false,"potions_floor_spawned":[6,16,18,24,25,38,41,48],"ascension_level":20}