{"gold_per_floor":[109,119,119,135,82,82,101,101,177,188,206,43,43,43],"floor_reached":14,"playtime":495,"items_purged":[],"score":164,"play_id":"828beb4a-0a89-484c-bf96-558302719510","local_time":"20181019085204","is_ascension_mode":true,"campfire_choices":[{"data":"Zap","floor":6.0,"key":"SMITH"},{"data":"Dualcast","floor":8.0,"key":"SMITH"}],"neow_cost":"PERCENT_DAMAGE","seed_source_timestamp":0,"circlet_count":0,"master_deck":["Strike_B","Strike_B","Strike_B","Strike_B","Defend_B","Defend_B","Defend_B","Defend_B","Zap+1","Dualcast+1","AscendersBane","Deep Breath","Deep Breath","Loop+1","Cold Snap","Cold Snap","Coolheaded"],"special_seed":0,"relics":["Cracked Core","Frozen Egg 2","Bag of Marbles"],"potions_floor_usage":[],"damage_taken":[{"damage":9.0,"enemies":"Jaw Worm","floor":1.0,"turns":4.0},{"damage":12.0,"enemies":"2 Louse","floor":2.0,"turns":3.0},{"damage":1.0,"enemies":"Cultist","floor":4.0,"turns":3.0},{"damage":1.0,"enemies":"3 Louse","floor":7.0,"turns":4.0},{"damage":1.0,"enemies":"Large Slime","floor":10.0,"turns":5.0},{"damage":2.0,"enemies":"Looter","floor":11.0,"turns":3.0},{"damage":12,"enemies":"Gremlin Nob","floor":14,"turns":3}],"seed_played":"-6982086545744598907","potions_obtained":[{"floor":4.0,"key":"Energy Potion"},{"floor":7.0,"key":"Energy Potion"}],"is_trial":false,"path_per_floor":["M","M","?","M","$","R","M","R","T","M","M","$","?"],"character_chosen":"DEFECT","items_purchased":["Cold Snap","Bag of Marbles"],"campfire_rested":0,"item_purchase_floors":[5,12],"current_hp_per_floor":[37,25,25,24,24,24,23,23,23,22,20,20,20,8],"gold":43,"neow_bonus":"RANDOM_COLORLESS_2","is_prod":false,"is_daily":false,"chose_seed":false,"campfire_upgraded":2,"win_rate":0,"timestamp":1539953524,"path_taken":["M","M","?","M","$","R","M","R","T","M","M","?","?","E"],"build_version":"2018-10-18","purchased_purges":0,"victory":false,"max_hp_per_floor":[71,71,71,71,71,71,71,71,71,71,71,71,71,71],"card_choices":[{"not_picked":["Turbo","Streamline"],"picked":"Loop","floor":1.0},{"not_picked":["Redo","Steam Power","Stack"],"picked":"SKIP","floor":2.0},{"not_picked":["Coolheaded","Reprogram"],"picked":"Cold Snap","floor":4.0},{"not_picked":["Gash","Compile Driver"],"picked":"Coolheaded","floor":7.0},{"not_picked":["Gash","Recycle","Beam Cell"],"picked":"SKIP","floor":10.0},{"not_picked":["Redo","Heatsinks+1","Barrage"],"picked":"SKIP","floor":11.0}],"player_experience":981860,"relics_obtained":[{"floor":9.0,"key":"Frozen Egg 2"}],"event_choices":[{"damage_healed":0.0,"max_hp_gain":0.0,"max_hp_loss":0.0,"gold_gain":0.0,"event_name":"Living Wall","player_choice":"Grow","floor":3.0,"gold_loss":0.0,"damage_taken":0.0,"cards_upgraded":["Loop"]},{"damage_healed":0.0,"max_hp_gain":0.0,"max_hp_loss":0.0,"gold_gain":0.0,"event_name":"Shining Light","player_choice":"Ignored","floor":13.0,"gold_loss":0.0,"damage_taken":0.0}],"is_beta":false,"boss_relics":[],"items_purged_floors":[],"is_endless":false,"potions_floor_spawned":[4,7],"killed_by":"Gremlin Nob","ascension_level":20}