{"path_per_floor":["M","?","M","M","M","R","E","R","T","?","$","?","R","M","R","B",null,"M","M","?","M","$","R","E","$","T","E","M"],"character_chosen":"THE_SILENT","items_purchased":["Flying Knee","Infinite Blades","Predator","Acrobatics"],"gold_per_floor":[116,116,134,154,168,168,199,199,199,149,74,96,96,110,110,213,213,228,248,248,261,211,211,244,48,48,79,93],"floor_reached":29,"campfire_rested":0,"playtime":2321,"current_hp_per_floor":[70,70,70,70,66,66,42,42,42,42,42,43,43,43,43,37,70,70,67,67,57,57,57,43,43,43,30,42],"items_purged":["Defend_G"],"gold":93,"score":276,"play_id":"d9f7523c-32a6-4fce-8b74-3288400d5cb6","is_prod":false,"is_daily":false,"is_ascension_mode":true,"campfire_upgraded":5,"path_taken":["M","?","M","M","M","R","E","R","T","?","$","?","R","M","R","BOSS","M","M","?","?","$","R","E","$","T","E","M","E"],"build_version":"2018-02-12-BETA1","purchased_purges":2,"victory":false,"master_deck":["Defend_G","Defend_G","Defend_G","Strike_G","Strike_G","Strike_G","Survivor","Neutralize","Prepared","Finisher+1","Backflip","Prepared+1","Slice","Quick Slash","Blade Dance+1","Blade Dance+1","Bullet Time+1","Sucker Punch+1","PiercingWail","Acrobatics","Flying Knee","Heel Hook","Infinite Blades","Predator","Acrobatics","Deflect","Backflip"],"max_hp_per_floor":[70,70,70,70,70,70,70,70,70,70,70,70,70,70,70,70,70,70,70,70,70,70,70,70,70,70,70,70],"relics":["Ring of the Snake","Happy Flower","Meat on the Bone","Odd Mushroom","Runic Pyramid","Unceasing Top","Dream Catcher","Torii"],"card_choices":[{"not_picked":["Deflect","Eviscerate"],"picked":"Prepared"},{"not_picked":["Prepared","Dagger Spray"],"picked":"Backflip"},{"not_picked":["Masterful Stab","Dodge and Roll"],"picked":"Prepared"},{"not_picked":["Well Laid Plans","Bane"],"picked":"Slice"},{"not_picked":["Dagger Throw","Prepared"],"picked":"Quick Slash"},{"not_picked":["Dodge and Roll","Dagger Throw"],"picked":"Blade Dance"},{"not_picked":["Dagger Spray","Dash"],"picked":"Blade Dance"},{"not_picked":["Unload","Venomology"],"picked":"Bullet Time"},{"not_picked":["All Out Attack","Deadly Poison"],"picked":"Sucker Punch"},{"not_picked":["Prepared","Well Laid Plans"],"picked":"PiercingWail"},{"not_picked":["Slice","Deadly Poison"],"picked":"Acrobatics"},{"not_picked":["Deflect","Bane"],"picked":"Heel Hook"},{"not_picked":["Skewer","Poisoned Stab"],"picked":"Deflect"},{"not_picked":["Acrobatics","Dagger Throw"],"picked":"Backflip"}],"player_experience":31509,"potions_floor_usage":[7,16,24,27,28,29],"damage_taken":[{"damage":0,"enemies":"Small Slimes","floor":1,"turns":4},{"damage":0,"enemies":"2 Louse","floor":3,"turns":2},{"damage":0,"enemies":"Jaw Worm","floor":4,"turns":6},{"damage":4,"enemies":"Blue Slaver","floor":5,"turns":4},{"damage":24,"enemies":"Lagavulin","floor":7,"turns":10},{"damage":11,"enemies":"The Mushroom Lair","floor":12,"turns":3},{"damage":0,"enemies":"Exordium Thugs","floor":14,"turns":3},{"damage":33,"enemies":"Hexaghost","floor":16,"turns":9},{"damage":0,"enemies":"Chosen","floor":18,"turns":3},{"damage":3,"enemies":"3 Byrds","floor":19,"turns":4},{"damage":10,"enemies":"Centurion and Healer","floor":21,"turns":5},{"damage":14,"enemies":"Book of Stabbing","floor":24,"turns":5},{"damage":25,"enemies":"Slavers","floor":27,"turns":4},{"damage":0,"enemies":"Chosen and Byrds","floor":28,"turns":3},{"damage":44,"enemies":"Gremlin Leader","floor":29,"turns":4}],"event_choices":[{"event_name":"Living Wall","player_choice":"Change","floor":2,"damage_taken":0},{"event_name":"The Cleric","player_choice":"Card Removal","floor":10,"damage_taken":0},{"event_name":"Mushrooms","player_choice":"Fought Mushrooms","floor":12,"damage_taken":0},{"event_name":"Back to Basics","player_choice":"Elegance","floor":20,"damage_taken":0}],"boss_relics":[{"not_picked":["Black Star","Snecko Eye"],"picked":"Runic Pyramid"}],"potions_floor_spawned":[4,7,12,16,24,27,28],"seed_played":"-3663245444390325899","killed_by":"Gremlin Leader","ascension_level":1,"is_trial":false}