{"gold_per_floor":[112,19,19,35,53,53,87,52,78,158,170,170,110,129,129,200,200,218,218,218,236,451,451,486,332,356,356,371,371,371,398,398,473,473,493,513,15,31,45,45,78,78,130,162,162,175,175,201,201,201,201],"floor_reached":52,"playtime":2557,"items_purged":["Regret","Strike_G"],"score":2077,"play_id":"b9c76e8b-07ef-43d6-a22b-5925e17e221d","local_time":"20181006003354","is_ascension_mode":true,"campfire_choices":[{"data":"Deadly Poison","floor":6.0,"key":"SMITH"},{"floor":15.0,"key":"REST"},{"floor":23.0,"key":"REST"},{"floor":27.0,"key":"REST"},{"data":"Noxious Fumes","floor":30.0,"key":"SMITH"},{"floor":32.0,"key":"REST"},{"data":"Wraith Form v2","floor":40.0,"key":"SMITH"},{"data":"Bouncing Flask","floor":42.0,"key":"SMITH"},{"data":"Neutralize","floor":45,"key":"SMITH"},{"data":"Backflip","floor":47,"key":"SMITH"},{"data":"Blur","floor":49,"key":"SMITH"}],"neow_cost":"NONE","seed_source_timestamp":200576474841291,"circlet_count":0,"master_deck":["Defend_G","Defend_G","Defend_G","Defend_G+1","Defend_G","Survivor","Neutralize+1","AscendersBane","Backflip+1","Catalyst+1","Grand Finale","Deadly Poison+1","Sucker Punch","Bouncing Flask+1","Corpse Explosion","Underhanded Strike+1","Dagger Throw+1","Calculated Gamble+1","PiercingWail","PiercingWail","Noxious Fumes+1","Adrenaline","Wraith Form v2+1","PiercingWail","Blur+1","Backflip"],"special_seed":0,"relics":["Sozu","Ancient Tea Set","Snake Skull","The Courier","War Paint","Astrolabe","MutagenicStrength","Old Coin","Lantern","Orichalcum","Centennial Puzzle","Calipers","Eternal Feather","Incense Burner","TwistedFunnel","StoneCalendar","Pen Nib","Mummified Hand","Oddly Smooth Stone"],"potions_floor_usage":[],"damage_taken":[{"damage":0.0,"enemies":"Small Slimes","floor":1.0,"turns":4.0},{"damage":13.0,"enemies":"Jaw Worm","floor":4.0,"turns":8.0},{"damage":6.0,"enemies":"Cultist","floor":5.0,"turns":4.0},{"damage":27.0,"enemies":"3 Sentries","floor":7.0,"turns":13.0},{"damage":3.0,"enemies":"Large Slime","floor":11.0,"turns":7.0},{"damage":10.0,"enemies":"Exordium Wildlife","floor":14.0,"turns":3.0},{"damage":29.0,"enemies":"Slime Boss","floor":16.0,"turns":7.0},{"damage":19.0,"enemies":"2 Thieves","floor":18.0,"turns":5.0},{"damage":0.0,"enemies":"Spheric Guardian","floor":21.0,"turns":1.0},{"damage":31.0,"enemies":"Slavers","floor":24.0,"turns":4.0},{"damage":2.0,"enemies":"Snecko","floor":28.0,"turns":4.0},{"damage":9.0,"enemies":"Gremlin Leader","floor":31.0,"turns":5.0},{"damage":26.0,"enemies":"Champ","floor":33.0,"turns":6.0},{"damage":4.0,"enemies":"3 Darklings","floor":35.0,"turns":4.0},{"damage":6.0,"enemies":"Orb Walker","floor":36.0,"turns":3.0},{"damage":5.0,"enemies":"Sphere and 2 Shapes","floor":38.0,"turns":4.0},{"damage":12.0,"enemies":"Spire Growth","floor":39.0,"turns":5.0},{"damage":12.0,"enemies":"Nemesis","floor":41.0,"turns":5.0},{"damage":0,"enemies":"Giant Head","floor":44,"turns":7},{"damage":0,"enemies":"3 Darklings","floor":46,"turns":3},{"damage":0,"enemies":"Nemesis","floor":48,"turns":5},{"damage":25,"enemies":"Awakened One","floor":50,"turns":21},{"damage":39,"enemies":"Time Eater","floor":51,"turns":7}],"seed_played":"-2465530866909147678","potions_obtained":[],"is_trial":false,"path_per_floor":["M","$","?","M","M","R","E","?","T","T","M","?","$","M","R","B",null,"M","?","?","M","?","R","E","$","T","R","M","T","R","E","R","B",null,"M","M","$","M","M","R","E","R","T","E","R","M","R","E","R","B","B"],"character_chosen":"THE_SILENT","items_purchased":["Catalyst","Noxious Fumes","Incense Burner","TwistedFunnel","PiercingWail"],"campfire_rested":4,"item_purchase_floors":[2,25,37,37,37],"current_hp_per_floor":[59,59,59,46,40,40,13,29,29,29,26,26,26,16,35,6,51,32,32,32,32,32,51,20,20,20,39,37,37,37,28,47,21,55,51,45,45,40,28,40,28,40,40,40,55,55,66,66,66,41,2],"gold":201,"neow_bonus":"BOSS_RELIC","is_prod":false,"is_daily":false,"chose_seed":false,"campfire_upgraded":7,"win_rate":0,"timestamp":1538800434,"path_taken":["M","$","?","?","M","R","E","?","T","?","?","?","$","M","R","BOSS","M","?","?","M","?","R","E","$","T","R","M","?","R","E","R","BOSS","M","M","$","M","M","R","E","R","T","E","R","M","R","E","R","BOSS","BOSS"],"build_version":"2018-10-04v2","purchased_purges":2,"victory":true,"max_hp_per_floor":[66,66,66,66,66,66,66,66,66,66,66,66,66,66,66,66,66,66,66,66,66,66,66,66,66,66,66,66,66,66,66,66,66,66,66,66,66,66,66,66,66,66,66,66,66,66,66,66,66,66,66],"card_choices":[{"not_picked":["Poisoned Stab","Flying Knee"],"picked":"Backflip","floor":1.0},{"not_picked":["Underhanded Strike","Flying Knee"],"picked":"Deadly Poison","floor":4.0},{"not_picked":["Deflect","Slice"],"picked":"Sucker Punch","floor":5.0},{"not_picked":["Acrobatics","Bane"],"picked":"Bouncing Flask","floor":7.0},{"not_picked":["Dodge and Roll","Quick Slash"],"picked":"Corpse Explosion","floor":11.0},{"not_picked":["Deflect","Underhanded Strike","Cloak And Dagger"],"picked":"SKIP","floor":14.0},{"not_picked":["Reflex","Underhanded Strike+1","Acrobatics"],"picked":"SKIP","floor":18.0},{"not_picked":["Expertise","Backflip"],"picked":"PiercingWail","floor":21.0},{"not_picked":["Dagger Throw","Predator"],"picked":"PiercingWail","floor":24.0},{"not_picked":["Slice","Flechettes","Outmaneuver"],"picked":"SKIP","floor":28.0},{"not_picked":["Prepared","Finisher"],"picked":"Adrenaline","floor":31.0},{"not_picked":["Unload","Venomology"],"picked":"Wraith Form v2","floor":33.0},{"not_picked":["Acrobatics","Escape Plan","Infinite Blades"],"picked":"SKIP","floor":35.0},{"not_picked":["Slice","Blade Dance","Cloak And Dagger"],"picked":"SKIP","floor":36.0},{"not_picked":["Dagger Throw","Distraction","Outmaneuver+1"],"picked":"SKIP","floor":38.0},{"not_picked":["Acrobatics","Flying Knee","Infinite Blades+1"],"picked":"SKIP","floor":39.0},{"not_picked":["Blade Dance+1","Reflex","Finisher"],"picked":"SKIP","floor":41.0},{"not_picked":["Sucker Punch+1","Setup"],"picked":"Blur","floor":44},{"not_picked":["Glass Knife","Prepared"],"picked":"Backflip","floor":46},{"not_picked":["Flying Knee","Poisoned Stab+1","All Out Attack"],"picked":"SKIP","floor":48},{"not_picked":["Flying Knee","Poisoned Stab+1","All Out Attack"],"picked":"SKIP","floor":48}],"player_experience":930971,"relics_obtained":[{"floor":7.0,"key":"Ancient Tea Set"},{"floor":9.0,"key":"Snake Skull"},{"floor":10.0,"key":"The Courier"},{"floor":24.0,"key":"Lantern"},{"floor":26.0,"key":"Orichalcum"},{"floor":29.0,"key":"Centennial Puzzle"},{"floor":31.0,"key":"Calipers"},{"floor":41.0,"key":"StoneCalendar"},{"floor":43.0,"key":"Pen Nib"},{"floor":44,"key":"Mummified Hand"},{"floor":48,"key":"Oddly Smooth Stone"}],"event_choices":[{"event_name":"Living Wall","player_choice":"Change","floor":3.0,"damage_taken":0.0},{"event_name":"The Cleric","player_choice":"Healed","floor":8.0,"damage_taken":0.0},{"event_name":"Big Fish","player_choice":"Box","floor":12.0,"damage_taken":0.0},{"event_name":"Drug Dealer","player_choice":"Inject Mutagens","floor":19.0,"damage_taken":0.0},{"event_name":"The Lab","player_choice":"Got Potions","floor":20.0,"damage_taken":0.0},{"event_name":"Addict","player_choice":"Obtained Relic","floor":22.0,"damage_taken":0.0}],"is_beta":false,"boss_relics":[{"not_picked":["Philosopher\u0027s Stone","Runic Dome"],"picked":"Astrolabe"},{"not_picked":["Pandora\u0027s Box","Coffee Dripper"],"picked":"Eternal Feather"}],"items_purged_floors":[13,25],"is_endless":false,"potions_floor_spawned":[4,7,11,16,24,31,35,39,48],"ascension_level":20}