{"gold_per_floor":[114,39,314,214,234,260,260,272,322,322,351,368,385,415,415,488,488,502,268,286,299,317,346,358,400,435,447],"floor_reached":27,"playtime":1347,"items_purged":["Parasite","Regret","Strike_R"],"score":596,"play_id":"d4e0f269-f3c2-4a50-8ad2-e931923b3dbc","local_time":"20190324203531","is_ascension_mode":true,"campfire_choices":[{"data":"Uppercut","floor":7,"key":"SMITH"},{"data":"Bash","floor":10,"key":"SMITH"},{"data":"Armaments","floor":15,"key":"SMITH"},{"floor":24,"key":"REST"}],"neow_cost":"CURSE","seed_source_timestamp":1007828591305558,"circlet_count":0,"master_deck":["AscendersBane","Strike_R","Strike_R","Strike_R","Strike_R","Defend_R","Defend_R","Defend_R","Defend_R","Bash+1","Feed","Uppercut+1","Clothesline","Seeing Red","Shrug It Off","Anger","Power Through","Armaments+1","Spot Weakness","Double Tap","Feel No Pain+1","Corruption","Dual Wield","Warcry+1","Disarm","Evolve"],"relics":["Burning Blood","Pen Nib","Vajra","The Courier","Oddly Smooth Stone","Sozu","MawBank","Blood Vial","Lantern"],"potions_floor_usage":[14,20,25],"damage_taken":[{"damage":7,"enemies":"Cultist","floor":1,"turns":4},{"damage":7,"enemies":"Jaw Worm","floor":5,"turns":4},{"damage":30,"enemies":"Gremlin Nob","floor":6,"turns":4},{"damage":1,"enemies":"Small Slimes","floor":8,"turns":3},{"damage":10,"enemies":"Lagavulin","floor":11,"turns":5},{"damage":9,"enemies":"3 Louse","floor":12,"turns":6},{"damage":0,"enemies":"Looter","floor":13,"turns":4},{"damage":17,"enemies":"3 Sentries","floor":14,"turns":11},{"damage":21,"enemies":"Hexaghost","floor":16,"turns":11},{"damage":12,"enemies":"Shell Parasite","floor":18,"turns":4},{"damage":14,"enemies":"3 Byrds","floor":20,"turns":5},{"damage":30,"enemies":"Snake Plant","floor":21,"turns":7},{"damage":26,"enemies":"Sentry and Sphere","floor":22,"turns":6},{"damage":27,"enemies":"Book of Stabbing","floor":23,"turns":8},{"damage":50,"enemies":"Gremlin Leader","floor":25,"turns":6},{"damage":15,"enemies":"Colosseum Slavers","floor":27,"turns":1}],"seed_played":"1702663742326101465","potions_obtained":[{"floor":11,"key":"Fire Potion"},{"floor":13,"key":"Explosive Potion"},{"floor":14,"key":"AttackPotion"}],"is_trial":false,"path_per_floor":["M","$","?","$","M","E","R","M","T","R","E","M","M","E","R","B",null,"M","$","M","M","M","E","R","E","T","?"],"character_chosen":"IRONCLAD","items_purchased":["Corruption","Dual Wield"],"campfire_rested":1,"item_purchase_floors":[19,19],"current_hp_per_floor":[70,70,70,70,72,48,48,56,56,56,55,55,64,57,57,46,85,83,83,78,57,40,19,52,8,8,0],"gold":447,"neow_bonus":"THREE_RARE_CARDS","is_prod":false,"is_daily":false,"chose_seed":false,"campfire_upgraded":3,"win_rate":0,"timestamp":1553474131,"path_taken":["M","$","?","?","M","E","R","M","T","R","E","M","M","E","R","BOSS","M","$","M","M","M","E","R","E","T","?"],"build_version":"2019-03-15","purchased_purges":3,"victory":false,"max_hp_per_floor":[78,75,75,75,78,78,78,81,81,81,84,87,90,94,94,98,98,102,102,105,108,111,111,111,111,111,111],"card_choices":[{"not_picked":["Demon Form","Limit Break"],"picked":"Feed","floor":0},{"not_picked":["Pommel Strike","Headbutt"],"picked":"Uppercut","floor":1},{"not_picked":["Intimidate","Flex"],"picked":"Clothesline","floor":5},{"not_picked":["Iron Wave","Dropkick"],"picked":"Seeing Red","floor":6},{"not_picked":["Body Slam","Sword Boomerang"],"picked":"Shrug It Off","floor":8},{"not_picked":["Clothesline","Berserk"],"picked":"Anger","floor":11},{"not_picked":["Sever Soul","Sword Boomerang"],"picked":"Power Through","floor":12},{"not_picked":["Cleave","Warcry"],"picked":"Armaments","floor":13},{"not_picked":["Uppercut","Berserk"],"picked":"Spot Weakness","floor":14},{"not_picked":["Juggernaut","Bludgeon"],"picked":"Double Tap","floor":16},{"not_picked":["Thunderclap","Body Slam"],"picked":"Feel No Pain+1","floor":18},{"not_picked":["Blood for Blood","Searing Blow+1","Iron Wave"],"picked":"SKIP","floor":20},{"not_picked":["Rupture","Rage"],"picked":"Warcry+1","floor":21},{"not_picked":["Body Slam","Burning Pact"],"picked":"Disarm","floor":22},{"not_picked":["Anger","Inflame+1"],"picked":"Evolve","floor":23},{"not_picked":["Brutality","Twin Strike+1","Thunderclap"],"picked":"SKIP","floor":25}],"player_experience":1242736,"relics_obtained":[{"floor":6,"key":"Pen Nib"},{"floor":9,"key":"Vajra"},{"floor":11,"key":"The Courier"},{"floor":14,"key":"Oddly Smooth Stone"},{"floor":23,"key":"MawBank"},{"floor":25,"key":"Blood Vial"},{"floor":26,"key":"Lantern"}],"event_choices":[{"damage_healed":0,"gold_gain":275,"player_choice":"Desecrate","damage_taken":0,"max_hp_gain":0,"max_hp_loss":0,"event_name":"Golden Shrine","floor":3,"gold_loss":0,"cards_obtained":["Regret"]},{"damage_healed":0,"gold_gain":0,"player_choice":"Fight","damage_taken":0,"max_hp_gain":0,"max_hp_loss":0,"event_name":"Colosseum","floor":27,"gold_loss":0}],"is_beta":true,"boss_relics":[{"not_picked":["Black Blood","Tiny House"],"picked":"Sozu"}],"items_purged_floors":[2,4,19],"is_endless":false,"potions_floor_spawned":[11,13,14,16,21,25],"killed_by":"Colosseum Slavers","ascension_level":20}