{"path_per_floor":["M","?","$","M","?","E","R","$","T","M","M","T","?","M","R","B",null,"M","M","$","M","?","R","M","R","T","E","R","M","E","M","R"],"character_chosen":"THE_SILENT","items_purchased":["Dagger Throw","Leg Sweep","Orichalcum","Accuracy"],"gold_per_floor":[109,184,53,65,65,92,92,92,92,105,118,168,168,185,185,280,280,297,307,85,98,98,98,115,115,115,140,140,151,179,193,193,193],"floor_reached":33,"campfire_rested":5,"playtime":1676,"current_hp_per_floor":[70,59,59,59,59,29,35,35,35,32,30,30,16,16,58,15,70,61,40,40,22,22,66,2,46,46,5,49,37,35,19,65,0],"items_purged":[],"gold":193,"score":287,"play_id":"7572f95f-52a2-4227-a71e-eac6e826579f","local_time":"20180401065521","is_prod":false,"is_daily":false,"is_ascension_mode":false,"campfire_upgraded":1,"timestamp":1522590921,"path_taken":["M","?","$","M","?","E","R","?","T","M","?","?","?","M","R","BOSS","M","M","$","M","?","R","M","R","T","E","R","M","E","M","R","BOSS"],"build_version":"2018-03-29v2","purchased_purges":0,"victory":false,"master_deck":["Defend_G","Defend_G","Defend_G","Defend_G","Defend_G","Strike_G","Strike_G","Strike_G","Strike_G+1","Strike_G+1","Survivor","Neutralize+1","Sucker Punch+1","Dagger Throw","Leg Sweep","Endless Agony","Flying Knee","Slice","After Image","Flying Knee","Outmaneuver","Accuracy","Blade Dance+1","Leg Sweep","Cloak And Dagger","Slice"],"max_hp_per_floor":[70,70,70,70,70,70,70,70,70,70,70,70,70,70,70,70,70,70,70,70,70,70,70,70,70,70,70,70,70,70,70,70,70],"relics":["Eternal Feather","Unceasing Top","Centennial Puzzle","Regal Pillow","Lizard Tail","Orichalcum","Tingsha","Blue Candle","Gambling Chip"],"card_choices":[{"not_picked":["PiercingWail","Expertise"],"picked":"Sucker Punch","floor":1},{"not_picked":["Crippling Poison","Prepared"],"picked":"Endless Agony","floor":4},{"not_picked":["Flechettes","Riddle With Holes"],"picked":"Flying Knee","floor":10},{"not_picked":["Reflex","Blur"],"picked":"Slice","floor":11},{"not_picked":["Envenom","Glass Knife"],"picked":"After Image","floor":16},{"not_picked":["Footwork","Quick Slash"],"picked":"Flying Knee","floor":18},{"not_picked":["Catalyst","Poisoned Stab"],"picked":"Outmaneuver","floor":19},{"not_picked":["Calculated Gamble","Outmaneuver"],"picked":"Blade Dance","floor":21},{"not_picked":["PiercingWail","Finisher"],"picked":"Leg Sweep","floor":27},{"not_picked":["Phantasmal Killer","Underhanded Strike"],"picked":"Cloak And Dagger","floor":30},{"not_picked":["Bane","Prepared"],"picked":"Slice","floor":31}],"player_experience":89475,"potions_floor_usage":[16,16,27,27,30,33],"damage_taken":[{"damage":0,"enemies":"2 Louse","floor":1,"turns":4},{"damage":0,"enemies":"Small Slimes","floor":4,"turns":4},{"damage":30,"enemies":"Gremlin Nob","floor":6,"turns":6},{"damage":3,"enemies":"Jaw Worm","floor":10,"turns":4},{"damage":2,"enemies":"3 Louse","floor":11,"turns":3},{"damage":0,"enemies":"Blue Slaver","floor":14,"turns":3},{"damage":43,"enemies":"The Guardian","floor":16,"turns":11},{"damage":9,"enemies":"Shell Parasite","floor":18,"turns":9},{"damage":21,"enemies":"3 Byrds","floor":19,"turns":10},{"damage":18,"enemies":"Snake Plant","floor":21,"turns":10},{"damage":64,"enemies":"3 Cultists","floor":24,"turns":8},{"damage":41,"enemies":"Book of Stabbing","floor":27,"turns":8},{"damage":12,"enemies":"Snecko","floor":29,"turns":8},{"damage":43,"enemies":"Slavers","floor":30,"turns":8},{"damage":16,"enemies":"Snake Plant","floor":31,"turns":8},{"damage":66,"enemies":"Champ","floor":33,"turns":22}],"event_choices":[{"event_name":"World of Goop","player_choice":"Gather Gold","floor":2,"damage_taken":0},{"event_name":"Living Wall","player_choice":"Grow","floor":5,"damage_taken":0},{"event_name":"Shining Light","player_choice":"Entered Light","floor":13,"damage_taken":0},{"event_name":"Drug Dealer","player_choice":"Ignored","floor":22,"damage_taken":0}],"boss_relics":[{"not_picked":["Runic Dome","Pandora\u0027s Box"],"picked":"Lizard Tail"}],"potions_floor_spawned":[4,10,14,18,19,24,31],"seed_played":"7878484107248005281","killed_by":"Champ","ascension_level":0,"is_trial":false}