{"gold_per_floor":[114,24,24,24,24,55,55,87,111,140,150,150,150,169,169,169],"floor_reached":16,"playtime":789,"items_purged":[],"score":315,"play_id":"05d6b4bd-cf95-441d-8d9d-8708e4cbb4d0","local_time":"20190317092813","is_ascension_mode":true,"campfire_choices":[{"floor":7,"key":"REST"},{"floor":13,"key":"REST"},{"floor":15,"key":"REST"}],"neow_cost":"NONE","seed_source_timestamp":280692357268425,"circlet_count":0,"master_deck":["AscendersBane","Defend_G","Defend_G","Defend_G","Defend_G","Defend_G","Strike_G","Strike_G+1","Strike_G","Strike_G+1","Survivor","Neutralize","Crippling Poison","Well Laid Plans","Bouncing Flask","PiercingWail","Blade Dance","Blade Dance","Backstab"],"relics":["Ring of the Snake","NeowsBlessing","Art of War","Bronze Scales","Happy Flower","Kunai"],"potions_floor_usage":[10,16],"damage_taken":[{"damage":0,"enemies":"2 Louse","floor":1,"turns":1},{"damage":0,"enemies":"Gremlin Nob","floor":6,"turns":1},{"damage":0,"enemies":"Lagavulin","floor":8,"turns":2},{"damage":45,"enemies":"Gremlin Nob","floor":10,"turns":5},{"damage":2,"enemies":"Small Slimes","floor":11,"turns":3},{"damage":0,"enemies":"Jaw Worm","floor":14,"turns":3},{"damage":42,"enemies":"Slime Boss","floor":16,"turns":10}],"seed_played":"-2131291418127027887","potions_obtained":[{"floor":8,"key":"Dexterity Potion"},{"floor":14,"key":"Explosive Potion"}],"is_trial":false,"path_per_floor":["M","$","?","$","?","E","R","E","T","E","M","?","R","M","R","B"],"character_chosen":"THE_SILENT","items_purchased":["Well Laid Plans"],"campfire_rested":3,"item_purchase_floors":[2],"current_hp_per_floor":[59,59,52,52,32,32,51,51,51,6,4,4,23,23,42,0],"gold":169,"neow_bonus":"THREE_ENEMY_KILL","is_prod":false,"is_daily":false,"chose_seed":false,"campfire_upgraded":0,"win_rate":0,"timestamp":1552829293,"path_taken":["M","$","?","$","?","E","R","E","T","E","M","?","R","M","R","BOSS"],"build_version":"2019-03-15","purchased_purges":0,"victory":false,"max_hp_per_floor":[66,66,66,66,66,66,66,66,66,66,66,66,66,66,66,66],"card_choices":[{"not_picked":["Dodge and Roll","Dagger Spray"],"picked":"Crippling Poison","floor":1},{"not_picked":["Slice","Acrobatics"],"picked":"Bouncing Flask","floor":6},{"not_picked":["Dodge and Roll","Quick Slash"],"picked":"PiercingWail","floor":8},{"not_picked":["Grand Finale","Bane"],"picked":"Blade Dance","floor":10},{"not_picked":["Dagger Throw","Poisoned Stab"],"picked":"Blade Dance","floor":11},{"not_picked":["Underhanded Strike","Escape Plan"],"picked":"Backstab","floor":14}],"player_experience":541971,"relics_obtained":[{"floor":6,"key":"Art of War"},{"floor":8,"key":"Bronze Scales"},{"floor":9,"key":"Happy Flower"},{"floor":10,"key":"Kunai"}],"event_choices":[{"cards_removed":["Strike_G"],"damage_healed":0,"gold_gain":0,"player_choice":"Card Removal","damage_taken":7,"max_hp_gain":0,"max_hp_loss":0,"event_name":"Golden Wing","floor":3,"gold_loss":0},{"damage_healed":0,"gold_gain":0,"player_choice":"Entered Light","damage_taken":20,"max_hp_gain":0,"max_hp_loss":0,"event_name":"Shining Light","floor":5,"gold_loss":0,"cards_upgraded":["Strike_G","Strike_G"]},{"damage_healed":0,"gold_gain":0,"player_choice":"Ignored","damage_taken":0,"max_hp_gain":0,"max_hp_loss":0,"event_name":"Liars Game","floor":12,"gold_loss":0}],"is_beta":true,"boss_relics":[],"items_purged_floors":[],"is_endless":false,"potions_floor_spawned":[8,14],"killed_by":"Slime Boss","ascension_level":18}