{"gold_per_floor":[112,125,125,90,90,118,118,149,175,203,148,148,148,168,168,247,247,267,279,379,394,319,319,219,231,256,256,289,308,308,342,342,413,413,427,481,303,403,403,403,431,431,456,483,496,496,509,509,509,509,509,509,509,60,95,95],"floor_reached":57,"playtime":4153,"items_purged":["Pain","Decay","Clumsy","Strike_R"],"score":2724,"play_id":"4c0b0735-0ef9-4822-8a83-6155fe425460","local_time":"20190325110411","is_ascension_mode":true,"campfire_choices":[{"floor":7.0,"key":"REST"},{"data":"Uppercut","floor":12.0,"key":"SMITH"},{"data":"Disarm","floor":15.0,"key":"SMITH"},{"data":"Immolate","floor":23.0,"key":"SMITH"},{"floor":27.0,"key":"REST"},{"data":"Evolve","floor":32.0,"key":"SMITH"},{"floor":40.0,"key":"REST"},{"floor":46.0,"key":"RECALL"},{"floor":49.0,"key":"REST"},{"data":"Demon Form","floor":53.0,"key":"SMITH"}],"neow_cost":"NONE","seed_source_timestamp":0,"circlet_count":0,"master_deck":["AscendersBane","Strike_R","Defend_R","Defend_R","Defend_R","Defend_R","Bash","Barricade","Battle Trance","Evolve+1","Immolate+1","Feed","Thunderclap","Uppercut+1","Disarm+1","Fiend Fire","Shrug It Off","Armaments+1","True Grit+1","Offering","Armaments+1","Exhume","Demon Form+1","Power Through+1","Shrug It Off","Headbutt+1","Pummel+1","Heavy Blade+1","Shrug It Off","Dark Shackles","PanicButton","Inflame+1","Feel No Pain","Power Through"],"special_seed":0,"relics":["Burning Blood","Regal Pillow","Dream Catcher","Orichalcum","Anchor","Mercury Hourglass","Calling Bell","Potion Belt","Kunai","Thread and Needle","Ice Cream","Question Card","Bag of Marbles","Strawberry","Pocketwatch","Philosopher\u0027s Stone","Nunchaku","StoneCalendar","Bottled Flame","Bird Faced Urn","Bronze Scales","Art of War"],"potions_floor_usage":[56,56,56,56],"damage_taken":[{"damage":19.0,"enemies":"Small Slimes","floor":1.0,"turns":3.0},{"damage":19.0,"enemies":"Jaw Worm","floor":2.0,"turns":4.0},{"damage":41.0,"enemies":"Gremlin Nob","floor":6.0,"turns":4.0},{"damage":32.0,"enemies":"Lagavulin","floor":8.0,"turns":6.0},{"damage":2.0,"enemies":"Gremlin Nob","floor":10.0,"turns":3.0},{"damage":0.0,"enemies":"2 Louse","floor":14.0,"turns":3.0},{"damage":37.0,"enemies":"The Guardian","floor":16.0,"turns":16.0},{"damage":10.0,"enemies":"2 Thieves","floor":18.0,"turns":4.0},{"damage":8.0,"enemies":"3 Byrds","floor":19.0,"turns":4.0},{"damage":20.0,"enemies":"Colosseum Slavers","floor":20.0,"turns":4.0},{"damage":13.0,"enemies":"Colosseum Nobs","floor":20.0,"turns":5.0},{"damage":19.0,"enemies":"Snecko","floor":21.0,"turns":6.0},{"damage":5.0,"enemies":"Snake Plant","floor":25.0,"turns":7.0},{"damage":8.0,"enemies":"Gremlin Leader","floor":28.0,"turns":6.0},{"damage":8.0,"enemies":"Cultist and Chosen","floor":29.0,"turns":4.0},{"damage":24.0,"enemies":"Slavers","floor":31.0,"turns":5.0},{"damage":61.0,"enemies":"Collector","floor":33.0,"turns":10.0},{"damage":17.0,"enemies":"3 Shapes","floor":35.0,"turns":4.0},{"damage":40.0,"enemies":"2 Orb Walkers","floor":36.0,"turns":5.0},{"damage":0.0,"enemies":"Mind Bloom Boss Battle","floor":38.0,"turns":9.0},{"damage":18.0,"enemies":"Nemesis","floor":41.0,"turns":9.0},{"damage":29.0,"enemies":"Giant Head","floor":44.0,"turns":8.0},{"damage":0.0,"enemies":"3 Darklings","floor":45.0,"turns":2.0},{"damage":34.0,"enemies":"Spire Growth","floor":47.0,"turns":5.0},{"damage":15.0,"enemies":"Time Eater","floor":50.0,"turns":10.0},{"damage":61.0,"enemies":"Donu and Deca","floor":51.0,"turns":8.0},{"damage":31.0,"enemies":"Shield and Spear","floor":55.0,"turns":7.0},{"damage":89,"enemies":"The Heart","floor":56,"turns":11}],"seed_played":"-2413087542232912520","potions_obtained":[{"floor":2.0,"key":"GamblersBrew"},{"floor":6.0,"key":"Poison Potion"},{"floor":14.0,"key":"EssenceOfSteel"},{"floor":19.0,"key":"Weak Potion"},{"floor":21.0,"key":"Weak Potion"},{"floor":29.0,"key":"GamblersBrew"},{"floor":33.0,"key":"PowerPotion"},{"floor":47.0,"key":"Block Potion"},{"floor":55.0,"key":"Explosive Potion"}],"is_trial":false,"path_per_floor":["M","M","?","?","?","E","R","E","T","E","$","R","$","M","R","B",null,"M","M","?","M","$","R","$","M","T","R","E","M","?","E","R","B",null,"M","?","$","?","?","R","E","?","T","E","M","R","M","?","R","B","B",null,"R","$","E","B",null],"character_chosen":"IRONCLAD","items_purchased":["Block Potion","Dexterity Potion","Bronze Scales","Strength Potion","Feel No Pain"],"campfire_rested":4,"item_purchase_floors":[11,37,54,54,54],"current_hp_per_floor":[55,42,31,49,49,14,51,25,25,32,32,32,32,41,41,13,66,62,63,45,35,35,35,35,40,40,84,93,94,94,80,80,28,96,85,51,51,61,61,110,102,102,102,82,91,91,71,61,115,118,69,118,118,118,95,22],"gold":95,"neow_bonus":"TRANSFORM_CARD","is_prod":false,"is_daily":false,"chose_seed":false,"campfire_upgraded":5,"win_rate":0,"timestamp":1553526251,"path_taken":["M","M","?","?","?","E","R","E","T","E","$","R","?","M","R","BOSS","M","M","?","M","$","R","$","M","T","R","E","M","?","E","R","BOSS","M","?","$","?","?","R","E","?","T","E","M","R","?","?","R","BOSS","BOSS","R","$","E","BOSS"],"build_version":"2019-03-15","purchased_purges":4,"victory":true,"max_hp_per_floor":[75,75,75,75,75,75,75,75,75,78,78,78,78,81,81,84,84,84,87,90,93,93,93,93,97,97,97,108,111,111,115,115,118,118,118,118,118,122,116,116,120,120,120,123,126,126,130,130,130,134,134,134,134,134,134,134],"card_choices":[{"not_picked":["Iron Wave","Cleave"],"picked":"Battle Trance","floor":1.0},{"not_picked":["Havoc","Heavy Blade"],"picked":"Evolve","floor":2.0},{"not_picked":["Bloodletting","Double Tap"],"picked":"Feed","floor":6.0},{"not_picked":["Wild Strike","Perfected Strike"],"picked":"Thunderclap","floor":7.0},{"not_picked":["Cleave","Pommel Strike"],"picked":"Uppercut","floor":8.0},{"not_picked":["Pommel Strike","Clothesline","Warcry"],"picked":"SKIP","floor":10.0},{"not_picked":["Sever Soul","Pommel Strike"],"picked":"Disarm","floor":14.0},{"not_picked":["Berserk","Dark Embrace"],"picked":"Fiend Fire","floor":16.0},{"not_picked":["Infernal Blade","Rage"],"picked":"Shrug It Off","floor":18.0},{"not_picked":["Iron Wave","True Grit"],"picked":"Armaments+1","floor":19.0},{"not_picked":["Feel No Pain","Cleave","Warcry"],"picked":"True Grit+1","floor":21.0},{"not_picked":["Entrench","True Grit","Seeing Red","Sentinel"],"picked":"SKIP","floor":25.0},{"not_picked":["Clash","Warcry","Thunderclap+1"],"picked":"Offering","floor":27.0},{"not_picked":["Second Wind","Twin Strike+1","Rage"],"picked":"Armaments+1","floor":28.0},{"not_picked":["Ghostly Armor","Armaments+1","Havoc","Heavy Blade"],"picked":"SKIP","floor":29.0},{"not_picked":["Body Slam","Fire Breathing","Warcry","Flex"],"picked":"SKIP","floor":31.0},{"not_picked":["Barricade","Exhume","Brutality"],"picked":"Demon Form","floor":33.0},{"not_picked":["Body Slam+1","Anger","Entrench+1","Flex"],"picked":"SKIP","floor":35.0},{"not_picked":["Clash","Blood for Blood+1","Flex+1"],"picked":"Power Through+1","floor":36.0},{"not_picked":["Perfected Strike+1","True Grit","Thunderclap"],"picked":"Shrug It Off","floor":38.0},{"not_picked":["Cleave","Bloodletting","Battle Trance"],"picked":"Headbutt+1","floor":41.0},{"not_picked":["Anger+1","Iron Wave","Havoc+1"],"picked":"Pummel+1","floor":44.0},{"not_picked":["Perfected Strike","Infernal Blade","Carnage"],"picked":"Heavy Blade+1","floor":45.0},{"not_picked":["Sword Boomerang+1","Warcry","Fire Breathing+1"],"picked":"Shrug It Off","floor":47.0},{"not_picked":["Panache","Chrysalis","Enlightenment"],"picked":"Dark Shackles","floor":48.0},{"not_picked":["Purity","Jack Of All Trades","Swift Strike"],"picked":"PanicButton","floor":48.0},{"not_picked":["Havoc","Twin Strike","Clash"],"picked":"Inflame+1","floor":49.0},{"not_picked":["Battle Trance","Perfected Strike","Juggernaut"],"picked":"Power Through","floor":55.0}],"player_experience":1259935,"relics_obtained":[{"floor":6.0,"key":"Dream Catcher"},{"floor":8.0,"key":"Orichalcum"},{"floor":9.0,"key":"Anchor"},{"floor":10.0,"key":"Mercury Hourglass"},{"floor":17.0,"key":"Potion Belt"},{"floor":17.0,"key":"Kunai"},{"floor":17.0,"key":"Thread and Needle"},{"floor":20.0,"key":"Ice Cream"},{"floor":20.0,"key":"Question Card"},{"floor":26.0,"key":"Bag of Marbles"},{"floor":28.0,"key":"Strawberry"},{"floor":31.0,"key":"Pocketwatch"},{"floor":36.0,"key":"Nunchaku"},{"floor":38.0,"key":"StoneCalendar"},{"floor":41.0,"key":"Bottled Flame"},{"floor":44.0,"key":"Bird Faced Urn"},{"floor":55.0,"key":"Art of War"}],"event_choices":[{"damage_healed":0.0,"max_hp_gain":0.0,"max_hp_loss":0.0,"gold_gain":0.0,"event_name":"Scrap Ooze","player_choice":"Success","floor":3.0,"gold_loss":0.0,"damage_taken":11.0,"relics_obtained":["Regal Pillow"]},{"damage_healed":18.0,"max_hp_gain":0.0,"max_hp_loss":0.0,"gold_gain":0.0,"event_name":"The Cleric","player_choice":"Healed","floor":4.0,"gold_loss":35.0,"damage_taken":0.0},{"damage_healed":0.0,"max_hp_gain":0.0,"max_hp_loss":0.0,"gold_gain":0.0,"cards_transformed":["Strike_R"],"event_name":"Living Wall","player_choice":"Change","floor":5.0,"gold_loss":0.0,"damage_taken":0.0,"cards_obtained":["Immolate"]},{"damage_healed":0.0,"max_hp_gain":0.0,"max_hp_loss":0.0,"gold_gain":0.0,"event_name":"Colosseum","player_choice":"Fight","floor":20.0,"gold_loss":0.0,"damage_taken":0.0},{"damage_healed":0.0,"max_hp_gain":0.0,"max_hp_loss":0.0,"gold_gain":0.0,"event_name":"Colosseum","player_choice":"Fought Nobs","floor":20.0,"gold_loss":0.0,"damage_taken":0.0},{"damage_healed":0.0,"max_hp_gain":0.0,"max_hp_loss":0.0,"gold_gain":0.0,"event_name":"The Library","player_choice":"Read","floor":30.0,"gold_loss":0.0,"damage_taken":0.0,"cards_obtained":["Exhume"]},{"damage_healed":0.0,"max_hp_gain":0.0,"max_hp_loss":0.0,"gold_gain":0.0,"event_name":"Mysterious Sphere","player_choice":"Fight","floor":36.0,"gold_loss":0.0,"damage_taken":0.0},{"damage_healed":0.0,"max_hp_gain":0.0,"max_hp_loss":0.0,"gold_gain":0.0,"event_name":"MindBloom","player_choice":"Fight","floor":38.0,"gold_loss":0.0,"damage_taken":0.0},{"damage_healed":0.0,"max_hp_gain":0.0,"max_hp_loss":6.0,"gold_gain":0.0,"event_name":"Winding Halls","player_choice":"Max HP","floor":39.0,"gold_loss":0.0,"damage_taken":0.0},{"cards_removed":["Strike_R"],"damage_healed":0.0,"max_hp_gain":0.0,"max_hp_loss":0.0,"gold_gain":0.0,"event_name":"Falling","player_choice":"Removed Attack","floor":42.0,"gold_loss":0.0,"damage_taken":0.0},{"damage_healed":0.0,"max_hp_gain":0.0,"max_hp_loss":0.0,"gold_gain":0.0,"event_name":"SensoryStone","player_choice":"Memory 3","floor":48.0,"gold_loss":0.0,"damage_taken":10.0}],"is_beta":true,"boss_relics":[{"not_picked":["Tiny House","Ectoplasm"],"picked":"Calling Bell"},{"not_picked":["Lizard Tail","Pandora\u0027s Box"],"picked":"Philosopher\u0027s Stone"}],"items_purged_floors":[22,24,37,54],"is_endless":false,"potions_floor_spawned":[2,6,14,19,21,29,33,41,47,55],"ascension_level":20}