{"gold_per_floor":[118,67,17,27,45,75,75,75,75,75,108,118,118,134,134,134],"floor_reached":16,"playtime":536,"items_purged":[],"score":121,"play_id":"dc7bbe01-c840-4102-b323-ee491e8f32e3","local_time":"20190320030557","is_ascension_mode":true,"campfire_choices":[{"data":"Clothesline","floor":7,"key":"SMITH"},{"data":"Limit Break","floor":10,"key":"SMITH"},{"floor":13,"key":"REST"},{"data":"Spot Weakness","floor":15,"key":"SMITH"}],"neow_cost":"CURSE","seed_source_timestamp":325561102888305,"circlet_count":0,"master_deck":["Strike_R","Strike_R","Strike_R","Strike_R","Strike_R","Defend_R","Defend_R","Defend_R","Defend_R","Bash","Cleave","Clash","Ghostly Armor","Searing Blow","Clothesline+1","Limit Break+1","Bash","Flame Barrier","Spot Weakness+1","Shrug It Off"],"relics":["Burning Blood","Magic Flower","WingedGreaves","Letter Opener","Orichalcum"],"potions_floor_usage":[14,16],"damage_taken":[{"damage":9,"enemies":"2 Louse","floor":1,"turns":3},{"damage":1,"enemies":"Cultist","floor":4,"turns":3},{"damage":0,"enemies":"Small Slimes","floor":5,"turns":3},{"damage":25,"enemies":"3 Sentries","floor":6,"turns":9},{"damage":32,"enemies":"Gremlin Nob","floor":11,"turns":5},{"damage":17,"enemies":"Exordium Thugs","floor":12,"turns":5},{"damage":9,"enemies":"Exordium Wildlife","floor":14,"turns":5},{"damage":57,"enemies":"Slime Boss","floor":16,"turns":10}],"seed_played":"-2880620848301395636","potions_obtained":[{"floor":11,"key":"Strength Potion"},{"floor":12,"key":"GamblersBrew"},{"floor":14,"key":"Ancient Potion"}],"is_trial":false,"path_per_floor":["M","$","?","M","M","E","R","?","T","R","E","M","R","M","R","B"],"character_chosen":"IRONCLAD","items_purchased":["Clash"],"campfire_rested":1,"item_purchase_floors":[2],"current_hp_per_floor":[80,80,80,80,80,64,64,64,64,64,41,33,57,57,57,0],"gold":134,"neow_bonus":"ONE_RARE_RELIC","is_prod":false,"is_daily":false,"chose_seed":false,"campfire_upgraded":3,"win_rate":0,"timestamp":1553076357,"path_taken":["M","$","?","M","M","E","R","?","T","R","E","M","R","M","R","BOSS"],"build_version":"2019-01-23","purchased_purges":0,"victory":false,"max_hp_per_floor":[80,80,80,80,80,80,80,80,80,80,80,80,80,80,80,80],"card_choices":[{"not_picked":["Pummel","Flex"],"picked":"Cleave","floor":1},{"not_picked":["Body Slam","Inflame"],"picked":"Ghostly Armor","floor":4},{"not_picked":["Wild Strike","Sword Boomerang"],"picked":"Searing Blow","floor":5},{"not_picked":["Dual Wield","Cleave"],"picked":"Clothesline","floor":6},{"not_picked":["Shrug It Off","Spot Weakness"],"picked":"Flame Barrier","floor":11},{"not_picked":["Blood for Blood","Wild Strike"],"picked":"Spot Weakness","floor":12},{"not_picked":["Fiend Fire","Headbutt"],"picked":"Shrug It Off","floor":14}],"player_experience":366349,"relics_obtained":[{"floor":6,"key":"WingedGreaves"},{"floor":9,"key":"Letter Opener"},{"floor":11,"key":"Orichalcum"}],"event_choices":[{"cards_removed":["Shame"],"damage_healed":0,"gold_gain":0,"player_choice":"Card Removal","damage_taken":0,"max_hp_gain":0,"max_hp_loss":0,"event_name":"The Cleric","floor":3,"gold_loss":50},{"damage_healed":0,"gold_gain":0,"player_choice":"2 cards matched","damage_taken":0,"max_hp_gain":0,"max_hp_loss":0,"event_name":"Match and Keep!","floor":8,"gold_loss":0,"cards_obtained":["Limit Break","Bash"]}],"is_beta":false,"boss_relics":[],"items_purged_floors":[],"is_endless":false,"potions_floor_spawned":[11,12,14],"killed_by":"Slime Boss","ascension_level":2}