{"gold_per_floor":[109,109,123,136,153,180,180,180,207,233,14,14,30,43,43,139,139,150,150,249,267,267,267,296,313,365,47,59,59,59,77,77,174,174,190,203,303,303,318,318,318,318,364,380,380,81,97,113,113,113],"floor_reached":50,"playtime":2125,"items_purged":["Strike_B"],"score":523,"play_id":"3604a128-7df5-4790-be57-3abc0a15dfe3","local_time":"20190224043020","is_ascension_mode":true,"campfire_choices":[{"data":"Zap","floor":7,"key":"SMITH"},{"floor":12,"key":"REST"},{"floor":15,"key":"REST"},{"data":"Defragment","floor":23,"key":"SMITH"},{"floor":29,"key":"REST"},{"floor":32,"key":"REST"},{"floor":40,"key":"REST"},{"floor":45,"key":"RECALL"},{"floor":49,"key":"REST"}],"neow_cost":"NONE","seed_source_timestamp":302997497064046,"circlet_count":0,"master_deck":["Strike_B","Strike_B","Defend_B","Defend_B","Defend_B+1","Defend_B+1","Zap+1","Dualcast","Gash","Doom and Gloom","Gash","Streamline","Electrodynamics","Go for the Eyes+1","Defragment+1","Scrape+1","Defragment+1","Ball Lightning+1","Seek","Tempest","Redo","Turbo+1","Defragment+1","Gash+1","Capacitor","Steam+1","Turbo+1","Defragment","Go for the Eyes+1"],"relics":["FrozenCore","NeowsBlessing","Ornamental Fan","WingedGreaves","Omamori","Torii","Strawberry","Vajra","Oddly Smooth Stone","Bottled Flame","Orrery","Gambling Chip","Blood Vial"],"potions_floor_usage":[6,10,14,21,21,24,24,24,24,25,31,33,37,44,47,48,50],"damage_taken":[{"damage":0,"enemies":"Small Slimes","floor":1,"turns":1},{"damage":0,"enemies":"Jaw Worm","floor":3,"turns":1},{"damage":0,"enemies":"2 Louse","floor":4,"turns":1},{"damage":12,"enemies":"Blue Slaver","floor":5,"turns":3},{"damage":23,"enemies":"Lagavulin","floor":6,"turns":5},{"damage":15,"enemies":"Gremlin Nob","floor":10,"turns":4},{"damage":0,"enemies":"3 Louse","floor":13,"turns":2},{"damage":2,"enemies":"Lots of Slimes","floor":14,"turns":3},{"damage":40,"enemies":"The Guardian","floor":16,"turns":8},{"damage":9,"enemies":"Shell Parasite","floor":18,"turns":6},{"damage":12,"enemies":"2 Thieves","floor":21,"turns":2},{"damage":24,"enemies":"Slavers","floor":24,"turns":4},{"damage":15,"enemies":"Centurion and Healer","floor":25,"turns":4},{"damage":2,"enemies":"Snecko","floor":28,"turns":5},{"damage":8,"enemies":"Shelled Parasite and Fungi","floor":31,"turns":3},{"damage":46,"enemies":"Automaton","floor":33,"turns":9},{"damage":1,"enemies":"3 Shapes","floor":35,"turns":4},{"damage":1,"enemies":"Orb Walker","floor":36,"turns":4},{"damage":0,"enemies":"Mind Bloom Boss Battle","floor":37,"turns":5},{"damage":53,"enemies":"Spire Growth","floor":39,"turns":5},{"damage":20,"enemies":"3 Darklings","floor":44,"turns":6},{"damage":24,"enemies":"Jaw Worm Horde","floor":47,"turns":3},{"damage":21,"enemies":"Transient","floor":48,"turns":5},{"damage":56,"enemies":"Time Eater","floor":50,"turns":13}],"seed_played":"6611185724934716604","potions_obtained":[{"floor":5,"key":"Strength Potion"},{"floor":6,"key":"EssenceOfSteel"},{"floor":10,"key":"EssenceOfSteel"},{"floor":13,"key":"SpeedPotion"},{"floor":16,"key":"PowerPotion"},{"floor":21,"key":"PowerPotion"},{"floor":22,"key":"Fruit Juice"},{"floor":22,"key":"EntropicBrew"},{"floor":31,"key":"EssenceOfSteel"},{"floor":33,"key":"Fire Potion"},{"floor":37,"key":"Strength Potion"},{"floor":47,"key":"SpeedPotion"}],"is_trial":false,"path_per_floor":["M","?","M","M","M","E","R","T","T","E","$","R","M","M","R","B",null,"M","?","?","M","?","R","E","M","T","$","M","R","$","M","R","B",null,"M","M","?","?","M","R","?","?","T","M","R","$","M","M","R","B"],"character_chosen":"DEFECT","items_purchased":["Strawberry","Bottled Flame","Defragment","Blood Vial","Regen Potion","Regen Potion"],"campfire_rested":6,"item_purchase_floors":[11,27,27,46,46,46],"current_hp_per_floor":[75,60,60,60,48,25,25,25,25,10,17,41,41,39,63,23,82,73,73,73,61,61,61,42,27,27,27,25,51,51,43,69,23,87,86,85,85,85,32,58,58,58,58,38,38,38,25,21,47,0],"gold":113,"neow_bonus":"THREE_ENEMY_KILL","is_prod":false,"is_daily":false,"chose_seed":false,"campfire_upgraded":2,"win_rate":0,"timestamp":1551011420,"path_taken":["M","?","M","M","M","E","R","?","T","E","$","R","M","M","R","BOSS","M","?","?","M","?","R","E","M","T","$","M","R","$","?","R","BOSS","M","M","?","?","?","R","?","?","T","M","R","$","M","M","R","BOSS"],"build_version":"2019-01-23","purchased_purges":1,"victory":false,"max_hp_per_floor":[75,75,75,75,75,75,75,75,75,75,82,82,82,82,82,82,82,82,82,82,82,82,82,87,87,87,87,87,87,87,87,87,87,87,87,87,87,87,87,87,87,87,87,87,87,87,87,87,87,87],"card_choices":[{"not_picked":["Conserve Battery","Stack","Coolheaded"],"picked":"SKIP","floor":1},{"not_picked":["Double Energy","Reinforced Body"],"picked":"Gash","floor":3},{"not_picked":["Hologram","Compile Driver"],"picked":"Doom and Gloom","floor":4},{"not_picked":["Hologram","Lockon"],"picked":"Gash","floor":5},{"not_picked":["Reprogram","Doom and Gloom"],"picked":"Streamline","floor":6},{"not_picked":["Turbo","Go for the Eyes","Barrage"],"picked":"SKIP","floor":10},{"not_picked":["Beam Cell","Go for the Eyes","Chill"],"picked":"SKIP","floor":13},{"not_picked":["Leap","Go for the Eyes","Skim"],"picked":"SKIP","floor":14},{"not_picked":["Fission","Creative AI"],"picked":"Electrodynamics","floor":16},{"not_picked":["Sweeping Beam","Rebound"],"picked":"Go for the Eyes+1","floor":18},{"not_picked":["Barrage","Coolheaded"],"picked":"Defragment","floor":21},{"not_picked":["Leap","Chaos"],"picked":"Scrape+1","floor":24},{"not_picked":["Blizzard","Steam Power","Sweeping Beam"],"picked":"SKIP","floor":25},{"not_picked":["Reprogram","Storm+1","Aggregate"],"picked":"SKIP","floor":28},{"not_picked":["Conserve Battery","Darkness"],"picked":"Ball Lightning+1","floor":31},{"not_picked":["Core Surge","Meteor Strike"],"picked":"Seek","floor":33},{"not_picked":["Coolheaded","Ball Lightning"],"picked":"Tempest","floor":34},{"not_picked":["Storm","Coolheaded"],"picked":"Redo","floor":34},{"not_picked":["Stack","Conserve Battery"],"picked":"Turbo+1","floor":34},{"not_picked":["BootSequence","Chaos+1"],"picked":"Defragment+1","floor":35},{"not_picked":["Sweeping Beam","Compile Driver"],"picked":"Gash+1","floor":36},{"not_picked":["Reprogram","Chill+1"],"picked":"Capacitor","floor":37},{"not_picked":["Blizzard+1","Hologram"],"picked":"Steam+1","floor":39},{"not_picked":["Doom and Gloom+1","Barrage"],"picked":"Turbo+1","floor":44},{"not_picked":["Reinforced Body","BootSequence"],"picked":"Defragment","floor":47},{"not_picked":["Conserve Battery","Gash"],"picked":"Go for the Eyes+1","floor":48}],"player_experience":267515,"relics_obtained":[{"floor":6,"key":"Ornamental Fan"},{"floor":8,"key":"WingedGreaves"},{"floor":9,"key":"Omamori"},{"floor":10,"key":"Torii"},{"floor":24,"key":"Vajra"},{"floor":26,"key":"Oddly Smooth Stone"},{"floor":37,"key":"Gambling Chip"}],"event_choices":[{"damage_healed":0,"gold_gain":0,"player_choice":"Entered Light","damage_taken":15,"max_hp_gain":0,"max_hp_loss":0,"event_name":"Shining Light","floor":2,"gold_loss":0,"cards_upgraded":["Defend_B","Defend_B"]},{"damage_healed":0,"gold_gain":0,"player_choice":"Ignored","damage_taken":0,"max_hp_gain":0,"max_hp_loss":0,"event_name":"Vampires","floor":19,"gold_loss":0},{"damage_healed":0,"gold_gain":99,"player_choice":"Stole From Cult","damage_taken":0,"max_hp_gain":0,"max_hp_loss":0,"event_name":"Nest","floor":20,"gold_loss":0},{"damage_healed":0,"gold_gain":0,"player_choice":"Got Potions","damage_taken":0,"max_hp_gain":0,"max_hp_loss":0,"event_name":"Lab","floor":22,"gold_loss":0},{"damage_healed":0,"gold_gain":0,"player_choice":"Fight","damage_taken":0,"max_hp_gain":0,"max_hp_loss":0,"event_name":"MindBloom","floor":37,"gold_loss":0},{"damage_healed":0,"gold_gain":0,"player_choice":"Forge","damage_taken":0,"max_hp_gain":0,"max_hp_loss":0,"event_name":"Accursed Blacksmith","floor":38,"gold_loss":0,"cards_upgraded":["Defragment"]},{"cards_removed":["Strike_B"],"damage_healed":0,"gold_gain":0,"player_choice":"Removed Attack","damage_taken":0,"max_hp_gain":0,"max_hp_loss":0,"event_name":"Falling","floor":41,"gold_loss":0},{"damage_healed":0,"gold_gain":0,"player_choice":"Ignored","damage_taken":0,"max_hp_gain":0,"max_hp_loss":0,"event_name":"Mysterious Sphere","floor":42,"gold_loss":0}],"is_beta":false,"boss_relics":[{"not_picked":["Runic Dome","Inserter"],"picked":"FrozenCore"},{"not_picked":["Cursed Key","Tiny House"],"picked":"Orrery"}],"items_purged_floors":[11],"is_endless":false,"potions_floor_spawned":[5,6,10,13,16,21,31,33,37,47],"killed_by":"Time Eater","ascension_level":1}