{"gold_per_floor":[218,218,228,29,46,46,71,81,108,136,136,136,153,187,187,258,258,274,274,291,291,341,341,414,414,414,414,444,444,394,458,458,529,529,542,556,556,447,447,447,473,493,493,443,458,458,458,458,458,458,458],"floor_reached":51,"playtime":3598,"items_purged":["Strike_R","Strike_R"],"score":1479,"play_id":"0fb35afa-0393-4de8-88a4-2c762987642b","local_time":"20190317162055","is_ascension_mode":true,"campfire_choices":[{"data":"Uppercut","floor":6.0,"key":"SMITH"},{"data":"Feel No Pain","floor":11.0,"key":"SMITH"},{"data":"Disarm","floor":15.0,"key":"SMITH"},{"data":"Corruption","floor":23.0,"key":"SMITH"},{"floor":25.0,"key":"REST"},{"data":"Immolate","floor":27.0,"key":"SMITH"},{"data":"Ghostly","floor":32.0,"key":"SMITH"},{"data":"Ghostly","floor":40.0,"key":"SMITH"},{"floor":46,"key":"RECALL"},{"data":"Burning Pact","floor":49,"key":"SMITH"}],"neow_cost":"NONE","seed_source_timestamp":385377058848570,"circlet_count":0,"master_deck":["AscendersBane","Strike_R","Strike_R","Defend_R","Defend_R","Defend_R","Defend_R","Bash","Disarm+1","Corruption+1","Uppercut+1","Headbutt","Feel No Pain+1","Thunderclap","Iron Wave","Fiend Fire","Immolate+1","Iron Wave","Burning Pact+1","Ghostly+1","Ghostly+1","Ghostly+1","Juggernaut+1","Shrug It Off","Reaper","Dual Wield+1","Panache+1"],"special_seed":0,"relics":["Burning Blood","Happy Flower","Potion Belt","Oddly Smooth Stone","Regal Pillow","Frozen Egg 2","Kunai","Runic Pyramid","Enchiridion","MutagenicStrength","Question Card","Singing Bowl","Smiling Mask","Tiny Chest","Runic Dome","Incense Burner","Darkstone Periapt"],"potions_floor_usage":[41,50,50,51],"damage_taken":[{"damage":2.0,"enemies":"2 Louse","floor":1.0,"turns":2.0},{"damage":4.0,"enemies":"Cultist","floor":3.0,"turns":5.0},{"damage":5.0,"enemies":"Jaw Worm","floor":5.0,"turns":6.0},{"damage":19.0,"enemies":"Gremlin Nob","floor":7.0,"turns":4.0},{"damage":9.0,"enemies":"3 Louse","floor":8.0,"turns":4.0},{"damage":33.0,"enemies":"Lagavulin","floor":10.0,"turns":8.0},{"damage":0.0,"enemies":"Looter","floor":13.0,"turns":3.0},{"damage":4.0,"enemies":"3 Sentries","floor":14.0,"turns":10.0},{"damage":8.0,"enemies":"Hexaghost","floor":16.0,"turns":13.0},{"damage":20.0,"enemies":"2 Thieves","floor":18.0,"turns":5.0},{"damage":0.0,"enemies":"3 Byrds","floor":20.0,"turns":6.0},{"damage":2.0,"enemies":"Book of Stabbing","floor":28.0,"turns":5.0},{"damage":0.0,"enemies":"Gremlin Leader","floor":31.0,"turns":5.0},{"damage":1.0,"enemies":"Automaton","floor":33.0,"turns":8.0},{"damage":10.0,"enemies":"Orb Walker","floor":35.0,"turns":3.0},{"damage":5.0,"enemies":"3 Darklings","floor":36.0,"turns":5.0},{"damage":4,"enemies":"Reptomancer","floor":41,"turns":5},{"damage":0,"enemies":"Writhing Mass","floor":42,"turns":6},{"damage":0,"enemies":"Transient","floor":45,"turns":6},{"damage":58,"enemies":"Awakened One","floor":50,"turns":76},{"damage":16,"enemies":"Time Eater","floor":51,"turns":3}],"seed_played":"8326153043390005712","potions_obtained":[{"floor":7.0,"key":"Dexterity Potion"},{"floor":10.0,"key":"Dexterity Potion"},{"floor":14.0,"key":"Energy Potion"},{"floor":20.0,"key":"PowerPotion"},{"floor":28.0,"key":"SkillPotion"},{"floor":35.0,"key":"Block Potion"},{"floor":42,"key":"FearPotion"}],"is_trial":false,"path_per_floor":["M","?","M","$","M","R","E","M","T","E","R","T","M","E","R","B",null,"M","?","M","?","?","R","T","R","T","R","E","?","?","E","R","B",null,"M","M","?","$","?","R","E","M","T","$","M","R","T","?","R","B","B"],"character_chosen":"IRONCLAD","items_purchased":["Uppercut","Happy Flower","Shrug It Off"],"campfire_rested":1,"item_purchase_floors":[4,4,38],"current_hp_per_floor":[72,72,74,74,75,75,62,59,59,32,32,32,38,40,40,38,66,52,31,37,37,37,37,37,74,74,74,75,37,37,39,39,39,39,37,40,40,40,40,40,41,43,43,43,43,43,43,37,37,16,0],"gold":458,"neow_bonus":"HUNDRED_GOLD","is_prod":false,"is_daily":false,"chose_seed":false,"campfire_upgraded":8,"win_rate":0,"timestamp":1552854055,"path_taken":["M","?","M","$","?","R","E","M","T","E","R","?","M","E","R","BOSS","M","?","M","?","?","R","?","R","T","R","E","?","?","E","R","BOSS","M","?","?","$","?","R","E","M","T","?","?","R","?","?","R","BOSS","BOSS"],"build_version":"2019-03-15","purchased_purges":2,"victory":false,"max_hp_per_floor":[75,75,75,75,75,75,75,75,75,75,75,75,75,75,75,75,75,75,75,75,75,75,75,75,75,75,75,75,37,37,39,39,39,39,41,43,43,43,41,41,41,43,43,43,43,43,43,47,47,47,47],"card_choices":[{"not_picked":["Iron Wave","Hemokinesis"],"picked":"Disarm","floor":1.0},{"not_picked":["Twin Strike","Iron Wave"],"picked":"Corruption","floor":3.0},{"not_picked":["Twin Strike","Clash"],"picked":"Headbutt","floor":5.0},{"not_picked":["Limit Break","Headbutt"],"picked":"Feel No Pain","floor":7.0},{"not_picked":["Warcry","Iron Wave"],"picked":"Thunderclap","floor":8.0},{"not_picked":["Rage","Second Wind"],"picked":"Iron Wave","floor":10.0},{"not_picked":["Armaments","Bloodletting","Entrench"],"picked":"SKIP","floor":13.0},{"not_picked":["Pommel Strike","Armaments"],"picked":"Fiend Fire","floor":14.0},{"not_picked":["Fiend Fire","Offering"],"picked":"Immolate","floor":16.0},{"not_picked":["Dropkick","Warcry","Flex"],"picked":"SKIP","floor":18.0},{"not_picked":["Bludgeon","Flex+1"],"picked":"Iron Wave","floor":20.0},{"not_picked":["Feel No Pain+1","Headbutt","Fire Breathing+1"],"picked":"Burning Pact","floor":28.0},{"not_picked":["Wild Strike+1","Body Slam","Bloodletting+1","Clash"],"picked":"Singing Bowl","floor":31.0},{"not_picked":["Exhume","Double Tap","Reaper"],"picked":"Juggernaut+1","floor":33.0},{"not_picked":["Fire Breathing+1","Rampage","Headbutt","Armaments"],"picked":"Singing Bowl","floor":35.0},{"not_picked":["Cleave","Perfected Strike","Pommel Strike","Clash+1"],"picked":"Singing Bowl","floor":36.0},{"not_picked":["Wild Strike","Flame Barrier","Second Wind"],"picked":"Reaper","floor":41},{"not_picked":["Thunderclap","Entrench","Body Slam+1","Dropkick+1"],"picked":"Singing Bowl","floor":42},{"not_picked":["Iron Wave","Rampage","Pummel"],"picked":"Dual Wield+1","floor":45},{"not_picked":["Secret Weapon","Panacea","Magnetism+1"],"picked":"Panache+1","floor":48},{"not_picked":["Good Instincts","Apotheosis","Panacea","Finesse"],"picked":"Singing Bowl","floor":48},{"not_picked":["Panacea","Good Instincts","PanicButton","Impatience"],"picked":"Singing Bowl","floor":48}],"player_experience":1130032,"relics_obtained":[{"floor":7.0,"key":"Potion Belt"},{"floor":9.0,"key":"Oddly Smooth Stone"},{"floor":10.0,"key":"Regal Pillow"},{"floor":12.0,"key":"Frozen Egg 2"},{"floor":14.0,"key":"Kunai"},{"floor":19.0,"key":"Enchiridion"},{"floor":24.0,"key":"Question Card"},{"floor":26.0,"key":"Singing Bowl"},{"floor":28.0,"key":"Smiling Mask"},{"floor":31.0,"key":"Tiny Chest"},{"floor":41,"key":"Incense Burner"},{"floor":47,"key":"Darkstone Periapt"}],"event_choices":[{"cards_removed":["Strike_R"],"damage_healed":0.0,"max_hp_gain":0.0,"max_hp_loss":0.0,"gold_gain":0.0,"event_name":"Bonfire Elementals","player_choice":"Offered Basic","floor":2.0,"gold_loss":0.0,"damage_taken":0.0},{"damage_healed":0.0,"max_hp_gain":0.0,"max_hp_loss":0.0,"gold_gain":0.0,"event_name":"Cursed Tome","player_choice":"Obtained Book","floor":19.0,"gold_loss":0.0,"damage_taken":21.0},{"damage_healed":0.0,"max_hp_gain":0.0,"max_hp_loss":0.0,"gold_gain":0.0,"event_name":"Drug Dealer","player_choice":"Inject Mutagens","floor":21.0,"gold_loss":0.0,"damage_taken":0.0,"relics_obtained":["MutagenicStrength"]},{"damage_healed":0.0,"max_hp_gain":0.0,"max_hp_loss":0.0,"gold_gain":50.0,"event_name":"Nest","player_choice":"Stole From Cult","floor":22.0,"gold_loss":0.0,"damage_taken":0.0},{"damage_healed":0.0,"max_hp_gain":0.0,"max_hp_loss":38.0,"gold_gain":0.0,"event_name":"Ghosts","player_choice":"Became a Ghost","floor":29.0,"gold_loss":0.0,"damage_taken":0.0,"cards_obtained":["Ghostly","Ghostly","Ghostly"]},{"damage_healed":0.0,"max_hp_gain":0.0,"max_hp_loss":0.0,"gold_gain":0.0,"event_name":"Designer","player_choice":"Upgrade","floor":30.0,"gold_loss":50.0,"damage_taken":0.0,"cards_upgraded":["Ghostly"]},{"damage_healed":0.0,"max_hp_gain":0.0,"max_hp_loss":0.0,"gold_gain":0.0,"event_name":"Tomb of Lord Red Mask","player_choice":"Ignored","floor":37.0,"gold_loss":0.0,"damage_taken":0.0},{"damage_healed":0.0,"max_hp_gain":0.0,"max_hp_loss":2.0,"gold_gain":0.0,"event_name":"Winding Halls","player_choice":"Max HP","floor":39.0,"gold_loss":0.0,"damage_taken":0.0},{"damage_healed":0,"gold_gain":0,"player_choice":"Memory 3","damage_taken":10,"max_hp_gain":0,"max_hp_loss":0,"event_name":"SensoryStone","floor":48,"gold_loss":0}],"is_beta":true,"boss_relics":[{"not_picked":["Pandora\u0027s Box","Tiny House"],"picked":"Runic Pyramid"},{"not_picked":["Velvet Choker","Mark of Pain"],"picked":"Runic Dome"}],"items_purged_floors":[38,44],"is_endless":false,"potions_floor_spawned":[7,10,14,20,28,35,42,45],"killed_by":"Time Eater","ascension_level":20}