{"gold_per_floor":[117,117,117,117,131,162,162,191,191,191,201,230,230,246,246,246],"floor_reached":16,"playtime":590,"items_purged":[],"score":236,"play_id":"c5f69ebf-5f9c-41f4-9a4b-6c3a169381fa","local_time":"20180916011545","is_ascension_mode":true,"campfire_choices":[{"floor":7.0,"key":"REST"},{"floor":10.0,"key":"REST"},{"data":"Rebound","floor":13.0,"key":"SMITH"},{"data":"Rainbow","floor":15.0,"key":"SMITH"}],"neow_cost":"NONE","seed_source_timestamp":0,"circlet_count":0,"master_deck":["Strike_B","Defend_B","Defend_B","Defend_B","Defend_B","Zap","Dualcast","AscendersBane","Rebound+1","Rainbow+1","Coolheaded","Self Repair","Streamline","Core Surge","Leap"],"special_seed":0,"relics":["Cracked Core","Shuriken","Regal Pillow","Dodecahedron","Lantern"],"potions_floor_usage":[16],"damage_taken":[{"damage":1.0,"enemies":"Cultist","floor":1.0,"turns":3.0},{"damage":5.0,"enemies":"Jaw Worm","floor":5.0,"turns":4.0},{"damage":44.0,"enemies":"Gremlin Nob","floor":6.0,"turns":4.0},{"damage":15.0,"enemies":"Lagavulin","floor":8.0,"turns":5.0},{"damage":2.0,"enemies":"2 Louse","floor":11.0,"turns":4.0},{"damage":39.0,"enemies":"Gremlin Nob","floor":12.0,"turns":4.0},{"damage":4.0,"enemies":"Gremlin Gang","floor":14.0,"turns":3.0},{"damage":37,"enemies":"Hexaghost","floor":16,"turns":11}],"seed_played":"2629919807594459498","potions_obtained":[{"floor":6.0,"key":"Strength Potion"},{"floor":8.0,"key":"Dexterity Potion"}],"is_trial":false,"path_per_floor":["M","?","?","?","M","E","R","E","T","R","M","E","R","M","R"],"character_chosen":"DEFECT","items_purchased":[],"campfire_rested":2,"item_purchase_floors":[],"current_hp_per_floor":[70,63,63,63,58,14,37,29,29,67,72,40,40,43,43,6],"gold":246,"neow_bonus":"TEN_PERCENT_HP_BONUS","is_prod":false,"is_daily":false,"chose_seed":false,"campfire_upgraded":2,"win_rate":0,"timestamp":1537074945,"path_taken":["M","?","?","?","?","E","R","E","T","R","M","E","R","?","R","BOSS"],"build_version":"2018-09-06","purchased_purges":0,"victory":false,"max_hp_per_floor":[78,78,78,78,78,78,78,78,78,78,78,78,78,78,78,78],"card_choices":[{"not_picked":["Turbo","Aggregate"],"picked":"Rebound","floor":1.0},{"not_picked":["Skim","Recycle"],"picked":"Coolheaded","floor":5.0},{"not_picked":["Gash","Darkness"],"picked":"Self Repair","floor":6.0},{"not_picked":["Aggregate","Chaos","Amplify"],"picked":"SKIP","floor":8.0},{"not_picked":["Stack","Leap"],"picked":"Streamline","floor":11.0},{"not_picked":["Lockon","Stack"],"picked":"Core Surge","floor":12.0},{"not_picked":["Steam","Hello World"],"picked":"Leap","floor":14.0}],"player_experience":858575,"relics_obtained":[{"floor":6.0,"key":"Shuriken"},{"floor":8.0,"key":"Regal Pillow"},{"floor":9.0,"key":"Dodecahedron"},{"floor":12.0,"key":"Lantern"}],"event_choices":[{"event_name":"Golden Wing","player_choice":"Card Removal","floor":2.0,"damage_taken":0.0},{"event_name":"Purifier","player_choice":"One Purge","floor":3.0,"damage_taken":0.0},{"event_name":"Transmorgrifier","player_choice":"Transform","floor":4.0,"damage_taken":0.0}],"is_beta":false,"boss_relics":[],"items_purged_floors":[],"is_endless":false,"potions_floor_spawned":[6,8],"killed_by":"Hexaghost","ascension_level":20}