{"gold_per_floor":[117,117,133,133,149,149,180,194,194,194,194,194,194,229,229,308,308,318,373,298,314,328,328],"floor_reached":23,"playtime":698,"items_purged":[],"score":398,"play_id":"5d83f3a5-2e7e-4164-9e24-3441febb6f2f","local_time":"20190223232545","is_ascension_mode":true,"campfire_choices":[{"data":"Zap","floor":6,"key":"SMITH"},{"floor":13,"key":"REST"},{"data":"Doom and Gloom","floor":15,"key":"SMITH"}],"neow_cost":"NONE","seed_source_timestamp":94822756439379,"circlet_count":0,"master_deck":["AscendersBane","Strike_B","Strike_B","Strike_B","Defend_B","Defend_B","Defend_B","Defend_B","Zap+1","Dualcast","Redo","Self Repair","Doom and Gloom+1","Double Energy","Melter","Storm","Electrodynamics","Clumsy","Clumsy","Defragment+1","Leap"],"relics":["Cracked Core","Girya","Sundial","Gremlin Horn","Bottled Flame","Calling Bell","Bag of Marbles","Matryoshka","FossilizedHelix","Tiny Chest","Regal Pillow"],"potions_floor_usage":[7,14,16,22,23],"damage_taken":[{"damage":9,"enemies":"Jaw Worm","floor":1,"turns":3},{"damage":5,"enemies":"2 Louse","floor":3,"turns":3},{"damage":7,"enemies":"Cultist","floor":5,"turns":4},{"damage":38,"enemies":"3 Sentries","floor":7,"turns":8},{"damage":12,"enemies":"Looter","floor":8,"turns":3},{"damage":20,"enemies":"Lagavulin","floor":14,"turns":6},{"damage":21,"enemies":"The Guardian","floor":16,"turns":9},{"damage":19,"enemies":"Shell Parasite","floor":18,"turns":4},{"damage":5,"enemies":"3 Byrds","floor":21,"turns":2},{"damage":17,"enemies":"Centurion and Healer","floor":22,"turns":4},{"damage":18,"enemies":"Book of Stabbing","floor":23,"turns":3}],"seed_played":"-9130923635595568901","potions_obtained":[{"floor":1,"key":"SteroidPotion"},{"floor":3,"key":"Block Potion"},{"floor":11,"key":"AttackPotion"},{"floor":14,"key":"PowerPotion"},{"floor":22,"key":"PowerPotion"}],"is_trial":false,"path_per_floor":["M","?","M","$","M","R","E","M","T","?","?","$","R","E","R","B",null,"M","T","?","M","M","E"],"character_chosen":"DEFECT","items_purchased":[],"campfire_rested":1,"item_purchase_floors":[],"current_hp_per_floor":[55,55,57,57,57,57,26,21,21,16,16,16,37,24,24,10,56,44,44,44,39,29,11],"gold":328,"neow_bonus":"TRANSFORM_CARD","is_prod":false,"is_daily":false,"chose_seed":false,"campfire_upgraded":2,"win_rate":0,"timestamp":1550982345,"path_taken":["M","?","M","$","M","R","E","M","T","?","?","$","R","E","R","BOSS","M","?","?","M","?","E"],"build_version":"2019-02-06","purchased_purges":0,"victory":false,"max_hp_per_floor":[71,71,71,71,71,71,71,71,71,71,71,71,71,71,71,71,71,71,71,71,71,71,71],"card_choices":[{"not_picked":["Aggregate","Fusion"],"picked":"Self Repair","floor":1},{"not_picked":["Rebound","Ball Lightning"],"picked":"Doom and Gloom","floor":3},{"not_picked":["Beam Cell","Fusion","Double Energy"],"picked":"SKIP","floor":5},{"not_picked":["Beam Cell","Stack"],"picked":"Double Energy","floor":7},{"not_picked":["Sunder","Blizzard"],"picked":"Melter","floor":8},{"not_picked":["Aggregate","Go for the Eyes"],"picked":"Storm","floor":14},{"not_picked":["Meteor Strike","Machine Learning"],"picked":"Electrodynamics","floor":16},{"not_picked":["Hologram","BootSequence"],"picked":"Defragment+1","floor":18},{"not_picked":["Rip and Tear","Rebound"],"picked":"Leap","floor":21},{"not_picked":["Hello World","Turbo","Scrape"],"picked":"SKIP","floor":22}],"player_experience":988985,"relics_obtained":[{"floor":7,"key":"Girya"},{"floor":9,"key":"Sundial"},{"floor":14,"key":"Bottled Flame"},{"floor":17,"key":"Bag of Marbles"},{"floor":17,"key":"Matryoshka"},{"floor":17,"key":"FossilizedHelix"},{"floor":19,"key":"Tiny Chest"},{"floor":19,"key":"Regal Pillow"}],"event_choices":[{"damage_healed":0,"gold_gain":0,"player_choice":"Ignored","damage_taken":0,"max_hp_gain":0,"max_hp_loss":0,"event_name":"Golden Wing","floor":2,"gold_loss":0},{"damage_healed":0,"gold_gain":0,"player_choice":"Success","damage_taken":5,"relics_obtained":["Gremlin Horn"],"max_hp_gain":0,"max_hp_loss":0,"event_name":"Scrap Ooze","floor":10,"gold_loss":0},{"damage_healed":0,"gold_gain":0,"player_choice":"Got Potions","damage_taken":0,"max_hp_gain":0,"max_hp_loss":0,"event_name":"Lab","floor":11,"gold_loss":0},{"cards_removed":["Decay"],"damage_healed":0,"gold_gain":0,"player_choice":"Gave Gold","damage_taken":0,"max_hp_gain":0,"max_hp_loss":0,"event_name":"Beggar","floor":20,"gold_loss":75}],"is_beta":true,"boss_relics":[{"not_picked":["Runic Pyramid","Busted Crown"],"picked":"Calling Bell"}],"items_purged_floors":[],"is_endless":false,"potions_floor_spawned":[1,3,5,14,22],"killed_by":"Book of Stabbing","ascension_level":20}