{"gold_per_floor":[116,136,156,167,17,46,61,61,61,90,90,15,30,30,30,30],"floor_reached":16,"playtime":1026,"items_purged":["Strike_R"],"score":213,"play_id":"f6c92ca5-209e-4ad3-ab64-5f7c3c0ed7c5","local_time":"20190317075750","is_ascension_mode":true,"campfire_choices":[{"data":"Body Slam","floor":8,"key":"SMITH"},{"data":"Bash","floor":11,"key":"SMITH"},{"floor":15,"key":"REST"}],"neow_cost":"NONE","seed_source_timestamp":275031674909896,"circlet_count":0,"master_deck":["AscendersBane","Strike_R","Strike_R","Defend_R","Defend_R","Defend_R","Defend_R","Bash+1","Shrug It Off","Shrug It Off+1","Body Slam+1","Whirlwind","Offering","Carnage","Headbutt","Pommel Strike","Intimidate"],"relics":["Burning Blood","The Courier","Darkstone Periapt","Juzu Bracelet"],"potions_floor_usage":[4,6,10,16],"damage_taken":[{"damage":0,"enemies":"Cultist","floor":1,"turns":4},{"damage":0,"enemies":"2 Louse","floor":2,"turns":3},{"damage":6,"enemies":"Small Slimes","floor":3,"turns":5},{"damage":7,"enemies":"Gremlin Gang","floor":4,"turns":5},{"damage":38,"enemies":"Gremlin Nob","floor":6,"turns":4},{"damage":10,"enemies":"Looter","floor":7,"turns":4},{"damage":10,"enemies":"Lagavulin","floor":10,"turns":5},{"damage":18,"enemies":"Large Slime","floor":13,"turns":3},{"damage":48,"enemies":"Hexaghost","floor":16,"turns":9}],"seed_played":"8033731890104740308","potions_obtained":[{"floor":2,"key":"Explosive Potion"},{"floor":3,"key":"Strength Potion"},{"floor":6,"key":"SteroidPotion"},{"floor":10,"key":"Weak Potion"}],"is_trial":false,"path_per_floor":["M","M","M","M","$","E","M","R","T","E","R","?","M","?","R","B"],"character_chosen":"IRONCLAD","items_purchased":["Carnage"],"campfire_rested":1,"item_purchase_floors":[5],"current_hp_per_floor":[74,75,75,74,74,42,38,38,38,34,34,34,22,22,44,0],"gold":30,"neow_bonus":"TRANSFORM_CARD","is_prod":false,"is_daily":false,"chose_seed":false,"campfire_upgraded":2,"win_rate":0,"timestamp":1552823870,"path_taken":["M","M","M","?","$","E","M","R","T","E","R","?","M","?","R","BOSS"],"build_version":"2019-03-15","purchased_purges":1,"victory":false,"max_hp_per_floor":[75,75,75,75,75,75,75,75,75,75,75,75,75,75,75,75],"card_choices":[{"not_picked":["Anger","Pummel"],"picked":"Shrug It Off","floor":1},{"not_picked":["Armaments","True Grit"],"picked":"Body Slam","floor":2},{"not_picked":["True Grit","Blood for Blood"],"picked":"Whirlwind","floor":3},{"not_picked":["Pommel Strike","Whirlwind"],"picked":"Offering","floor":4},{"not_picked":["Iron Wave","Armaments"],"picked":"Headbutt","floor":6},{"not_picked":["Sentinel","Twin Strike","Blood for Blood"],"picked":"SKIP","floor":7},{"not_picked":["Pummel","Infernal Blade"],"picked":"Pommel Strike","floor":10},{"not_picked":["Rampage","Pommel Strike"],"picked":"Intimidate","floor":13}],"player_experience":536372,"relics_obtained":[{"floor":6,"key":"The Courier"},{"floor":9,"key":"Darkstone Periapt"},{"floor":10,"key":"Juzu Bracelet"}],"event_choices":[{"cards_removed":["Strike_R"],"damage_healed":0,"gold_gain":0,"player_choice":"Card Removal","damage_taken":0,"max_hp_gain":0,"max_hp_loss":0,"event_name":"The Cleric","floor":12,"gold_loss":75},{"damage_healed":0,"gold_gain":0,"player_choice":"Upgraded","damage_taken":0,"max_hp_gain":0,"max_hp_loss":0,"event_name":"Upgrade Shrine","floor":14,"gold_loss":0,"cards_upgraded":["Shrug It Off"]}],"is_beta":true,"boss_relics":[],"items_purged_floors":[5],"is_endless":false,"potions_floor_spawned":[2,3,6,10],"killed_by":"Hexaghost","ascension_level":18}