{"path_per_floor":["M","$","M","M","?","E","R","M","T","$","R","M","R","E","R","B",null,"M","$"],"character_chosen":"DEFECT","items_purchased":["Defragment","Defragment","Heatsinks"],"gold_per_floor":[114,44,56,66,66,94,94,106,131,49,49,69,69,102,102,200,200,220,107,17],"floor_reached":20,"campfire_rested":3,"playtime":541,"item_purchase_floors":[2,10,19],"current_hp_per_floor":[75,75,75,75,75,36,36,19,19,19,41,38,60,36,58,52,75,51,51,0],"items_purged":["Strike_B"],"gold":17,"score":182,"play_id":"a8dd1daa-7f2c-4f6f-8e9a-4856d70de39e","local_time":"20180610062733","is_prod":false,"is_daily":false,"chose_seed":false,"is_ascension_mode":false,"campfire_upgraded":1,"win_rate":0.0,"timestamp":1528637253,"campfire_choices":[{"data":"Defragment","floor":7,"key":"SMITH"},{"floor":11,"key":"REST"},{"floor":13,"key":"REST"},{"floor":15,"key":"REST"}],"path_taken":["M","$","?","M","?","E","R","M","T","$","R","M","R","E","R","BOSS","M","$","M"],"build_version":"2018-06-07v3","seed_source_timestamp":1577843017619018,"purchased_purges":1,"victory":false,"master_deck":["Strike_B","Strike_B","Strike_B","Defend_B","Defend_B","Defend_B","Defend_B","Zap","Dualcast","Defragment","Defragment+1","White Noise+1","Defragment","Reboot","Skim","Heatsinks"],"max_hp_per_floor":[75,75,75,75,75,75,75,75,75,75,75,75,75,75,75,75,75,75,75,75],"relics":["Cracked Core","NeowsBlessing","Potion Belt","Happy Flower","Juzu Bracelet","Inserter"],"card_choices":[{"not_picked":["Steam","Hologram"],"picked":"Defragment","floor":1},{"not_picked":["Hologram","Streamline"],"picked":"White Noise","floor":3},{"not_picked":["Hologram","Coolheaded","Gash"],"picked":"SKIP","floor":4},{"not_picked":["Reinforced Body","Consume","Stack"],"picked":"SKIP","floor":6},{"not_picked":["Gash","Rebound","Sweeping Beam"],"picked":"SKIP","floor":8},{"not_picked":["Ball Lightning","Machine Learning","Rebound"],"picked":"SKIP","floor":12},{"not_picked":["Scrape","Cold Snap","FTL"],"picked":"SKIP","floor":14},{"not_picked":["Hyperbeam","All For One"],"picked":"Reboot","floor":16},{"not_picked":["Go for the Eyes","Turbo"],"picked":"Skim","floor":18}],"player_experience":176568,"potions_floor_usage":[8,14],"damage_taken":[{"damage":0,"enemies":"Cultist","floor":1,"turns":1},{"damage":0,"enemies":"Jaw Worm","floor":3,"turns":1},{"damage":0,"enemies":"2 Louse","floor":4,"turns":1},{"damage":39,"enemies":"3 Sentries","floor":6,"turns":7},{"damage":17,"enemies":"Exordium Thugs","floor":8,"turns":4},{"damage":3,"enemies":"Gremlin Gang","floor":12,"turns":3},{"damage":24,"enemies":"Gremlin Nob","floor":14,"turns":4},{"damage":6,"enemies":"Slime Boss","floor":16,"turns":6},{"damage":24,"enemies":"Shell Parasite","floor":18,"turns":6},{"damage":53,"enemies":"2 Thieves","floor":20,"turns":3}],"relics_obtained":[{"floor":6,"key":"Potion Belt"},{"floor":9,"key":"Happy Flower"},{"floor":14,"key":"Juzu Bracelet"}],"event_choices":[{"event_name":"Accursed Blacksmith","player_choice":"Forge","floor":5,"damage_taken":0}],"boss_relics":[{"not_picked":["Pandora\u0027s Box","Astrolabe"],"picked":"Inserter"}],"items_purged_floors":[19],"potions_floor_spawned":[6,12,14],"seed_played":"3744053667468556148","killed_by":"2 Thieves","ascension_level":0,"potions_obtained":[{"floor":6,"key":"Block Potion"},{"floor":12,"key":"Strength Potion"},{"floor":14,"key":"SteroidPotion"}],"is_trial":false}