{"gold_per_floor":[111,111,111,123,46,46,73,84,84,84],"floor_reached":10,"playtime":428,"items_purged":[],"score":73,"play_id":"62b4b286-cf67-40ff-bc69-29b6cd57a93a","local_time":"20190318035713","is_ascension_mode":true,"campfire_choices":[{"data":"Leg Sweep","floor":6,"key":"SMITH"}],"neow_cost":"CURSE","seed_source_timestamp":155929616084832,"circlet_count":0,"master_deck":["Defend_G","Defend_G","Defend_G","Defend_G","Defend_G","Strike_G","Strike_G","Strike_G","Strike_G","Strike_G","Survivor","Neutralize","Leg Sweep+1","Crippling Poison"],"relics":["Ring of the Snake","Unceasing Top","Incense Burner"],"potions_floor_usage":[10],"damage_taken":[{"damage":2,"enemies":"Jaw Worm","floor":1,"turns":6},{"damage":0,"enemies":"2 Louse","floor":4,"turns":3},{"damage":39,"enemies":"3 Sentries","floor":7,"turns":20},{"damage":2,"enemies":"Cultist","floor":8,"turns":5},{"damage":30,"enemies":"Lagavulin","floor":10,"turns":9}],"seed_played":"-5578884081032410522","potions_obtained":[{"floor":4,"key":"EssenceOfSteel"}],"is_trial":false,"path_per_floor":["M","?","?","M","$","R","E","M","T","E"],"character_chosen":"THE_SILENT","items_purchased":["Leg Sweep"],"campfire_rested":0,"item_purchase_floors":[5],"current_hp_per_floor":[68,73,66,66,66,66,27,25,25,0],"gold":84,"neow_bonus":"ONE_RARE_RELIC","is_prod":false,"is_daily":false,"chose_seed":false,"campfire_upgraded":1,"win_rate":0,"timestamp":1552906633,"path_taken":["M","?","?","M","$","R","E","M","T","E"],"build_version":"2019-01-23","purchased_purges":0,"victory":false,"max_hp_per_floor":[70,75,75,75,75,75,75,75,75,75],"card_choices":[{"not_picked":["Bouncing Flask","Slice","Dagger Spray"],"picked":"SKIP","floor":1},{"not_picked":["Slice","Accuracy","Eviscerate"],"picked":"SKIP","floor":4},{"not_picked":["Deadly Poison","Masterful Stab","Heel Hook"],"picked":"SKIP","floor":7},{"not_picked":["Cloak And Dagger","Flying Knee"],"picked":"Crippling Poison","floor":8}],"player_experience":352623,"relics_obtained":[{"floor":7,"key":"Incense Burner"}],"event_choices":[{"damage_healed":0,"gold_gain":0,"player_choice":"Donut","damage_taken":0,"max_hp_gain":5,"max_hp_loss":0,"event_name":"Big Fish","floor":2,"gold_loss":0},{"cards_removed":["Normality"],"damage_healed":0,"gold_gain":0,"player_choice":"Card Removal","damage_taken":7,"max_hp_gain":0,"max_hp_loss":0,"event_name":"Golden Wing","floor":3,"gold_loss":0}],"is_beta":false,"boss_relics":[],"items_purged_floors":[],"is_endless":false,"potions_floor_spawned":[4],"killed_by":"Lagavulin","ascension_level":2}