{"gold_per_floor":[119,119,119,119,219,219,251,251,251,265,133,133,152,172,172,172],"floor_reached":16,"playtime":332,"items_purged":[],"score":131,"play_id":"83562cb7-d340-471b-9a72-ccb6237aa94e","local_time":"20190221051846","is_ascension_mode":true,"campfire_choices":[{"data":"Zap","floor":6,"key":"SMITH"},{"data":"Dualcast","floor":8,"key":"SMITH"},{"data":"Genetic Algorithm","floor":12,"key":"SMITH"},{"floor":15,"key":"REST"}],"neow_cost":"NONE","seed_source_timestamp":48475355179186,"circlet_count":0,"master_deck":["Strike_B","Strike_B","Strike_B","Strike_B","Defend_B","Defend_B","Defend_B","Defend_B","Zap+1","Dualcast+1","Genetic Algorithm+1","Gash","Ball Lightning"],"relics":["Cracked Core","NeowsBlessing","Lantern","Darkstone Periapt","Ginger"],"potions_floor_usage":[16],"damage_taken":[{"damage":0,"enemies":"Cultist","floor":1,"turns":1},{"damage":0,"enemies":"Small Slimes","floor":3,"turns":1},{"damage":0,"enemies":"Lagavulin","floor":7,"turns":1},{"damage":0,"enemies":"2 Louse","floor":10,"turns":2},{"damage":14,"enemies":"Gremlin Gang","floor":13,"turns":4},{"damage":28,"enemies":"Exordium Wildlife","floor":14,"turns":5},{"damage":56,"enemies":"Hexaghost","floor":16,"turns":9}],"seed_played":"-7530167601174029080","potions_obtained":[{"floor":13,"key":"Dexterity Potion"}],"is_trial":false,"path_per_floor":["M","?","M","?","?","R","E","R","T","M","?","R","M","M","R","B"],"character_chosen":"DEFECT","items_purchased":[],"campfire_rested":1,"item_purchase_floors":[],"current_hp_per_floor":[75,75,75,75,75,75,75,75,75,75,75,75,61,33,55,0],"gold":172,"neow_bonus":"THREE_ENEMY_KILL","is_prod":false,"is_daily":false,"chose_seed":false,"campfire_upgraded":3,"win_rate":0,"timestamp":1550755126,"path_taken":["M","?","M","?","?","R","E","R","T","?","?","R","?","M","R","BOSS"],"build_version":"2019-01-23","purchased_purges":0,"victory":false,"max_hp_per_floor":[75,75,75,75,75,75,75,75,75,75,75,75,75,75,75,75],"card_choices":[{"not_picked":["Cold Snap","Compile Driver","Hologram"],"picked":"SKIP","floor":1},{"not_picked":["Redo","Ball Lightning","Compile Driver"],"picked":"SKIP","floor":3},{"not_picked":["Hyperbeam","Tempest","Compile Driver"],"picked":"SKIP","floor":7},{"not_picked":["BootSequence","Beam Cell"],"picked":"Genetic Algorithm","floor":10},{"not_picked":["Beam Cell","Darkness"],"picked":"Gash","floor":13},{"not_picked":["Rip and Tear","Stack"],"picked":"Ball Lightning","floor":14}],"player_experience":262893,"relics_obtained":[{"floor":7,"key":"Lantern"},{"floor":9,"key":"Darkstone Periapt"}],"event_choices":[{"damage_healed":0,"gold_gain":0,"player_choice":"Leave","damage_taken":0,"max_hp_gain":0,"max_hp_loss":0,"event_name":"The Cleric","floor":2,"gold_loss":0},{"damage_healed":0,"gold_gain":0,"player_choice":"Ignored","damage_taken":0,"max_hp_gain":0,"max_hp_loss":0,"event_name":"Golden Wing","floor":4,"gold_loss":0},{"damage_healed":0,"gold_gain":100,"player_choice":"Pray","damage_taken":0,"max_hp_gain":0,"max_hp_loss":0,"event_name":"Golden Shrine","floor":5,"gold_loss":0},{"damage_healed":0,"gold_gain":0,"player_choice":"Paid Gold","damage_taken":0,"relics_obtained":["Ginger"],"max_hp_gain":0,"max_hp_loss":0,"event_name":"WeMeetAgain","floor":11,"gold_loss":132}],"is_beta":false,"boss_relics":[],"items_purged_floors":[],"is_endless":false,"potions_floor_spawned":[13],"killed_by":"Hexaghost","ascension_level":1}