{"path_per_floor":["M","M","?","$","T","R","M","?","T","E","R","M","E","M","R","B",null,"M","M","?","?","M","R","E","$","T","$","E","R","M","M","R","B",null,"M","$","?","M","?","T","E","M","T","M","M","R","M","M","R","B"],"character_chosen":"IRONCLAD","items_purchased":["Charon\u0027s Ashes","Burning Pact","Fire Breathing","Barricade"],"gold_per_floor":[114,130,130,55,81,81,94,94,145,172,172,183,218,237,237,340,340,355,370,370,370,388,388,418,53,106,27,61,61,73,88,88,185,185,196,52,52,64,0,0,31,49,49,62,72,72,84,101,101,101],"floor_reached":51,"campfire_rested":1,"playtime":5239,"current_hp_per_floor":[68,71,71,71,71,71,76,60,60,35,74,72,68,74,74,29,80,77,68,68,58,59,61,49,49,49,49,25,35,36,49,59,22,67,67,67,67,70,70,70,57,54,68,81,83,95,88,94,105,81],"items_purged":["Regret"],"gold":101,"play_id":"4eac3239-0063-4bd4-b685-54f1f2379c39","is_prod":false,"is_daily":false,"campfire_rituals":0,"campfire_upgraded":7,"is_hardmode":false,"path_taken":["M","?","?","?","?","R","?","?","T","E","R","M","E","M","R","BOSS","M","M","?","?","?","R","E","$","T","$","E","R","M","M","R","BOSS","M","$","?","M","?","?","E","M","T","M","M","R","M","M","R","BOSS"],"build_version":"2018-01-11-PROD2","purchased_purges":2,"victory":true,"master_deck":["Defend_R","Bash","Exhume","Flex","Havoc","Sentinel","Intimidate","Intimidate","Impervious","Pommel Strike","Feed","True Grit","Bite_R","Bite_R","Bite_R","Bite_R","Bite_R","Seeing Red","Sentinel","Burning Pact","Fire Breathing","Battle Trance","Battle Trance","Headbutt","Feed","Shockwave","Shockwave","Pommel Strike","Barricade","Sentinel","Dark Embrace","Dual Wield","Brutality","Flame Barrier","Battle Trance"],"max_hp_per_floor":[80,80,80,80,80,80,80,80,80,80,80,80,80,80,80,80,80,83,83,83,58,61,61,61,61,61,61,64,64,64,67,67,67,67,67,67,67,70,70,70,70,73,87,90,96,96,102,105,105,105],"relics":["Burning Blood","Shuriken","Whetstone","Regal Pillow","Vajra","Self Forming Clay","Eternal Feather","Ginger","Mummified Hand","Charon\u0027s Ashes","Bag of Preparation","Happy Flower","Astrolabe","Red Mask","Bronze Scales","Darkstone Periapt","Mango"],"campfire_meditates":0,"card_choices":[{"not_picked":["Heavy Blade","Thunderclap"],"picked":"Flex"},{"not_picked":["Flex","Intimidate"],"picked":"Havoc"},{"not_picked":["Sever Soul","Dual Wield"],"picked":"Sentinel"},{"not_picked":["Perfected Strike","Flex"],"picked":"Intimidate"},{"not_picked":["Disarm","Thunderclap"],"picked":"Intimidate"},{"not_picked":["Clothesline","Warcry"],"picked":"Impervious"},{"not_picked":["Combust","Sword Boomerang"],"picked":"Pommel Strike"},{"not_picked":["Brutality","Double Tap"],"picked":"Feed"},{"not_picked":["Combust","Battle Trance"],"picked":"True Grit"},{"not_picked":["Inflame","Body Slam"],"picked":"Seeing Red"},{"not_picked":["Havoc","Twin Strike"],"picked":"Sentinel"},{"not_picked":["Armaments","Shockwave"],"picked":"Battle Trance"},{"not_picked":["Twin Strike","Heavy Blade"],"picked":"Battle Trance"},{"not_picked":["Twin Strike","Pommel Strike"],"picked":"Headbutt"},{"not_picked":["Fiend Fire","Immolate"],"picked":"Feed"},{"not_picked":["Perfected Strike","Fire Breathing"],"picked":"Pommel Strike"},{"not_picked":["Searing Blow","Perfected Strike"],"picked":"Sentinel"},{"not_picked":["Brutality","Heavy Blade"],"picked":"Dark Embrace"},{"not_picked":["Wild Strike","Thunderclap"],"picked":"Dual Wield"},{"not_picked":["Inflame","Twin Strike"],"picked":"Brutality"},{"not_picked":["Twin Strike","Power Through"],"picked":"Flame Barrier"},{"not_picked":["Headbutt","Sword Boomerang"],"picked":"Battle Trance"}],"player_experience":61690,"potions_floor_usage":[13,14,28,33,44,50,50,50],"damage_taken":[{"damage":18,"enemies":"Blue Slaver","floor":1,"turns":5},{"damage":3,"enemies":"Small Slimes","floor":2,"turns":3},{"damage":1,"enemies":"Cultist","floor":7,"turns":3},{"damage":31,"enemies":"Gremlin Nob","floor":10,"turns":4},{"damage":8,"enemies":"Exordium Wildlife","floor":12,"turns":4},{"damage":10,"enemies":"Lagavulin","floor":13,"turns":8},{"damage":0,"enemies":"Exordium Thugs","floor":14,"turns":3},{"damage":51,"enemies":"The Guardian","floor":16,"turns":8},{"damage":12,"enemies":"Chosen","floor":18,"turns":6},{"damage":15,"enemies":"Spheric Guardian","floor":19,"turns":4},{"damage":18,"enemies":"3 Cultists","floor":22,"turns":5},{"damage":38,"enemies":"Gremlin Leader","floor":24,"turns":9},{"damage":45,"enemies":"Book of Stabbing","floor":28,"turns":6},{"damage":15,"enemies":"Snake Plant","floor":30,"turns":3},{"damage":6,"enemies":"Snecko","floor":31,"turns":5},{"damage":60,"enemies":"Automaton","floor":33,"turns":7},{"damage":12,"enemies":"3 Darklings","floor":35,"turns":3},{"damage":1,"enemies":"Orb Walker","floor":38,"turns":2},{"damage":35,"enemies":"Nemesis","floor":41,"turns":11},{"damage":16,"enemies":"4 Shapes","floor":42,"turns":3},{"damage":6,"enemies":"Maw","floor":44,"turns":6},{"damage":18,"enemies":"Sphere and 2 Shapes","floor":45,"turns":4},{"damage":22,"enemies":"4 Shapes","floor":47,"turns":2},{"damage":7,"enemies":"3 Darklings","floor":48,"turns":3},{"damage":44,"enemies":"Donu and Deca","floor":50,"turns":8}],"event_choices":[{"event_name":"Big Fish","player_choice":"Box","floor":3,"damage_taken":0},{"event_name":"Shining Light","player_choice":"Entered Light","floor":8,"damage_taken":0},{"event_name":"The Mausoleum","player_choice":"Yes","floor":20,"damage_taken":0},{"event_name":"Vampires","player_choice":"Became a vampire","floor":21,"damage_taken":0},{"event_name":"Tomb of Lord Red Mask","player_choice":"Paid","floor":39,"damage_taken":0}],"boss_relics":[{"not_picked":["Runic Pyramid","Question Card"],"picked":"Eternal Feather"},{"not_picked":["Runic Dome","Runic Cube"],"picked":"Astrolabe"}],"potions_floor_spawned":[2,7,13,28,30,31,33,41,45,48],"seed_played":"-833420142612375533","is_trial":false}