{"gold_per_floor":[111,111,111,111,111,111,144,158,158,193,211,236,270,291,291,389,389,402,423,444,469,384,384,428,228,228,37,37,72,209,252,264,370,382,415,427,458,551,251,282,282,325,325,325,349,370,151,169,169,169,169,169,169,119,153,153],"floor_reached":56,"playtime":2645,"items_purged":["Regret","Regret","Bash"],"score":2116,"play_id":"bba0226d-ac30-4f92-a8d0-086abfd4b11a","local_time":"20190303103330","is_ascension_mode":true,"campfire_choices":[{"data":"Perfected Strike","floor":6.0,"key":"SMITH"},{"data":"Armaments","floor":15.0,"key":"SMITH"},{"data":"Double Tap","floor":23.0,"key":"SMITH"},{"data":"Apotheosis","floor":28.0,"key":"SMITH"},{"floor":32.0,"key":"REST"},{"floor":41.0,"key":"REST"},{"floor":44.0,"key":"RECALL"},{"floor":49.0,"key":"REST"},{"data":"Uppercut","floor":53,"key":"SMITH"}],"neow_cost":"NONE","seed_source_timestamp":737560738580329,"circlet_count":0,"master_deck":["AscendersBane","Strike_R","Strike_R","Strike_R","Strike_R","Defend_R","Defend_R","Defend_R","Defend_R","Perfected Strike+1","Whirlwind","Perfected Strike","Perfected Strike","Armaments+1","Battle Trance","Pommel Strike","Double Tap+1","Power Through","Headbutt","Spot Weakness","Double Tap","Apotheosis+1","Impervious","Uppercut+1","Flame Barrier","Twin Strike+1","Shockwave","Pommel Strike+1","Offering","Perfected Strike","Disarm","Perfected Strike","Iron Wave+1"],"special_seed":0,"relics":["Burning Blood","NeowsBlessing","Golden Idol","Oddly Smooth Stone","Dream Catcher","Meat on the Bone","Unceasing Top","Mango","Cursed Key","FossilizedHelix","Dodecahedron","MawBank","Nunchaku","Mummified Hand","Smiling Mask","Sozu","Sundial","Ornamental Fan","Regal Pillow","Happy Flower","PreservedInsect","Orichalcum"],"potions_floor_usage":[56],"damage_taken":[{"damage":0.0,"enemies":"2 Louse","floor":1.0,"turns":1.0},{"damage":0.0,"enemies":"3 Sentries","floor":7.0,"turns":1.0},{"damage":0.0,"enemies":"Small Slimes","floor":8.0,"turns":1.0},{"damage":34.0,"enemies":"Lagavulin","floor":10.0,"turns":5.0},{"damage":0.0,"enemies":"Cultist","floor":11.0,"turns":2.0},{"damage":0.0,"enemies":"Lots of Slimes","floor":12.0,"turns":1.0},{"damage":28.0,"enemies":"3 Sentries","floor":13.0,"turns":7.0},{"damage":16.0,"enemies":"Exordium Thugs","floor":14.0,"turns":3.0},{"damage":22.0,"enemies":"Slime Boss","floor":16.0,"turns":7.0},{"damage":0.0,"enemies":"Spheric Guardian","floor":18.0,"turns":3.0},{"damage":5.0,"enemies":"Shell Parasite","floor":19.0,"turns":2.0},{"damage":48.0,"enemies":"Snake Plant","floor":20.0,"turns":3.0},{"damage":3.0,"enemies":"Centurion and Healer","floor":21.0,"turns":6.0},{"damage":18.0,"enemies":"Slavers","floor":24.0,"turns":7.0},{"damage":12.0,"enemies":"Gremlin Leader","floor":29.0,"turns":3.0},{"damage":0.0,"enemies":"Colosseum Slavers","floor":30.0,"turns":4.0},{"damage":19.0,"enemies":"Colosseum Nobs","floor":30.0,"turns":4.0},{"damage":31.0,"enemies":"Slavers","floor":31.0,"turns":6.0},{"damage":70.0,"enemies":"Champ","floor":33.0,"turns":7.0},{"damage":0.0,"enemies":"3 Darklings","floor":35.0,"turns":3.0},{"damage":26.0,"enemies":"3 Shapes","floor":37.0,"turns":3.0},{"damage":31.0,"enemies":"Nemesis","floor":40.0,"turns":5.0},{"damage":41.0,"enemies":"Reptomancer","floor":42.0,"turns":5.0},{"damage":0.0,"enemies":"Transient","floor":45.0,"turns":6.0},{"damage":19.0,"enemies":"4 Shapes","floor":46.0,"turns":4.0},{"damage":10.0,"enemies":"Spire Growth","floor":48.0,"turns":4.0},{"damage":6.0,"enemies":"Time Eater","floor":50.0,"turns":4.0},{"damage":16,"enemies":"Awakened One","floor":51,"turns":8},{"damage":35,"enemies":"Shield and Spear","floor":55,"turns":5},{"damage":58,"enemies":"The Heart","floor":56,"turns":8}],"seed_played":"140405469913180824","potions_obtained":[{"floor":7.0,"key":"SteroidPotion"},{"floor":12.0,"key":"GamblersBrew"},{"floor":19.0,"key":"PowerPotion"},{"floor":21.0,"key":"Energy Potion"},{"floor":24.0,"key":"LiquidBronze"}],"is_trial":false,"path_per_floor":["M","?","$","?","?","R","E","M","T","E","M","M","E","M","R","B",null,"M","M","M","M","?","R","E","$","T","$","R","E","?","E","R","B",null,"M","?","M","T","$","E","R","E","T","R","M","M","$","M","R","B","B",null,"R","$","E","B"],"character_chosen":"IRONCLAD","items_purchased":["Apotheosis","Impervious","Uppercut","Ornamental Fan","PreservedInsect"],"campfire_rested":3,"item_purchase_floors":[25,27,27,39,47],"current_hp_per_floor":[74,48,48,48,48,48,54,60,60,44,50,56,60,62,62,58,81,87,88,58,61,61,61,61,61,61,61,61,55,60,47,73,21,72,78,78,58,58,58,45,86,51,51,51,57,56,56,52,89,89,79,87,87,87,58,0],"gold":153,"neow_bonus":"THREE_ENEMY_KILL","is_prod":false,"is_daily":false,"chose_seed":false,"campfire_upgraded":5,"win_rate":0,"timestamp":1551627210,"path_taken":["M","?","$","?","?","R","E","M","T","E","M","M","E","?","R","BOSS","M","?","M","M","?","R","E","$","T","?","R","E","?","E","R","BOSS","M","?","M","?","$","E","R","E","T","R","M","M","$","M","R","BOSS","BOSS","R","$","E","BOSS"],"build_version":"2019-02-06","purchased_purges":3,"victory":false,"max_hp_per_floor":[75,75,75,75,75,75,75,75,75,75,75,75,89,89,89,89,89,89,89,89,89,89,89,89,89,89,89,89,89,89,89,89,89,89,89,89,89,89,89,89,89,89,89,89,89,89,89,89,89,89,89,89,89,89,89,89],"card_choices":[{"not_picked":["Anger","Warcry"],"picked":"Perfected Strike","floor":1.0},{"not_picked":["Flex","Clash"],"picked":"Whirlwind","floor":7.0},{"not_picked":["Hemokinesis","Battle Trance"],"picked":"Perfected Strike","floor":8.0},{"not_picked":["Thunderclap","Power Through"],"picked":"Perfected Strike","floor":10.0},{"not_picked":["True Grit","Flex"],"picked":"Armaments","floor":11.0},{"not_picked":["Seeing Red","Heavy Blade"],"picked":"Battle Trance","floor":12.0},{"not_picked":["Flex","Warcry","Fire Breathing"],"picked":"SKIP","floor":13.0},{"not_picked":["Dark Embrace","Rage"],"picked":"Pommel Strike","floor":14.0},{"not_picked":["Fiend Fire","Bludgeon"],"picked":"Double Tap","floor":16.0},{"not_picked":["Wild Strike","Sword Boomerang"],"picked":"Power Through","floor":18.0},{"not_picked":["Cleave","Inflame"],"picked":"Headbutt","floor":19.0},{"not_picked":["Clash","Cleave+1"],"picked":"Spot Weakness","floor":20.0},{"not_picked":["Clash","Warcry","Searing Blow"],"picked":"SKIP","floor":21.0},{"not_picked":["Clash","Warcry","Searing Blow"],"picked":"SKIP","floor":21.0},{"not_picked":["Clash","Warcry","Searing Blow"],"picked":"SKIP","floor":21.0},{"not_picked":["Hemokinesis+1","Clash"],"picked":"Double Tap","floor":24.0},{"not_picked":["Headbutt+1","Wild Strike"],"picked":"Flame Barrier","floor":29.0},{"not_picked":["Flex","Spot Weakness"],"picked":"Twin Strike+1","floor":30.0},{"not_picked":["Body Slam","Clash"],"picked":"Shockwave","floor":31.0},{"not_picked":["Inflame","Anger"],"picked":"Pommel Strike+1","floor":32.0},{"not_picked":["Bludgeon","Fiend Fire"],"picked":"Offering","floor":33.0},{"not_picked":["Twin Strike","Iron Wave","Clash+1"],"picked":"SKIP","floor":35.0},{"not_picked":["Whirlwind","Anger","Armaments+1"],"picked":"SKIP","floor":37.0},{"not_picked":["Anger","Seeing Red+1"],"picked":"Perfected Strike","floor":40.0},{"not_picked":["Anger","Pommel Strike"],"picked":"Disarm","floor":41.0},{"not_picked":["Pummel","Headbutt+1","Berserk"],"picked":"SKIP","floor":42.0},{"not_picked":["Iron Wave","Sever Soul+1"],"picked":"Perfected Strike","floor":45.0},{"not_picked":["Body Slam","Warcry","Seeing Red"],"picked":"SKIP","floor":46.0},{"not_picked":["Whirlwind+1","Clothesline"],"picked":"Iron Wave+1","floor":48.0},{"not_picked":["Uppercut+1","Sword Boomerang","Flex"],"picked":"SKIP","floor":55}],"player_experience":1042320,"relics_obtained":[{"floor":7.0,"key":"Dream Catcher"},{"floor":9.0,"key":"Meat on the Bone"},{"floor":10.0,"key":"Unceasing Top"},{"floor":13.0,"key":"Mango"},{"floor":24.0,"key":"Dodecahedron"},{"floor":29.0,"key":"MawBank"},{"floor":30.0,"key":"Nunchaku"},{"floor":30.0,"key":"Mummified Hand"},{"floor":31.0,"key":"Smiling Mask"},{"floor":38.0,"key":"Sundial"},{"floor":40.0,"key":"Regal Pillow"},{"floor":42.0,"key":"Happy Flower"},{"floor":55,"key":"Orichalcum"}],"event_choices":[{"damage_healed":0.0,"max_hp_gain":0.0,"max_hp_loss":0.0,"gold_gain":0.0,"event_name":"Golden Idol","player_choice":"Take Damage","floor":2.0,"gold_loss":0.0,"damage_taken":26.0,"relics_obtained":["Golden Idol"]},{"damage_healed":0.0,"max_hp_gain":0.0,"max_hp_loss":0.0,"gold_gain":0.0,"event_name":"Big Fish","player_choice":"Box","floor":4.0,"gold_loss":0.0,"damage_taken":0.0,"relics_obtained":["Oddly Smooth Stone"],"cards_obtained":["Regret"]},{"cards_removed":["Regret"],"damage_healed":0.0,"max_hp_gain":0.0,"max_hp_loss":0.0,"gold_gain":0.0,"event_name":"Fountain of Cleansing","player_choice":"Removed Curses","floor":5.0,"gold_loss":0.0,"damage_taken":0.0},{"damage_healed":0.0,"max_hp_gain":0.0,"max_hp_loss":0.0,"gold_gain":0.0,"event_name":"Addict","player_choice":"Obtained Relic","floor":22.0,"gold_loss":85.0,"damage_taken":0.0,"relics_obtained":["FossilizedHelix"]},{"damage_healed":0.0,"max_hp_gain":0.0,"max_hp_loss":0.0,"gold_gain":0.0,"event_name":"Colosseum","player_choice":"Fight","floor":30.0,"gold_loss":0.0,"damage_taken":0.0},{"damage_healed":0.0,"max_hp_gain":0.0,"max_hp_loss":0.0,"gold_gain":0.0,"event_name":"Colosseum","player_choice":"Fought Nobs","floor":30.0,"gold_loss":0.0,"damage_taken":0.0},{"cards_removed":["Strike_R"],"damage_healed":0.0,"max_hp_gain":0.0,"max_hp_loss":0.0,"gold_gain":0.0,"event_name":"Falling","player_choice":"Removed Attack","floor":36.0,"gold_loss":0.0,"damage_taken":0.0}],"is_beta":true,"boss_relics":[{"not_picked":["Busted Crown","Runic Dome"],"picked":"Cursed Key"},{"not_picked":["Empty Cage","Astrolabe"],"picked":"Sozu"}],"items_purged_floors":[39,47,54],"is_endless":false,"potions_floor_spawned":[7,12,13,14,19,21,24,30,31,35,37,48],"killed_by":"The Heart","ascension_level":20}