{"gold_per_floor":[119,135,11,11,21,55,73,73,73,73,87,115,135,168,168,168],"floor_reached":16,"playtime":598,"items_purged":[],"score":207,"play_id":"9f64c608-c14d-427a-8f10-ac1fe3e49a7c","local_time":"20190221123639","is_ascension_mode":true,"campfire_choices":[{"data":"Limit Break","floor":10,"key":"SMITH"},{"floor":15,"key":"REST"}],"neow_cost":"NONE","seed_source_timestamp":1919429186330,"circlet_count":0,"master_deck":["AscendersBane","Strike_R","Strike_R","Strike_R","Strike_R","Strike_R","Defend_R","Defend_R","Defend_R","Defend_R","Bash","Sword Boomerang","Twin Strike","Inflame","Armaments","Thunderclap","Limit Break+1","Flex","Uppercut","Shrug It Off+1","Pummel"],"relics":["Burning Blood","Bag of Marbles","Ginger","Letter Opener","Toxic Egg 2","Centennial Puzzle"],"potions_floor_usage":[12,13,14],"damage_taken":[{"damage":4,"enemies":"2 Louse","floor":1,"turns":3},{"damage":1,"enemies":"Cultist","floor":2,"turns":3},{"damage":0,"enemies":"Small Slimes","floor":5,"turns":3},{"damage":35,"enemies":"Lagavulin","floor":6,"turns":5},{"damage":7,"enemies":"Looter","floor":7,"turns":3},{"damage":13,"enemies":"3 Louse","floor":11,"turns":3},{"damage":18,"enemies":"Gremlin Nob","floor":12,"turns":4},{"damage":20,"enemies":"Exordium Wildlife","floor":13,"turns":5},{"damage":15,"enemies":"Lagavulin","floor":14,"turns":3},{"damage":35,"enemies":"Slime Boss","floor":16,"turns":6}],"seed_played":"5087507814333525605","potions_obtained":[{"floor":7,"key":"Block Potion"},{"floor":12,"key":"Weak Potion"},{"floor":13,"key":"Poison Potion"},{"floor":14,"key":"GamblersBrew"}],"is_trial":false,"path_per_floor":["M","M","$","?","M","E","M","?","T","R","M","E","M","E","R","B"],"character_chosen":"IRONCLAD","items_purchased":["Inflame","Armaments"],"campfire_rested":1,"item_purchase_floors":[3,3],"current_hp_per_floor":[77,82,82,79,82,53,52,52,52,52,45,33,19,10,34,0],"gold":168,"neow_bonus":"TEN_PERCENT_HP_BONUS","is_prod":false,"is_daily":false,"chose_seed":false,"campfire_upgraded":1,"win_rate":0,"timestamp":1550770599,"path_taken":["M","M","$","?","M","E","M","?","T","R","M","E","?","E","R","BOSS"],"build_version":"2019-02-06","purchased_purges":0,"victory":false,"max_hp_per_floor":[82,82,82,82,82,82,82,82,82,82,82,82,82,82,82,82],"card_choices":[{"not_picked":["Heavy Blade","Wild Strike"],"picked":"Sword Boomerang","floor":1},{"not_picked":["True Grit","Sword Boomerang"],"picked":"Twin Strike","floor":2},{"not_picked":["Heavy Blade","Havoc"],"picked":"Thunderclap","floor":5},{"not_picked":["Thunderclap","Armaments"],"picked":"Limit Break","floor":6},{"not_picked":["Sever Soul","True Grit"],"picked":"Flex","floor":7},{"not_picked":["Pommel Strike","Headbutt"],"picked":"Uppercut","floor":11},{"not_picked":["Sword Boomerang","Fire Breathing","Perfected Strike"],"picked":"SKIP","floor":12},{"not_picked":["Dark Embrace","Thunderclap"],"picked":"Shrug It Off+1","floor":13},{"not_picked":["Warcry+1","Flex+1"],"picked":"Pummel","floor":14}],"player_experience":409030,"relics_obtained":[{"floor":6,"key":"Ginger"},{"floor":9,"key":"Letter Opener"},{"floor":12,"key":"Toxic Egg 2"},{"floor":14,"key":"Centennial Puzzle"}],"event_choices":[{"damage_healed":0,"gold_gain":0,"player_choice":"Success","damage_taken":3,"relics_obtained":["Bag of Marbles"],"max_hp_gain":0,"max_hp_loss":0,"event_name":"Scrap Ooze","floor":4,"gold_loss":0},{"damage_healed":0,"gold_gain":0,"player_choice":"Bought 0 Potions","damage_taken":0,"max_hp_gain":0,"max_hp_loss":0,"event_name":"The Woman in Blue","floor":8,"gold_loss":0}],"is_beta":true,"boss_relics":[],"items_purged_floors":[],"is_endless":false,"potions_floor_spawned":[7,12,13,14],"killed_by":"Slime Boss","ascension_level":14}