{"gold_per_floor":[111,111,261,261,261,261,279,279,279,279,164,232,263,304,304,304],"floor_reached":16,"playtime":384,"items_purged":["Doubt"],"score":208,"play_id":"43385e5e-0013-4318-bafd-57c4e941e39b","local_time":"20190303123113","is_ascension_mode":true,"campfire_choices":[{"floor":6.0,"key":"REST"},{"data":"Doom and Gloom","floor":8.0,"key":"SMITH"},{"floor":10.0,"key":"REST"},{"data":"Sunder","floor":15,"key":"SMITH"}],"neow_cost":"NONE","seed_source_timestamp":747040137789936,"circlet_count":0,"master_deck":["AscendersBane","Strike_B","Strike_B","Strike_B","Strike_B","Defend_B","Defend_B","Defend_B","Defend_B+1","Zap+1","Dualcast","Cold Snap+1","Injury","Doom and Gloom+1","Loop","Sunder+1","Chill"],"special_seed":0,"relics":["Cracked Core","Golden Idol","WingedGreaves","Bottled Flame","Tiny Chest","Odd Mushroom","Meat on the Bone"],"potions_floor_usage":[14],"damage_taken":[{"damage":3.0,"enemies":"Small Slimes","floor":1.0,"turns":4.0},{"damage":1.0,"enemies":"2 Louse","floor":7.0,"turns":3.0},{"damage":18,"enemies":"Lagavulin","floor":12,"turns":5},{"damage":16,"enemies":"The Mushroom Lair","floor":13,"turns":3},{"damage":3,"enemies":"3 Sentries","floor":14,"turns":5},{"damage":38,"enemies":"Slime Boss","floor":16,"turns":7}],"seed_played":"-5059304335826500214","potions_obtained":[{"floor":1.0,"key":"Dexterity Potion"},{"floor":13,"key":"SmokeBomb"}],"is_trial":false,"path_per_floor":["M","?","?","?","?","R","M","R","T","R","$","E","?","E","R","B"],"character_chosen":"DEFECT","items_purchased":["Loop"],"campfire_rested":2,"item_purchase_floors":[11],"current_hp_per_floor":[61,61,61,40,22,43,42,42,42,63,63,45,29,26,26,0],"gold":304,"neow_bonus":"UPGRADE_CARD","is_prod":false,"is_daily":false,"chose_seed":false,"campfire_upgraded":2,"win_rate":0,"timestamp":1551634273,"path_taken":["M","?","?","?","?","R","?","R","T","R","?","E","?","E","R","BOSS"],"build_version":"2019-02-06","purchased_purges":1,"victory":false,"max_hp_per_floor":[71,71,71,71,71,71,71,71,71,71,71,71,71,71,71,71],"card_choices":[{"not_picked":["Reinforced Body","Steam"],"picked":"Cold Snap","floor":1.0},{"not_picked":["Gash","Compile Driver"],"picked":"Doom and Gloom","floor":7.0},{"not_picked":["Stack","Hologram"],"picked":"Sunder","floor":12},{"not_picked":["Steam","Sunder"],"picked":"Chill","floor":13},{"not_picked":["Rip and Tear","Stack","Self Repair"],"picked":"SKIP","floor":14}],"player_experience":1045712,"relics_obtained":[{"floor":9.0,"key":"Bottled Flame"},{"floor":12,"key":"Tiny Chest"},{"floor":13,"key":"Odd Mushroom"},{"floor":14,"key":"Meat on the Bone"}],"event_choices":[{"damage_healed":0.0,"max_hp_gain":0.0,"max_hp_loss":0.0,"gold_gain":0.0,"event_name":"Golden Idol","player_choice":"Take Wound","floor":2.0,"gold_loss":0.0,"damage_taken":0.0,"relics_obtained":["Golden Idol"],"cards_obtained":["Injury"]},{"damage_healed":0.0,"max_hp_gain":0.0,"max_hp_loss":0.0,"gold_gain":150.0,"event_name":"Liars Game","player_choice":"AGREE","floor":3.0,"gold_loss":0.0,"damage_taken":0.0,"cards_obtained":["Doubt"]},{"damage_healed":0.0,"max_hp_gain":0.0,"max_hp_loss":0.0,"gold_gain":0.0,"event_name":"Shining Light","player_choice":"Entered Light","floor":4.0,"gold_loss":0.0,"damage_taken":21.0,"cards_upgraded":["Cold Snap","Defend_B"]},{"damage_healed":0.0,"max_hp_gain":0.0,"max_hp_loss":0.0,"gold_gain":0.0,"event_name":"Scrap Ooze","player_choice":"Success","floor":5.0,"gold_loss":0.0,"damage_taken":18.0,"relics_obtained":["WingedGreaves"]},{"damage_healed":0,"gold_gain":0,"player_choice":"Fought Mushrooms","damage_taken":0,"max_hp_gain":0,"max_hp_loss":0,"event_name":"Mushrooms","floor":13,"gold_loss":0}],"is_beta":true,"boss_relics":[],"items_purged_floors":[11],"is_endless":false,"potions_floor_spawned":[1,13],"killed_by":"Slime Boss","ascension_level":20}