{"gold_per_floor":[113,124,135,48,62,62,12,45,45,77,97,97,172,221,221,322,322,339,18,18,18,29,29,39,39,39,39,39,56,70,84,84,84],"floor_reached":33,"playtime":973,"items_purged":["Strike_R"],"score":283,"play_id":"26a24b33-13eb-4617-81c7-61ec7e05f008","local_time":"20190318061520","is_ascension_mode":true,"campfire_choices":[{"data":"Rampage","floor":6,"key":"SMITH"},{"data":"Bash","floor":15,"key":"SMITH"},{"data":"Feed","floor":23,"key":"SMITH"},{"data":"Twin Strike","floor":25,"key":"SMITH"},{"floor":32,"key":"REST"}],"neow_cost":"NONE","seed_source_timestamp":163671296562137,"circlet_count":0,"master_deck":["Strike_R","Strike_R","Defend_R","Defend_R","Defend_R","Defend_R","Bash+1","Fiend Fire","Twin Strike","Rampage+1","Thunderclap","Bandage Up","Clothesline","Headbutt","Feed+1","Clash","Twin Strike+1","Flex+1"],"relics":["Burning Blood","Meat on the Bone","Gremlin Horn","Letter Opener","Bronze Scales","Membership Card","Orichalcum","Self Forming Clay","Bag of Preparation"],"potions_floor_usage":[10,16,24,24,31,31],"damage_taken":[{"damage":3,"enemies":"Jaw Worm","floor":1,"turns":5},{"damage":0,"enemies":"Small Slimes","floor":2,"turns":4},{"damage":9,"enemies":"2 Louse","floor":3,"turns":3},{"damage":12,"enemies":"2 Fungi Beasts","floor":5,"turns":2},{"damage":24,"enemies":"Gremlin Nob","floor":8,"turns":4},{"damage":26,"enemies":"Lagavulin","floor":10,"turns":5},{"damage":16,"enemies":"Blue Slaver","floor":11,"turns":3},{"damage":44,"enemies":"Hexaghost","floor":16,"turns":8},{"damage":25,"enemies":"Chosen","floor":18,"turns":5},{"damage":22,"enemies":"Spheric Guardian","floor":22,"turns":4},{"damage":34,"enemies":"Cultist and Chosen","floor":24,"turns":5},{"damage":21,"enemies":"Snake Plant","floor":29,"turns":3},{"damage":21,"enemies":"Shelled Parasite and Fungi","floor":30,"turns":4},{"damage":8,"enemies":"Snecko","floor":31,"turns":5},{"damage":93,"enemies":"Automaton","floor":33,"turns":6}],"seed_played":"-449008235836497432","potions_obtained":[{"floor":2,"key":"Dexterity Potion"},{"floor":8,"key":"LiquidBronze"},{"floor":11,"key":"Swift Potion"},{"floor":16,"key":"LiquidBronze"},{"floor":18,"key":"Weak Potion"},{"floor":24,"key":"FearPotion"},{"floor":30,"key":"EssenceOfSteel"}],"is_trial":false,"path_per_floor":["M","M","M","$","M","R","?","E","T","E","M","?","?","T","R","B",null,"M","$","?","?","M","R","M","R","T","$","?","M","M","M","R","B"],"character_chosen":"IRONCLAD","items_purchased":["Bandage Up","Membership Card","Orichalcum"],"campfire_rested":1,"item_purchase_floors":[4,19,19],"current_hp_per_floor":[80,80,77,77,74,74,74,60,60,56,50,55,44,44,44,22,85,69,69,69,69,57,57,45,45,45,45,45,46,51,61,88,0],"gold":84,"neow_bonus":"ONE_RANDOM_RARE_CARD","is_prod":false,"is_daily":false,"chose_seed":false,"campfire_upgraded":4,"win_rate":0,"timestamp":1552914920,"path_taken":["M","M","M","$","M","R","?","E","T","E","M","?","?","?","R","BOSS","M","$","?","?","?","R","M","R","T","$","?","?","M","?","R","BOSS"],"build_version":"2019-01-23","purchased_purges":1,"victory":false,"max_hp_per_floor":[80,80,80,80,80,80,80,80,80,80,80,85,85,85,85,85,85,88,88,88,88,88,88,88,88,88,88,88,88,92,92,92,92],"card_choices":[{"not_picked":["Pommel Strike","Armaments"],"picked":"Twin Strike","floor":1},{"not_picked":["True Grit","Body Slam"],"picked":"Rampage","floor":2},{"not_picked":["Perfected Strike","Seeing Red"],"picked":"Thunderclap","floor":3},{"not_picked":["Feel No Pain","Corruption"],"picked":"Clothesline","floor":5},{"not_picked":["Body Slam","Dark Embrace"],"picked":"Headbutt","floor":8},{"not_picked":["Perfected Strike","Seeing Red","Burning Pact"],"picked":"SKIP","floor":10},{"not_picked":["Combust","Thunderclap","Perfected Strike"],"picked":"SKIP","floor":11},{"not_picked":["Barricade","Limit Break"],"picked":"Feed","floor":16},{"not_picked":["Shrug It Off","Pommel Strike"],"picked":"Clash","floor":18},{"not_picked":["True Grit","Thunderclap","Warcry"],"picked":"SKIP","floor":22},{"not_picked":["Clothesline","Spot Weakness"],"picked":"Flex+1","floor":24},{"not_picked":["Armaments","Wild Strike","Exhume"],"picked":"SKIP","floor":29},{"not_picked":["Flex","Burning Pact","Fire Breathing"],"picked":"SKIP","floor":30},{"not_picked":["Clash","Clothesline+1","Pommel Strike"],"picked":"SKIP","floor":31}],"player_experience":360171,"relics_obtained":[{"floor":8,"key":"Meat on the Bone"},{"floor":9,"key":"Gremlin Horn"},{"floor":10,"key":"Letter Opener"},{"floor":14,"key":"Bronze Scales"},{"floor":26,"key":"Self Forming Clay"}],"event_choices":[{"cards_removed":["Strike_R"],"damage_healed":0,"gold_gain":0,"player_choice":"Card Removal","damage_taken":0,"max_hp_gain":0,"max_hp_loss":0,"event_name":"The Cleric","floor":7,"gold_loss":50},{"damage_healed":0,"gold_gain":0,"player_choice":"Donut","damage_taken":0,"max_hp_gain":5,"max_hp_loss":0,"event_name":"Big Fish","floor":12,"gold_loss":0},{"damage_healed":0,"gold_gain":75,"player_choice":"Gather Gold","damage_taken":11,"max_hp_gain":0,"max_hp_loss":0,"event_name":"World of Goop","floor":13,"gold_loss":0},{"damage_healed":0,"gold_gain":0,"player_choice":"Read","damage_taken":0,"max_hp_gain":0,"max_hp_loss":0,"event_name":"The Library","floor":20,"gold_loss":0,"cards_obtained":["Twin Strike"]},{"cards_removed":["Strike_R"],"damage_healed":0,"gold_gain":0,"player_choice":"Purged","damage_taken":0,"max_hp_gain":0,"max_hp_loss":0,"event_name":"Purifier","floor":21,"gold_loss":0},{"damage_healed":0,"gold_gain":0,"player_choice":"Gave Potion","damage_taken":0,"relics_obtained":["Bag of Preparation"],"max_hp_gain":0,"max_hp_loss":0,"event_name":"WeMeetAgain","floor":28,"gold_loss":0}],"is_beta":false,"boss_relics":[{"not_picked":["Fusion Hammer","Coffee Dripper","Ectoplasm"]}],"items_purged_floors":[19],"is_endless":false,"potions_floor_spawned":[2,8,11,16,18,24,30],"killed_by":"Automaton","ascension_level":2}