{"gold_per_floor":[114,114,129,141,67,97,109,143,143,143,143,143,153,153,153,252,252,263,263,8,25,0,0,0,0,0,0,0,19,49,10,10,113,113,125,125,125,125,40,40,53,53,77,87,87,101,111,138,138,138],"floor_reached":50,"playtime":1762,"items_purged":[],"score":521,"play_id":"7c356c7b-3687-42fa-8508-3d5b8c8446c0","local_time":"20190305065056","is_ascension_mode":true,"campfire_choices":[{"floor":10,"key":"REST"},{"floor":12,"key":"REST"},{"data":"Genetic Algorithm","floor":15,"key":"SMITH"},{"data":"Sunder","floor":23,"key":"SMITH"},{"data":"RitualDagger","floor":25,"key":"SMITH"},{"data":"Zap","floor":27,"key":"SMITH"},{"floor":32,"key":"REST"},{"data":"Madness","floor":40,"key":"SMITH"},{"data":"Madness","floor":42,"key":"SMITH"},{"data":"Loop","floor":45,"key":"SMITH"},{"floor":49,"key":"REST"}],"neow_cost":"NONE","seed_source_timestamp":9777088449596,"circlet_count":0,"master_deck":["Zap+1","Cold Snap","Cold Snap","Sunder+1","Genetic Algorithm+1","Melter","Beam Cell","Go for the Eyes","Glacier","BootSequence","Loop+1","Gash","White Noise+1","Coolheaded","Darkness","Sweeping Beam","RitualDagger+1","Redo+1","Rebound","Self Repair","BootSequence","Madness+1","Madness+1","Streamline","Panacea","Scrape+1","Genetic Algorithm+1","Cold Snap","Chill"],"relics":["Cracked Core","DataDisk","Oddly Smooth Stone","Vajra","Symbiotic Virus","Blue Candle","Pandora\u0027s Box","Shuriken","Centennial Puzzle","Darkstone Periapt","White Beast Statue","Lantern","Letter Opener"],"potions_floor_usage":[6,16,16,30,33,44,46,46,47,48,50],"damage_taken":[{"damage":7,"enemies":"2 Louse","floor":1,"turns":2},{"damage":2,"enemies":"Jaw Worm","floor":3,"turns":4},{"damage":0,"enemies":"Cultist","floor":4,"turns":3},{"damage":9,"enemies":"Gremlin Nob","floor":6,"turns":4},{"damage":16,"enemies":"Exordium Wildlife","floor":7,"turns":3},{"damage":18,"enemies":"3 Sentries","floor":8,"turns":7},{"damage":5,"enemies":"Large Slime","floor":13,"turns":4},{"damage":11,"enemies":"Slime Boss","floor":16,"turns":11},{"damage":1,"enemies":"Chosen","floor":18,"turns":5},{"damage":11,"enemies":"2 Thieves","floor":21,"turns":3},{"damage":0,"enemies":"3 Cultists","floor":29,"turns":3},{"damage":27,"enemies":"Slavers","floor":30,"turns":5},{"damage":47,"enemies":"Collector","floor":33,"turns":13},{"damage":16,"enemies":"3 Shapes","floor":35,"turns":5},{"damage":0,"enemies":"Orb Walker","floor":41,"turns":3},{"damage":27,"enemies":"Spire Growth","floor":44,"turns":4},{"damage":2,"enemies":"Transient","floor":46,"turns":5},{"damage":28,"enemies":"3 Darklings","floor":47,"turns":4},{"damage":10,"enemies":"Nemesis","floor":48,"turns":11},{"damage":44,"enemies":"Awakened One","floor":50,"turns":3}],"seed_played":"-1369029853097893073","potions_obtained":[{"floor":1,"key":"Strength Potion"},{"floor":4,"key":"Swift Potion"},{"floor":8,"key":"Poison Potion"},{"floor":13,"key":"AttackPotion"},{"floor":16,"key":"Poison Potion"},{"floor":29,"key":"FocusPotion"},{"floor":30,"key":"SpeedPotion"},{"floor":35,"key":"Explosive Potion"},{"floor":41,"key":"Fire Potion"},{"floor":44,"key":"Poison Potion"},{"floor":46,"key":"LiquidBronze"},{"floor":47,"key":"Dexterity Potion"},{"floor":48,"key":"PowerPotion"}],"is_trial":false,"path_per_floor":["M","?","M","M","$","E","M","E","T","R","?","R","M","T","R","B",null,"M","?","$","M","?","R","?","R","T","R","T","M","E","$","R","B",null,"M","?","?","?","$","R","M","R","T","M","R","M","M","E","R","B"],"character_chosen":"DEFECT","items_purchased":["Melter","Shuriken","Self Repair","Panacea"],"campfire_rested":4,"item_purchase_floors":[5,20,31,39],"current_hp_per_floor":[68,53,51,51,51,42,26,8,8,30,30,52,47,47,47,36,75,74,74,74,63,63,63,57,57,57,57,57,57,30,30,52,12,75,66,66,57,57,57,57,64,64,64,44,44,49,21,18,40,0],"gold":138,"neow_bonus":"TRANSFORM_CARD","is_prod":false,"is_daily":false,"chose_seed":false,"campfire_upgraded":7,"win_rate":0,"timestamp":1551797456,"path_taken":["M","?","M","M","$","E","M","E","T","R","?","R","?","?","R","BOSS","M","?","$","?","?","R","?","R","T","R","?","M","E","?","R","BOSS","M","?","?","?","$","R","M","R","T","M","R","M","M","E","R","BOSS"],"build_version":"2019-01-23","purchased_purges":0,"victory":false,"max_hp_per_floor":[75,75,75,75,75,75,75,75,75,75,75,75,75,75,75,75,75,75,75,75,75,75,75,75,75,75,75,75,75,75,75,75,75,75,75,75,75,75,75,75,75,75,75,75,75,75,75,75,75,75],"card_choices":[{"not_picked":["Turbo","Coolheaded"],"picked":"Cold Snap","floor":1},{"not_picked":["Conserve Battery","Reinforced Body"],"picked":"Sunder","floor":3},{"not_picked":["Recycle","Steam Power"],"picked":"Genetic Algorithm","floor":4},{"not_picked":["Coolheaded","Hologram","Skim"],"picked":"SKIP","floor":6},{"not_picked":["Skim","Steam"],"picked":"Beam Cell","floor":7},{"not_picked":["Stack","Hologram"],"picked":"Go for the Eyes","floor":8},{"not_picked":["Streamline","Echo Form"],"picked":"Glacier","floor":13},{"not_picked":["Conserve Battery","Hologram+1"],"picked":"Sweeping Beam","floor":18},{"not_picked":["Sweeping Beam","Leap","Reprogram"],"picked":"SKIP","floor":21},{"not_picked":["Stack","Compile Driver"],"picked":"Redo+1","floor":29},{"not_picked":["Steam+1","Turbo"],"picked":"Rebound","floor":30},{"not_picked":["Hologram+1","Beam Cell+1"],"picked":"BootSequence","floor":35},{"not_picked":["Lockon","Coolheaded"],"picked":"Scrape+1","floor":41},{"not_picked":["Stack","Redo"],"picked":"Genetic Algorithm+1","floor":44},{"not_picked":["Coolheaded","Echo Form"],"picked":"Cold Snap","floor":46},{"not_picked":["Sweeping Beam+1","Go for the Eyes","Coolheaded+1"],"picked":"SKIP","floor":47},{"not_picked":["Compile Driver+1","Beam Cell"],"picked":"Chill","floor":48}],"player_experience":299167,"relics_obtained":[{"floor":6,"key":"DataDisk"},{"floor":8,"key":"Oddly Smooth Stone"},{"floor":9,"key":"Vajra"},{"floor":14,"key":"Blue Candle"},{"floor":28,"key":"Centennial Puzzle"},{"floor":30,"key":"Darkstone Periapt"},{"floor":43,"key":"Lantern"},{"floor":48,"key":"Letter Opener"}],"event_choices":[{"damage_healed":0,"gold_gain":0,"player_choice":"Entered Light","damage_taken":15,"max_hp_gain":0,"max_hp_loss":0,"event_name":"Shining Light","floor":2,"gold_loss":0,"cards_upgraded":["Defend_B","Defend_B"]},{"damage_healed":0,"gold_gain":0,"player_choice":"Gave Potion","damage_taken":0,"relics_obtained":["Symbiotic Virus"],"max_hp_gain":0,"max_hp_loss":0,"event_name":"WeMeetAgain","floor":11,"gold_loss":0},{"damage_healed":0,"gold_gain":0,"player_choice":"Forge","damage_taken":0,"max_hp_gain":0,"max_hp_loss":0,"event_name":"Accursed Blacksmith","floor":19,"gold_loss":0,"cards_upgraded":["White Noise"]},{"damage_healed":0,"gold_gain":0,"player_choice":"Paid Fearfully","damage_taken":0,"max_hp_gain":0,"max_hp_loss":0,"event_name":"Masked Bandits","floor":22,"gold_loss":25},{"damage_healed":0,"gold_gain":0,"player_choice":"Joined the Cult","damage_taken":6,"max_hp_gain":0,"max_hp_loss":0,"event_name":"Nest","floor":24,"gold_loss":0,"cards_obtained":["RitualDagger"]},{"cards_removed":["Dualcast"],"damage_healed":0,"gold_gain":0,"player_choice":"Removed Skill","damage_taken":0,"max_hp_gain":0,"max_hp_loss":0,"event_name":"Falling","floor":36,"gold_loss":0},{"damage_healed":0,"gold_gain":0,"player_choice":"Embrace Madness","damage_taken":9,"max_hp_gain":0,"max_hp_loss":0,"event_name":"Winding Halls","floor":37,"gold_loss":0,"cards_obtained":["Madness","Madness"]},{"damage_healed":0,"gold_gain":0,"cards_transformed":["Hyperbeam"],"player_choice":"Transformed","damage_taken":0,"max_hp_gain":0,"max_hp_loss":0,"event_name":"Transmorgrifier","floor":38,"gold_loss":0,"cards_obtained":["Streamline"]}],"is_beta":false,"boss_relics":[{"not_picked":["Fusion Hammer","Runic Dome"],"picked":"Pandora\u0027s Box"},{"not_picked":["Empty Cage","Black Star"],"picked":"White Beast Statue"}],"items_purged_floors":[],"is_endless":false,"potions_floor_spawned":[1,4,8,13,16,29,30,35,41,44,46,47,48],"killed_by":"Awakened One","ascension_level":1}