{"gold_per_floor":[113,129,142,27,27,27,41,76,103,103,132,44,44,59,59,138,138,151,165,165,165,165,165],"floor_reached":23,"playtime":1070,"items_purged":["Regret"],"score":498,"play_id":"9b88bb4c-a2ba-4798-b582-ce2c6abefcbe","local_time":"20181231201314","is_ascension_mode":true,"campfire_choices":[{"data":"Caltrops","floor":6.0,"key":"SMITH"},{"floor":10.0,"key":"REST"},{"data":"Crippling Poison","floor":13.0,"key":"SMITH"},{"data":"Well Laid Plans","floor":15.0,"key":"SMITH"}],"neow_cost":"CURSE","seed_source_timestamp":751605032543402,"circlet_count":0,"master_deck":["AscendersBane","Defend_G","Defend_G","Defend_G","Defend_G","Defend_G","Strike_G","Strike_G","Strike_G","Strike_G","Survivor","Neutralize","Prepared","Quick Slash","Footwork","Caltrops+1","Backstab","Dagger Spray","Terror","Crippling Poison+1","Well Laid Plans+1","A Thousand Cuts","PiercingWail","Poisoned Stab+1"],"special_seed":0,"relics":["Ring of the Snake","Pocketwatch","Art of War","Pen Nib","Orichalcum","Cursed Key"],"potions_floor_usage":[23],"damage_taken":[{"damage":3.0,"enemies":"2 Louse","floor":1.0,"turns":3.0},{"damage":6.0,"enemies":"Cultist","floor":2.0,"turns":4.0},{"damage":4.0,"enemies":"Jaw Worm","floor":3.0,"turns":5.0},{"damage":10.0,"enemies":"Exordium Wildlife","floor":7.0,"turns":5.0},{"damage":15.0,"enemies":"3 Sentries","floor":8.0,"turns":9.0},{"damage":8.0,"enemies":"Lagavulin","floor":11.0,"turns":9.0},{"damage":1.0,"enemies":"Exordium Thugs","floor":14.0,"turns":4.0},{"damage":0.0,"enemies":"The Guardian","floor":16.0,"turns":11.0},{"damage":17.0,"enemies":"Spheric Guardian","floor":18.0,"turns":5.0},{"damage":9.0,"enemies":"Shell Parasite","floor":19.0,"turns":5.0},{"damage":5,"enemies":"Colosseum Slavers","floor":20,"turns":4},{"damage":0,"enemies":"Book of Stabbing","floor":23,"turns":1}],"seed_played":"5405816089085583559","potions_obtained":[{"floor":2.0,"key":"Energy Potion"},{"floor":3.0,"key":"Weak Potion"},{"floor":11.0,"key":"Energy Potion"},{"floor":16.0,"key":"Weak Potion"},{"floor":18.0,"key":"Dexterity Potion"}],"is_trial":false,"path_per_floor":["M","M","M","$","?","R","M","E","T","R","E","$","R","M","R","B",null,"M","M","$","?","E"],"character_chosen":"THE_SILENT","items_purchased":["Caltrops","Crippling Poison"],"campfire_rested":1,"item_purchase_floors":[4,12],"current_hp_per_floor":[56,50,46,46,46,46,36,21,21,40,32,32,32,31,31,31,57,40,31,26,26,8,8],"gold":165,"neow_bonus":"ONE_RARE_RELIC","is_prod":false,"is_daily":false,"chose_seed":false,"campfire_upgraded":3,"win_rate":0,"timestamp":1546305194,"path_taken":["M","M","M","$","?","R","M","E","T","R","E","$","R","?","R","BOSS","M","M","?","$","?","E"],"build_version":"2018-12-25","purchased_purges":1,"victory":false,"max_hp_per_floor":[66,66,66,66,66,66,66,66,66,66,66,66,66,66,66,66,66,66,66,66,66,71,71],"card_choices":[{"not_picked":["Concentrate","Distraction"],"picked":"Prepared","floor":1.0},{"not_picked":["Deflect","Acrobatics"],"picked":"Quick Slash","floor":2.0},{"not_picked":["Blur","Prepared"],"picked":"Footwork","floor":3.0},{"not_picked":["Slice","Sucker Punch"],"picked":"Backstab","floor":7.0},{"not_picked":["Setup","Grand Finale"],"picked":"Dagger Spray","floor":8.0},{"not_picked":["Bane","Flying Knee"],"picked":"Terror","floor":11.0},{"not_picked":["Prepared","Finisher"],"picked":"Well Laid Plans","floor":14.0},{"not_picked":["Adrenaline","Storm of Steel"],"picked":"A Thousand Cuts","floor":16.0},{"not_picked":["Slice","Deflect+1"],"picked":"PiercingWail","floor":18.0},{"not_picked":["Dash","Tactician+1"],"picked":"Poisoned Stab+1","floor":19.0}],"player_experience":920580,"relics_obtained":[{"floor":8.0,"key":"Art of War"},{"floor":9.0,"key":"Pen Nib"},{"floor":11.0,"key":"Orichalcum"}],"event_choices":[{"cards_removed":["Strike_G"],"damage_healed":0.0,"max_hp_gain":0.0,"max_hp_loss":0.0,"gold_gain":0.0,"event_name":"Purifier","player_choice":"Purged","floor":5.0,"gold_loss":0.0,"damage_taken":0.0},{"damage_healed":0,"gold_gain":0,"player_choice":"Fight","damage_taken":0,"max_hp_gain":0,"max_hp_loss":0,"event_name":"Colosseum","floor":20,"gold_loss":0},{"damage_healed":0,"gold_gain":0,"player_choice":"Fled From Nobs","damage_taken":0,"max_hp_gain":0,"max_hp_loss":0,"event_name":"Colosseum","floor":20,"gold_loss":0},{"damage_healed":0,"gold_gain":0,"player_choice":"Shed Blood","damage_taken":23,"max_hp_gain":5,"max_hp_loss":0,"event_name":"Forgotten Altar","floor":22,"gold_loss":0}],"is_beta":true,"boss_relics":[{"not_picked":["Pandora\u0027s Box","Velvet Choker"],"picked":"Cursed Key"}],"items_purged_floors":[4],"is_endless":false,"potions_floor_spawned":[2,3,11,16,18],"killed_by":"Book of Stabbing","ascension_level":20}