{"gold_per_floor":[19,19,34,34,53,53,82,93,93,93,121,134,63,75,75,148,148,165,185,198,53,70,70,87,103,126,140,190,190,190,201,201,201],"floor_reached":33,"playtime":1986,"items_purged":["Strike_B"],"score":460,"play_id":"fe6c5433-14b1-4399-a385-cea13403255d","local_time":"20190310105659","is_ascension_mode":true,"campfire_choices":[{"data":"Zap","floor":6,"key":"SMITH"},{"floor":10,"key":"REST"},{"data":"Hologram","floor":15,"key":"SMITH"},{"data":"Amplify","floor":23,"key":"SMITH"},{"data":"Machine Learning","floor":29,"key":"SMITH"},{"data":"Go for the Eyes","floor":32,"key":"SMITH"}],"neow_cost":"NO_GOLD","seed_source_timestamp":98566246952918,"circlet_count":0,"master_deck":["AscendersBane","Strike_B+1","Strike_B","Defend_B+1","Defend_B","Defend_B","Defend_B+1","Zap+1","Dualcast+1","Genetic Algorithm","Hologram+1","Ball Lightning","White Noise","Go for the Eyes","Amplify+1","Go for the Eyes+1","Hello World","Static Discharge","Machine Learning+1","Cold Snap","Leap+1","Compile Driver","Electrodynamics","Auto Shields","Cold Snap","Sunder","Doom and Gloom"],"relics":["Cracked Core","Du-Vu Doll","War Paint","Bag of Preparation","Mummified Hand","Coffee Dripper","Oddly Smooth Stone"],"potions_floor_usage":[7,11,16,16,18,31,33],"damage_taken":[{"damage":0,"enemies":"Small Slimes","floor":1,"turns":3},{"damage":3,"enemies":"2 Louse","floor":3,"turns":3},{"damage":5,"enemies":"Jaw Worm","floor":5,"turns":4},{"damage":16,"enemies":"Gremlin Nob","floor":7,"turns":3},{"damage":5,"enemies":"3 Louse","floor":8,"turns":2},{"damage":14,"enemies":"3 Sentries","floor":11,"turns":3},{"damage":0,"enemies":"Exordium Thugs","floor":12,"turns":3},{"damage":0,"enemies":"Looter","floor":14,"turns":3},{"damage":2,"enemies":"Slime Boss","floor":16,"turns":10},{"damage":11,"enemies":"2 Thieves","floor":18,"turns":3},{"damage":3,"enemies":"Spheric Guardian","floor":19,"turns":4},{"damage":5,"enemies":"Shelled Parasite and Fungi","floor":20,"turns":5},{"damage":6,"enemies":"Snake Plant","floor":22,"turns":4},{"damage":1,"enemies":"Centurion and Healer","floor":24,"turns":7},{"damage":2,"enemies":"Snecko","floor":25,"turns":5},{"damage":5,"enemies":"3 Cultists","floor":27,"turns":4},{"damage":0,"enemies":"Cultist and Chosen","floor":31,"turns":3},{"damage":28,"enemies":"Automaton","floor":33,"turns":6}],"seed_played":"2592342092440320783","potions_obtained":[{"floor":5,"key":"FocusPotion"},{"floor":7,"key":"FocusPotion"},{"floor":11,"key":"FearPotion"},{"floor":12,"key":"Explosive Potion"},{"floor":16,"key":"FocusPotion"},{"floor":19,"key":"EssenceOfSteel"},{"floor":24,"key":"Ancient Potion"},{"floor":31,"key":"SteroidPotion"}],"is_trial":false,"path_per_floor":["M","?","M","?","M","R","E","M","T","R","E","M","$","M","R","B",null,"M","M","M","$","M","R","M","M","T","M","?","R","?","M","R","B"],"character_chosen":"DEFECT","items_purchased":["Hello World","Electrodynamics"],"campfire_rested":1,"item_purchase_floors":[13,21],"current_hp_per_floor":[64,43,40,40,35,35,19,14,14,35,21,21,21,21,21,19,58,47,44,39,39,33,33,32,30,30,25,25,25,25,25,25,0],"gold":201,"neow_bonus":"ONE_RARE_RELIC","is_prod":false,"is_daily":false,"chose_seed":false,"campfire_upgraded":5,"win_rate":0,"timestamp":1552229819,"path_taken":["M","?","M","?","M","R","E","M","T","R","E","M","$","M","R","BOSS","M","M","M","$","M","R","M","M","T","M","?","R","?","M","R","BOSS"],"build_version":"2019-02-06","purchased_purges":1,"victory":false,"max_hp_per_floor":[71,71,71,71,71,71,71,71,71,71,71,71,71,71,71,71,71,71,71,71,71,71,71,71,71,71,71,71,71,71,71,71,71],"card_choices":[{"not_picked":["Leap","Ball Lightning"],"picked":"Genetic Algorithm","floor":1},{"not_picked":["Go for the Eyes","Chaos"],"picked":"Hologram","floor":3},{"not_picked":["Rip and Tear","Static Discharge"],"picked":"Ball Lightning","floor":5},{"not_picked":["Turbo","Reprogram"],"picked":"White Noise","floor":7},{"not_picked":["Amplify","Streamline"],"picked":"Go for the Eyes","floor":8},{"not_picked":["Gash","Rebound"],"picked":"Amplify","floor":11},{"not_picked":["Blizzard","Turbo"],"picked":"Go for the Eyes","floor":12},{"not_picked":["Conserve Battery","Streamline"],"picked":"Static Discharge","floor":14},{"not_picked":["Rainbow","Multi-Cast"],"picked":"Machine Learning","floor":16},{"not_picked":["Streamline","Compile Driver"],"picked":"Cold Snap","floor":18},{"not_picked":["Turbo","Conserve Battery"],"picked":"Leap+1","floor":19},{"not_picked":["Ball Lightning","Darkness"],"picked":"Compile Driver","floor":20},{"not_picked":["Turbo","Chill"],"picked":"Auto Shields","floor":22},{"not_picked":["Sweeping Beam","Barrage"],"picked":"Cold Snap","floor":24},{"not_picked":["Auto Shields","Go for the Eyes"],"picked":"Sunder","floor":25},{"not_picked":["Stack","Tempest"],"picked":"Doom and Gloom","floor":27},{"not_picked":["Go for the Eyes","Doom and Gloom","Aggregate"],"picked":"SKIP","floor":31}],"player_experience":454933,"relics_obtained":[{"floor":7,"key":"War Paint"},{"floor":9,"key":"Bag of Preparation"},{"floor":11,"key":"Mummified Hand"},{"floor":26,"key":"Oddly Smooth Stone"}],"event_choices":[{"damage_healed":0,"gold_gain":0,"player_choice":"Entered Light","damage_taken":21,"max_hp_gain":0,"max_hp_loss":0,"event_name":"Shining Light","floor":2,"gold_loss":0,"cards_upgraded":["Strike_B","Defend_B"]},{"damage_healed":0,"gold_gain":0,"player_choice":"Leave","damage_taken":0,"max_hp_gain":0,"max_hp_loss":0,"event_name":"The Cleric","floor":4,"gold_loss":0},{"damage_healed":0,"gold_gain":50,"player_choice":"Stole From Cult","damage_taken":0,"max_hp_gain":0,"max_hp_loss":0,"event_name":"Nest","floor":28,"gold_loss":0},{"cards_removed":["Strike_B"],"damage_healed":0,"gold_gain":0,"player_choice":"Elegance","damage_taken":0,"max_hp_gain":0,"max_hp_loss":0,"event_name":"Back to Basics","floor":30,"gold_loss":0}],"is_beta":true,"boss_relics":[{"not_picked":["Lizard Tail","Snecko Eye"],"picked":"Coffee Dripper"}],"items_purged_floors":[21],"is_endless":false,"potions_floor_spawned":[5,7,11,12,16,19,24,27,31],"killed_by":"Automaton","ascension_level":15}