{"gold_per_floor":[115,115,128,148,160,160,240,240,263,263,298,312,347,363,363,468,468,468,393,393,393,98,98,98,98,98,98,98,98,98,98,98,98,98,98,98,98,98,98,98,98,98,98,98,98,98,0,0,0,0,0,0,0,0,0],"floor_reached":56,"playtime":6472,"items_purged":["Strike_G"],"score":1612,"play_id":"68284920-6e35-4b61-b2f5-24ebf1149bc6","local_time":"20190326171243","is_ascension_mode":true,"campfire_choices":[{"data":"Bouncing Flask","floor":6,"key":"SMITH"},{"floor":10,"key":"REST"},{"floor":15,"key":"REST"},{"floor":29,"key":"REST"},{"floor":32,"key":"RECALL"},{"data":"Adrenaline","floor":40,"key":"SMITH"},{"data":"Leg Sweep","floor":42,"key":"SMITH"},{"data":"Malaise","floor":49,"key":"SMITH"},{"data":"Neutralize","floor":52,"key":"SMITH"}],"neow_cost":"PERCENT_DAMAGE","seed_source_timestamp":73552433595900,"circlet_count":0,"master_deck":["Defend_G+1","Defend_G","Defend_G","Defend_G","Defend_G","Strike_G","Survivor","Neutralize+1","Backflip","Poisoned Stab","Deadly Poison+1","PiercingWail+1","Bouncing Flask+1","Flying Knee","Infinite Blades+1","Escape Plan","Leg Sweep+1","Well Laid Plans+1","Wraith Form v2+1","Footwork+1","Dagger Throw+1","Noxious Fumes+1","Leg Sweep+1","Setup+1","Die Die Die","PiercingWail","Predator+1","Adrenaline+1","Acrobatics+1","Distraction+1","Malaise+1"],"relics":["Ring of the Snake","Frozen Egg 2","War Paint","Regal Pillow","Boot","Ectoplasm","Nilry\u0027s Codex","Oddly Smooth Stone","Blood Vial","Ancient Tea Set","PreservedInsect","Bronze Scales","Dodecahedron","Art of War","Busted Crown","Vajra","Bag of Preparation","Kunai","Bag of Marbles","Red Mask","StoneCalendar"],"potions_floor_usage":[13,18,54,55,55],"damage_taken":[{"damage":1,"enemies":"Jaw Worm","floor":1,"turns":5},{"damage":1,"enemies":"Cultist","floor":3,"turns":3},{"damage":4,"enemies":"Small Slimes","floor":4,"turns":3},{"damage":12,"enemies":"Exordium Thugs","floor":5,"turns":6},{"damage":17,"enemies":"Lagavulin","floor":11,"turns":5},{"damage":0,"enemies":"Blue Slaver","floor":12,"turns":4},{"damage":19,"enemies":"3 Sentries","floor":13,"turns":10},{"damage":0,"enemies":"3 Louse","floor":14,"turns":3},{"damage":14,"enemies":"Slime Boss","floor":16,"turns":9},{"damage":21,"enemies":"3 Byrds","floor":18,"turns":4},{"damage":4,"enemies":"2 Thieves","floor":19,"turns":5},{"damage":3,"enemies":"Gremlin Leader","floor":23,"turns":7},{"damage":0,"enemies":"Snake Plant","floor":24,"turns":4},{"damage":12,"enemies":"Slavers","floor":25,"turns":6},{"damage":0,"enemies":"Book of Stabbing","floor":27,"turns":4},{"damage":0,"enemies":"Chosen and Byrds","floor":28,"turns":6},{"damage":2,"enemies":"Gremlin Leader","floor":31,"turns":6},{"damage":24,"enemies":"Collector","floor":33,"turns":11},{"damage":0,"enemies":"3 Shapes","floor":35,"turns":5},{"damage":2,"enemies":"3 Darklings","floor":39,"turns":5},{"damage":0,"enemies":"Reptomancer","floor":41,"turns":4},{"damage":10,"enemies":"Giant Head","floor":44,"turns":6},{"damage":0,"enemies":"Transient","floor":45,"turns":5},{"damage":7,"enemies":"Reptomancer","floor":46,"turns":5},{"damage":2,"enemies":"Spire Growth","floor":48,"turns":5},{"damage":9,"enemies":"Donu and Deca","floor":50,"turns":9},{"damage":14,"enemies":"Shield and Spear","floor":54,"turns":5},{"damage":37,"enemies":"The Heart","floor":55,"turns":11}],"seed_played":"-771578552064887089","potions_obtained":[{"floor":5,"key":"Regen Potion"},{"floor":11,"key":"SkillPotion"},{"floor":12,"key":"AttackPotion"},{"floor":18,"key":"AttackPotion"},{"floor":24,"key":"Explosive Potion"},{"floor":28,"key":"PowerPotion"}],"is_trial":false,"path_per_floor":["M","?","M","M","M","R","T","?","T","R","E","M","E","M","R","B",null,"M","M","?","?","$","E","M","E","T","E","M","R","T","E","R","B",null,"M","$","$","?","M","R","E","R","T","E","M","E","?","M","R","B",null,"R","$","E","B",null],"character_chosen":"THE_SILENT","items_purchased":["Blood Vial","Noxious Fumes+1"],"campfire_rested":3,"item_purchase_floors":[22,22],"current_hp_per_floor":[44,44,43,39,27,27,27,27,27,48,31,31,27,27,63,49,65,44,40,24,24,24,23,25,15,15,17,19,55,55,55,55,33,61,63,63,63,63,63,63,65,65,65,57,59,54,54,54,54,47,64,64,64,52,17],"gold":0,"neow_bonus":"TRANSFORM_TWO_CARDS","is_prod":false,"is_daily":false,"chose_seed":false,"campfire_upgraded":5,"win_rate":0,"timestamp":1553600563,"path_taken":["M","?","?","M","M","R","?","?","T","R","E","?","E","M","R","BOSS","M","M","?","?","$","E","?","E","T","E","M","R","?","E","R","BOSS","M","?","$","?","M","R","E","R","T","E","M","E","?","M","R","BOSS","R","$","E","BOSS"],"build_version":"2019-01-23","purchased_purges":1,"victory":true,"max_hp_per_floor":[70,70,70,70,70,70,70,70,70,70,70,70,70,70,70,70,70,70,70,70,70,70,70,70,70,70,70,70,70,70,70,70,70,70,70,70,70,70,70,70,70,70,70,70,70,70,70,70,70,70,70,70,70,70,70],"card_choices":[{"not_picked":["Dagger Throw","Bane"],"picked":"Deadly Poison","floor":1},{"not_picked":["Riddle With Holes","Eviscerate"],"picked":"PiercingWail","floor":3},{"not_picked":["Acrobatics","Dagger Spray"],"picked":"Bouncing Flask","floor":4},{"not_picked":["Dagger Spray","Night Terror"],"picked":"Flying Knee","floor":5},{"not_picked":["Sucker Punch","Deadly Poison"],"picked":"Infinite Blades+1","floor":11},{"not_picked":["Distraction","Outmaneuver"],"picked":"Escape Plan","floor":12},{"not_picked":["Underhanded Strike","Tactician"],"picked":"Leg Sweep","floor":13},{"not_picked":["Predator","Poisoned Stab"],"picked":"Well Laid Plans+1","floor":14},{"not_picked":["Corpse Explosion","Grand Finale"],"picked":"Wraith Form v2+1","floor":16},{"not_picked":["Backflip","Skewer"],"picked":"Footwork+1","floor":18},{"not_picked":["Infinite Blades+1","PiercingWail"],"picked":"Dagger Throw+1","floor":19},{"not_picked":["Calculated Gamble","Cloak And Dagger+1"],"picked":"Leg Sweep+1","floor":23},{"not_picked":["Outmaneuver+1","Skewer","All Out Attack"],"picked":"SKIP","floor":24},{"not_picked":["Concentrate","Choke"],"picked":"Setup+1","floor":25},{"not_picked":["Quick Slash","PiercingWail"],"picked":"Die Die Die","floor":27},{"not_picked":["Flying Knee","Deflect"],"picked":"PiercingWail","floor":28},{"not_picked":["Dagger Throw","Leg Sweep+1"],"picked":"Predator+1","floor":31},{"not_picked":["Die Die Die","Glass Knife"],"picked":"Adrenaline","floor":33},{"not_picked":["Slice"],"picked":"SKIP","floor":35},{"not_picked":[],"picked":"Acrobatics+1","floor":39},{"not_picked":[],"picked":"Distraction+1","floor":41},{"not_picked":["Slice"],"picked":"SKIP","floor":44},{"not_picked":["Dagger Spray+1"],"picked":"SKIP","floor":45},{"not_picked":[],"picked":"Malaise","floor":46},{"not_picked":["Bane+1"],"picked":"SKIP","floor":48},{"not_picked":["Slice"],"picked":"SKIP","floor":54}],"player_experience":131568,"relics_obtained":[{"floor":7,"key":"Frozen Egg 2"},{"floor":9,"key":"War Paint"},{"floor":11,"key":"Regal Pillow"},{"floor":13,"key":"Boot"},{"floor":20,"key":"Nilry\u0027s Codex"},{"floor":23,"key":"Ancient Tea Set"},{"floor":25,"key":"PreservedInsect"},{"floor":26,"key":"Bronze Scales"},{"floor":27,"key":"Dodecahedron"},{"floor":31,"key":"Art of War"},{"floor":41,"key":"Vajra"},{"floor":43,"key":"Bag of Preparation"},{"floor":44,"key":"Kunai"},{"floor":46,"key":"Bag of Marbles"},{"floor":54,"key":"StoneCalendar"}],"event_choices":[{"cards_removed":["Strike_G"],"damage_healed":0,"gold_gain":0,"player_choice":"Offered Basic","damage_taken":0,"max_hp_gain":0,"max_hp_loss":0,"event_name":"Bonfire Elementals","floor":2,"gold_loss":0},{"damage_healed":0,"gold_gain":0,"player_choice":"Upgraded","damage_taken":0,"max_hp_gain":0,"max_hp_loss":0,"event_name":"Upgrade Shrine","floor":8,"gold_loss":0,"cards_upgraded":["Deadly Poison"]},{"damage_healed":0,"gold_gain":0,"player_choice":"Obtained Book","damage_taken":16,"max_hp_gain":0,"max_hp_loss":0,"event_name":"Cursed Tome","floor":20,"gold_loss":0},{"damage_healed":0,"gold_gain":0,"player_choice":"Opened","damage_taken":0,"relics_obtained":["Oddly Smooth Stone"],"max_hp_gain":0,"max_hp_loss":0,"event_name":"The Mausoleum","floor":21,"gold_loss":0},{"damage_healed":0,"gold_gain":0,"player_choice":"Memory 1","damage_taken":0,"max_hp_gain":0,"max_hp_loss":0,"event_name":"SensoryStone","floor":38,"gold_loss":0},{"damage_healed":0,"gold_gain":0,"player_choice":"Paid","damage_taken":0,"relics_obtained":["Red Mask"],"max_hp_gain":0,"max_hp_loss":0,"event_name":"Tomb of Lord Red Mask","floor":47,"gold_loss":98}],"is_beta":false,"boss_relics":[{"not_picked":["Lizard Tail","Tiny House"],"picked":"Ectoplasm"},{"not_picked":["WristBlade","Orrery"],"picked":"Busted Crown"}],"items_purged_floors":[22],"is_endless":false,"potions_floor_spawned":[5,11,12,18,24,28,31,35,39],"ascension_level":6}