{"gold_per_floor":[112,72,147,147,147,147,173,173,173,191,270,289,289,313,313,313],"floor_reached":16,"playtime":355,"items_purged":[],"score":246,"play_id":"948487c3-0fd6-467e-83c5-98ccbb348f9a","local_time":"20181104183805","is_ascension_mode":true,"campfire_choices":[{"data":"Chill","floor":6.0,"key":"SMITH"},{"data":"Zap","floor":8.0,"key":"SMITH"},{"floor":13,"key":"REST"},{"data":"Sweeping Beam","floor":15,"key":"SMITH"}],"neow_cost":"NONE","seed_source_timestamp":121705937131097,"circlet_count":0,"master_deck":["AscendersBane","Strike_B","Strike_B","Strike_B","Strike_B","Defend_B","Defend_B","Defend_B","Defend_B","Zap+1","Dualcast","Chill+1","FTL","Regret","Compile Driver","Leap","Cold Snap","Sweeping Beam+1","Hologram"],"special_seed":0,"relics":["Cracked Core","NeowsBlessing","Dodecahedron","Regal Pillow","Shuriken","Golden Idol","Matryoshka"],"potions_floor_usage":[11],"damage_taken":[{"damage":0.0,"enemies":"2 Louse","floor":1.0,"turns":1.0},{"damage":0.0,"enemies":"3 Sentries","floor":7.0,"turns":1.0},{"damage":0.0,"enemies":"Jaw Worm","floor":10.0,"turns":1.0},{"damage":13,"enemies":"3 Sentries","floor":11,"turns":10},{"damage":1,"enemies":"Jaw Worm","floor":12,"turns":3},{"damage":1,"enemies":"Small Slimes","floor":14,"turns":3},{"damage":56,"enemies":"Slime Boss","floor":16,"turns":6}],"seed_played":"8778863038871056581","potions_obtained":[{"floor":1.0,"key":"Dexterity Potion"},{"floor":10,"key":"Dexterity Potion"}],"is_trial":false,"path_per_floor":["M","$","?","?","?","R","E","R","T","M","?","?","M","R","M","R","B"],"character_chosen":"DEFECT","items_purchased":["FTL"],"campfire_rested":1,"item_purchase_floors":[2],"current_hp_per_floor":[64,64,53,53,53,53,53,53,53,29,16,15,51,50,50,0],"gold":313,"neow_bonus":"THREE_ENEMY_KILL","is_prod":false,"is_daily":false,"chose_seed":false,"campfire_upgraded":3,"win_rate":0,"timestamp":1541374685,"path_taken":["M","$","?","?","?","R","E","R","T","?","?","M","R","M","R","BOSS"],"build_version":"2018-11-02","purchased_purges":0,"victory":false,"max_hp_per_floor":[71,71,71,71,71,71,71,71,71,71,71,71,71,71,71,71],"card_choices":[{"not_picked":["Go for the Eyes","Gash"],"picked":"Chill","floor":1.0},{"not_picked":["Reinforced Body","Beam Cell"],"picked":"Compile Driver","floor":7.0},{"not_picked":["Beam Cell","Gash"],"picked":"Leap","floor":10},{"not_picked":["Redo","Rebound"],"picked":"Cold Snap","floor":11},{"not_picked":["Stack","Coolheaded"],"picked":"Sweeping Beam","floor":12},{"not_picked":["Darkness","Meteor Strike"],"picked":"Hologram","floor":14}],"player_experience":850484,"relics_obtained":[{"floor":7.0,"key":"Regal Pillow"},{"floor":9.0,"key":"Shuriken"},{"floor":11,"key":"Matryoshka"}],"event_choices":[{"damage_healed":0.0,"max_hp_gain":0.0,"max_hp_loss":0.0,"gold_gain":75.0,"event_name":"World of Goop","player_choice":"Gather Gold","floor":3.0,"gold_loss":0.0,"damage_taken":11.0},{"damage_healed":0.0,"max_hp_gain":0.0,"max_hp_loss":0.0,"gold_gain":0.0,"event_name":"Big Fish","player_choice":"Box","floor":4.0,"gold_loss":0.0,"damage_taken":0.0,"relics_obtained":["Dodecahedron"],"cards_obtained":["Regret"]},{"damage_healed":0.0,"max_hp_gain":0.0,"max_hp_loss":0.0,"gold_gain":0.0,"event_name":"Liars Game","player_choice":"Ignored","floor":5.0,"gold_loss":0.0,"damage_taken":0.0},{"damage_healed":0,"gold_gain":0,"player_choice":"Take Damage","damage_taken":24,"relics_obtained":["Golden Idol"],"max_hp_gain":0,"max_hp_loss":0,"event_name":"Golden Idol","floor":10,"gold_loss":0},{"damage_healed":0,"gold_gain":0,"player_choice":"Searched \u00272\u0027 times","damage_taken":0,"max_hp_gain":0,"max_hp_loss":0,"event_name":"Dead Adventurer","floor":11,"gold_loss":0}],"is_beta":true,"boss_relics":[],"items_purged_floors":[],"is_endless":false,"potions_floor_spawned":[1,10],"killed_by":"Slime Boss","ascension_level":20}