{"gold_per_floor":[109,120,182,182,182,182,198,231,231,306,319,319,319,3,3,133,133,146,146,164,87,87,87,87,87,87,87,107,37,61,80,80,80],"floor_reached":33,"playtime":911,"items_purged":["Injury"],"score":243,"play_id":"0d79104a-6dc0-4461-be86-4c0c0d759865","local_time":"20190129031134","is_ascension_mode":false,"campfire_choices":[{"data":"Sunder","floor":6,"key":"SMITH"},{"floor":13,"key":"REST"},{"data":"Electrodynamics","floor":15,"key":"SMITH"},{"data":"Creative AI","floor":23,"key":"SMITH"},{"floor":32,"key":"REST"}],"neow_cost":"NONE","seed_source_timestamp":158857287382593,"circlet_count":0,"master_deck":["Strike_B+1","Strike_B+1","Strike_B+1","Strike_B+1","Defend_B+1","Defend_B+1","Defend_B+1","Defend_B+1","Zap","Dualcast","Sunder+1","Redo","Go for the Eyes","Electrodynamics+1","Creative AI+1","Loop","Heatsinks","Defragment","Electrodynamics+1","Loop+1","Heatsinks","Redo+1"],"relics":["Cracked Core","Kunai","Juzu Bracelet","War Paint","Golden Idol","Bottled Tornado","Eternal Feather","MutagenicStrength","Question Card"],"potions_floor_usage":[7,8,16,33,33],"damage_taken":[{"damage":5,"enemies":"2 Louse","floor":1,"turns":2},{"damage":0,"enemies":"Small Slimes","floor":2,"turns":2},{"damage":0,"enemies":"Jaw Worm","floor":7,"turns":1},{"damage":21,"enemies":"3 Sentries","floor":8,"turns":4},{"damage":0,"enemies":"Blue Slaver","floor":11,"turns":3},{"damage":38,"enemies":"Hexaghost","floor":16,"turns":11},{"damage":22,"enemies":"2 Thieves","floor":18,"turns":3},{"damage":28,"enemies":"Spheric Guardian","floor":20,"turns":5},{"damage":42,"enemies":"Snake Plant","floor":28,"turns":4},{"damage":11,"enemies":"Snecko","floor":30,"turns":3},{"damage":21,"enemies":"Chosen and Byrds","floor":31,"turns":5},{"damage":56,"enemies":"Collector","floor":33,"turns":8}],"seed_played":"-3578286499490448640","potions_obtained":[{"floor":2,"key":"AttackPotion"},{"floor":7,"key":"Fruit Juice"},{"floor":8,"key":"EssenceOfSteel"},{"floor":20,"key":"SteroidPotion"},{"floor":30,"key":"Explosive Potion"}],"is_trial":false,"path_per_floor":["M","M","?","?","?","R","M","E","T","?","M","?","R","$","R","B",null,"M","?","M","$","?","R","$","?","T","?","M","$","M","M","R","B"],"character_chosen":"DEFECT","items_purchased":["Bottled Tornado","Defragment","Heatsinks"],"campfire_rested":2,"item_purchase_floors":[14,21,29],"current_hp_per_floor":[77,77,77,65,49,49,49,33,33,22,22,22,48,48,48,10,87,65,65,37,37,37,46,46,75,75,75,33,33,22,1,39,0],"gold":80,"neow_bonus":"TEN_PERCENT_HP_BONUS","is_prod":false,"is_daily":false,"chose_seed":false,"campfire_upgraded":3,"win_rate":0.0,"timestamp":1548760294,"path_taken":["M","M","?","?","?","R","M","E","T","?","M","?","R","$","R","BOSS","M","?","M","$","?","R","$","?","T","?","M","?","M","M","R","BOSS"],"build_version":"2019-01-23","purchased_purges":1,"victory":false,"max_hp_per_floor":[82,82,82,82,82,82,82,87,87,87,87,87,87,87,87,87,87,87,87,87,87,87,87,87,87,87,87,87,87,87,87,87,87],"card_choices":[{"not_picked":["Leap","Consume"],"picked":"Sunder","floor":1},{"not_picked":["Coolheaded","Reprogram","Turbo"],"picked":"SKIP","floor":2},{"not_picked":["Undo","Steam"],"picked":"Redo","floor":7},{"not_picked":["Auto Shields","Chill"],"picked":"Go for the Eyes","floor":8},{"not_picked":["Gash","Leap"],"picked":"Electrodynamics","floor":11},{"not_picked":["Rainbow","Core Surge"],"picked":"Creative AI","floor":16},{"not_picked":["Sunder","Doom and Gloom+1"],"picked":"Loop","floor":18},{"not_picked":["Doom and Gloom","Leap+1"],"picked":"Heatsinks","floor":20},{"not_picked":["Redo","Gash+1","Cold Snap"],"picked":"Loop+1","floor":28},{"not_picked":["Reinforced Body+1","Reprogram","Force Field","Hologram"],"picked":"SKIP","floor":30},{"not_picked":["Sweeping Beam","FTL","Rainbow"],"picked":"Redo+1","floor":31}],"player_experience":211769,"relics_obtained":[{"floor":8,"key":"Juzu Bracelet"},{"floor":9,"key":"War Paint"},{"floor":26,"key":"Question Card"}],"event_choices":[{"damage_healed":0,"gold_gain":62,"player_choice":"Gained Gold","damage_taken":0,"max_hp_gain":0,"max_hp_loss":0,"event_name":"Golden Wing","floor":3,"gold_loss":0},{"damage_healed":0,"gold_gain":0,"player_choice":"Success","damage_taken":12,"relics_obtained":["Kunai"],"max_hp_gain":0,"max_hp_loss":0,"event_name":"Scrap Ooze","floor":4,"gold_loss":0},{"damage_healed":0,"gold_gain":0,"player_choice":"Entered Light","damage_taken":16,"max_hp_gain":0,"max_hp_loss":0,"event_name":"Shining Light","floor":5,"gold_loss":0,"cards_upgraded":["Strike_B","Defend_B"]},{"damage_healed":0,"gold_gain":75,"player_choice":"Gather Gold","damage_taken":11,"max_hp_gain":0,"max_hp_loss":0,"event_name":"World of Goop","floor":10,"gold_loss":0},{"damage_healed":0,"gold_gain":0,"player_choice":"Take Wound","damage_taken":0,"relics_obtained":["Golden Idol"],"max_hp_gain":0,"max_hp_loss":0,"event_name":"Golden Idol","floor":12,"gold_loss":0,"cards_obtained":["Injury"]},{"damage_healed":0,"gold_gain":0,"player_choice":"Inject Mutagens","damage_taken":0,"relics_obtained":["MutagenicStrength"],"max_hp_gain":0,"max_hp_loss":0,"event_name":"Drug Dealer","floor":19,"gold_loss":0},{"damage_healed":0,"gold_gain":0,"player_choice":"Simplicity","damage_taken":0,"max_hp_gain":0,"max_hp_loss":0,"event_name":"Back to Basics","floor":22,"gold_loss":0,"cards_upgraded":["Strike_B","Strike_B","Strike_B","Defend_B"]},{"damage_healed":29,"gold_gain":0,"player_choice":"Heal","damage_taken":0,"max_hp_gain":0,"max_hp_loss":0,"event_name":"The Library","floor":25,"gold_loss":0},{"damage_healed":0,"gold_gain":0,"player_choice":"Copied","damage_taken":0,"max_hp_gain":0,"max_hp_loss":0,"event_name":"Duplicator","floor":27,"gold_loss":0,"cards_obtained":["Electrodynamics"]}],"is_beta":false,"boss_relics":[{"not_picked":["Fusion Hammer","Runic Dome"],"picked":"Eternal Feather"}],"items_purged_floors":[14],"is_endless":false,"potions_floor_spawned":[2,7,8,20,30],"killed_by":"Collector","ascension_level":0}