{"path_per_floor":["M","?","M","M","M","E","M","R","T","?","M","E","M","M","R","B",null,"M","M","M","M","$"],"character_chosen":"IRONCLAD","items_purchased":["Iron Wave","Apotheosis","Oddly Smooth Stone"],"gold_per_floor":[112,112,122,139,154,182,194,194,194,194,211,242,255,265,265,367,367,387,399,411,424,49,49],"floor_reached":23,"campfire_rested":2,"playtime":1965,"current_hp_per_floor":[75,72,66,66,50,47,37,61,61,66,59,33,38,44,69,33,85,76,50,43,31,31,0],"items_purged":[],"gold":49,"score":209,"play_id":"e0443cfc-9ef8-421b-bef7-a8d788d6509e","local_time":"20180329041658","is_prod":false,"is_daily":false,"is_ascension_mode":false,"campfire_upgraded":0,"timestamp":1522322218,"path_taken":["M","?","?","M","M","E","M","R","T","?","?","E","M","M","R","BOSS","M","?","M","M","$","E"],"build_version":"2018-03-22v2","purchased_purges":0,"victory":false,"master_deck":["Strike_R","Strike_R","Strike_R","Strike_R","Strike_R","Defend_R","Defend_R","Defend_R","Defend_R","Bash","Perfected Strike","Shrug It Off","Cleave","Armaments","Carnage","Twin Strike","Perfected Strike","Shrug It Off","Headbutt","Infernal Blade","Clash","Iron Wave","Metallicize","Headbutt","Armaments","Bludgeon","Perfected Strike","Fiend Fire","Headbutt","Clothesline","Iron Wave","Apotheosis"],"max_hp_per_floor":[80,80,80,80,80,80,80,80,80,85,85,85,85,85,85,85,85,85,85,85,85,85,85],"relics":["Orrery","Self Forming Clay","Charon\u0027s Ashes","Bottled Lightning","Meat on the Bone","Black Star","Oddly Smooth Stone"],"card_choices":[{"not_picked":["Whirlwind","Corruption"],"picked":"Perfected Strike","floor":0},{"not_picked":["Burning Pact","Demon Form"],"picked":"Shrug It Off","floor":0},{"not_picked":["Flex","Body Slam"],"picked":"Cleave","floor":0},{"not_picked":["Combust","Burning Pact"],"picked":"Armaments","floor":0},{"not_picked":["Flex","Shockwave"],"picked":"Carnage","floor":0},{"not_picked":["Disarm","Inflame"],"picked":"Twin Strike","floor":1},{"not_picked":["Flex","Warcry"],"picked":"Perfected Strike","floor":3},{"not_picked":["Impervious","Feel No Pain"],"picked":"Shrug It Off","floor":4},{"not_picked":["Armaments","True Grit"],"picked":"Headbutt","floor":5},{"not_picked":["Entrench","Pummel"],"picked":"Infernal Blade","floor":6},{"not_picked":["Combust","Fiend Fire"],"picked":"Clash","floor":7},{"not_picked":["Flex","Sword Boomerang"],"picked":"Iron Wave","floor":11},{"not_picked":["Corruption","Seeing Red"],"picked":"Metallicize","floor":12},{"not_picked":["Cleave","Flex"],"picked":"Headbutt","floor":13},{"not_picked":["Sword Boomerang","Carnage"],"picked":"Armaments","floor":14},{"not_picked":["Barricade","Fiend Fire"],"picked":"Bludgeon","floor":16},{"not_picked":["Shrug It Off","Thunderclap"],"picked":"Perfected Strike","floor":18},{"not_picked":["Body Slam","Battle Trance"],"picked":"Fiend Fire","floor":19},{"not_picked":["Uppercut","Twin Strike"],"picked":"Headbutt","floor":20},{"not_picked":["Second Wind","True Grit"],"picked":"Clothesline","floor":21}],"player_experience":9544,"potions_floor_usage":[6,6,16,16,16],"damage_taken":[{"damage":5,"enemies":"Small Slimes","floor":1,"turns":4},{"damage":6,"enemies":"2 Louse","floor":3,"turns":2},{"damage":0,"enemies":"Cultist","floor":4,"turns":2},{"damage":16,"enemies":"Gremlin Gang","floor":5,"turns":4},{"damage":3,"enemies":"3 Sentries","floor":6,"turns":6},{"damage":10,"enemies":"Looter","floor":7,"turns":2},{"damage":7,"enemies":"Blue Slaver","floor":11,"turns":2},{"damage":26,"enemies":"Lagavulin","floor":12,"turns":6},{"damage":7,"enemies":"Exordium Thugs","floor":13,"turns":3},{"damage":6,"enemies":"Lots of Slimes","floor":14,"turns":2},{"damage":48,"enemies":"Hexaghost","floor":16,"turns":10},{"damage":9,"enemies":"Shell Parasite","floor":18,"turns":8},{"damage":38,"enemies":"3 Byrds","floor":19,"turns":7},{"damage":7,"enemies":"3 Cultists","floor":20,"turns":4},{"damage":24,"enemies":"Sentry and Sphere","floor":21,"turns":7},{"damage":33,"enemies":"Book of Stabbing","floor":23,"turns":4}],"event_choices":[{"event_name":"Scrap Ooze","player_choice":"success","floor":2,"damage_taken":3},{"event_name":"Big Fish","player_choice":"Donut","floor":10,"damage_taken":0}],"boss_relics":[{"not_picked":["Question Card","Snecko Eye"],"picked":"Black Star"}],"potions_floor_spawned":[3,4,12,13,14],"seed_played":"458292537387585461","killed_by":"Book of Stabbing","ascension_level":0,"is_trial":false}