{"gold_per_floor":[119,119,119,129,146,179,179,206,206,217,217,191,191,225,225,297,297,315,326,326,337,348,348,362,397,472,472,484,514,530,560,560,634,634,652,592,602,618,221,254,254,279,279,612,628,628,628,628,628,628],"floor_reached":50,"playtime":3344,"items_purged":["Strike_B","Strike_B"],"score":1395,"play_id":"d4b5230c-8929-4b4d-88a5-1645b6c5ca13","local_time":"20190226194028","is_ascension_mode":true,"campfire_choices":[{"data":"Sunder","floor":7.0,"key":"SMITH"},{"data":"Steam","floor":11.0,"key":"SMITH"},{"floor":13.0,"key":"REST"},{"data":"Creative AI","floor":15.0,"key":"SMITH"},{"floor":23.0,"key":"REST"},{"floor":27,"key":"REST"},{"floor":32,"key":"REST"},{"data":"Hologram","floor":41,"key":"SMITH"},{"floor":46,"key":"RECALL"},{"floor":49,"key":"REST"}],"neow_cost":"NONE","seed_source_timestamp":337811715248074,"circlet_count":0,"master_deck":["AscendersBane","Strike_B","Defend_B","Defend_B","Defend_B","Defend_B","Zap+1","Dualcast","Creative AI+1","Cold Snap+1","Leap","Sunder+1","Steam+1","Sweeping Beam+1","Turbo","Conserve Battery","Skim","Electrodynamics","Glacier","Barrage+1","Genetic Algorithm","Double Energy+1","Scrape+1","Glacier","All For One+1","Conserve Battery","Conserve Battery","Scrape+1","Hologram+1","Hologram","Skim"],"special_seed":0,"relics":["Cracked Core","Happy Flower","Cables","Whetstone","Boot","Snecko Eye","The Courier","Bag of Preparation","Molten Egg 2","Symbiotic Virus","Matryoshka","Sozu","Oddly Smooth Stone","Art of War","DataDisk","Bottled Lightning","Juzu Bracelet","Old Coin"],"potions_floor_usage":[25,29,31,40],"damage_taken":[{"damage":6.0,"enemies":"2 Louse","floor":1.0,"turns":3.0},{"damage":5.0,"enemies":"Jaw Worm","floor":4.0,"turns":4.0},{"damage":0.0,"enemies":"Cultist","floor":5.0,"turns":4.0},{"damage":0.0,"enemies":"Lagavulin","floor":6.0,"turns":7.0},{"damage":23.0,"enemies":"Gremlin Nob","floor":8.0,"turns":4.0},{"damage":0.0,"enemies":"Gremlin Gang","floor":10.0,"turns":3.0},{"damage":6.0,"enemies":"3 Sentries","floor":14.0,"turns":6.0},{"damage":18.0,"enemies":"Slime Boss","floor":16.0,"turns":6.0},{"damage":22.0,"enemies":"2 Thieves","floor":18.0,"turns":3.0},{"damage":3.0,"enemies":"Spheric Guardian","floor":19.0,"turns":3.0},{"damage":2.0,"enemies":"Snake Plant","floor":21.0,"turns":3.0},{"damage":0.0,"enemies":"3 Cultists","floor":22.0,"turns":2.0},{"damage":0.0,"enemies":"Sentry and Sphere","floor":24.0,"turns":3.0},{"damage":8,"enemies":"Gremlin Leader","floor":25,"turns":5},{"damage":6,"enemies":"Shelled Parasite and Fungi","floor":28,"turns":4},{"damage":29,"enemies":"Book of Stabbing","floor":29,"turns":7},{"damage":0,"enemies":"Centurion and Healer","floor":30,"turns":5},{"damage":20,"enemies":"Slavers","floor":31,"turns":3},{"damage":11,"enemies":"Champ","floor":33,"turns":20},{"damage":0,"enemies":"Orb Walker","floor":35,"turns":3},{"damage":3,"enemies":"3 Darklings","floor":37,"turns":6},{"damage":0,"enemies":"Maw","floor":38,"turns":7},{"damage":8,"enemies":"Giant Head","floor":40,"turns":8},{"damage":0,"enemies":"Nemesis","floor":42,"turns":5},{"damage":6,"enemies":"Giant Head","floor":44,"turns":7},{"damage":0,"enemies":"Jaw Worm Horde","floor":45,"turns":2},{"damage":59,"enemies":"Time Eater","floor":50,"turns":12}],"seed_played":"-4493247896020784320","potions_obtained":[{"floor":8.0,"key":"SteroidPotion"},{"floor":10.0,"key":"EssenceOfSteel"},{"floor":14.0,"key":"Poison Potion"},{"floor":21.0,"key":"Fire Potion"},{"floor":28,"key":"PowerPotion"},{"floor":33,"key":"FearPotion"}],"is_trial":false,"path_per_floor":["M","?","?","M","M","E","R","E","T","M","R","$","R","E","R","B",null,"M","M","?","M","M","R","M","E","T","R","M","E","M","E","R","B",null,"M","$","M","M","$","E","R","E","T","E","M","R","?","?","R","B"],"character_chosen":"DEFECT","items_purchased":["Conserve Battery","Oddly Smooth Stone","Art of War","Scrape+1"],"campfire_rested":5,"item_purchase_floors":[12,39,39,39],"current_hp_per_floor":[58,58,58,53,53,53,53,30,30,30,30,30,51,45,45,27,60,38,35,35,33,33,54,54,46,46,67,61,32,32,12,33,22,59,59,59,56,56,56,48,48,48,48,42,42,42,42,42,63,4],"gold":628,"neow_bonus":"TRANSFORM_CARD","is_prod":false,"is_daily":false,"chose_seed":false,"campfire_upgraded":4,"win_rate":0,"timestamp":1551228028,"path_taken":["M","?","?","M","M","E","R","E","T","M","R","?","R","E","R","BOSS","M","M","?","M","?","R","?","E","T","R","M","E","M","E","R","BOSS","M","$","M","M","$","E","R","E","T","E","M","R","?","?","R","BOSS"],"build_version":"2019-02-06","purchased_purges":2,"victory":false,"max_hp_per_floor":[71,71,71,71,71,71,71,71,71,71,71,71,71,71,71,71,71,71,71,71,71,71,71,71,71,71,71,71,71,71,71,71,71,71,71,71,71,71,71,71,71,71,71,71,71,71,71,71,71,71],"card_choices":[{"not_picked":["Redo","Steam Power"],"picked":"Cold Snap","floor":1.0},{"not_picked":["Streamline","Go for the Eyes"],"picked":"Leap","floor":4.0},{"not_picked":["Streamline","Redo"],"picked":"Sunder","floor":5.0},{"not_picked":["Leap","Consume"],"picked":"Steam","floor":6.0},{"not_picked":["Tempest","Streamline"],"picked":"Sweeping Beam","floor":8.0},{"not_picked":["Hyperbeam","Reinforced Body"],"picked":"Turbo","floor":10.0},{"not_picked":["Go for the Eyes","Rebound"],"picked":"Skim","floor":14.0},{"not_picked":["Buffer","Meteor Strike"],"picked":"Electrodynamics","floor":16.0},{"not_picked":["Ball Lightning","Storm"],"picked":"Glacier","floor":18.0},{"not_picked":["Chaos","Sweeping Beam","Static Discharge"],"picked":"SKIP","floor":19.0},{"not_picked":["Turbo","Redo"],"picked":"Barrage+1","floor":21.0},{"not_picked":["Ball Lightning","Turbo","Go for the Eyes"],"picked":"SKIP","floor":22.0},{"not_picked":["Stack","Auto Shields+1"],"picked":"Genetic Algorithm","floor":24.0},{"not_picked":["Cold Snap","Fission"],"picked":"Double Energy+1","floor":25},{"not_picked":["Go for the Eyes+1","Hello World"],"picked":"Scrape+1","floor":28},{"not_picked":["Barrage+1","Self Repair","Beam Cell+1"],"picked":"SKIP","floor":29},{"not_picked":["Ball Lightning+1","Steam"],"picked":"Glacier","floor":30},{"not_picked":["Electrodynamics","Undo","Tempest"],"picked":"SKIP","floor":31},{"not_picked":["Echo Form","Amplify"],"picked":"All For One+1","floor":33},{"not_picked":["Gash+1","Skim"],"picked":"Conserve Battery","floor":35},{"not_picked":["Storm","Barrage+1","Fusion"],"picked":"SKIP","floor":37},{"not_picked":["Storm","Barrage+1","Fusion"],"picked":"SKIP","floor":37},{"not_picked":["Storm","Barrage+1","Fusion"],"picked":"SKIP","floor":37},{"not_picked":["Fission","Steam"],"picked":"Conserve Battery","floor":38},{"not_picked":["Rip and Tear+1","Sweeping Beam+1"],"picked":"Hologram","floor":40},{"not_picked":["Force Field","Rip and Tear+1","Steam"],"picked":"SKIP","floor":42},{"not_picked":["Static Discharge+1","Seek"],"picked":"Hologram","floor":44},{"not_picked":["Steam Power","Compile Driver+1"],"picked":"Skim","floor":45}],"player_experience":1006612,"relics_obtained":[{"floor":6.0,"key":"Happy Flower"},{"floor":8.0,"key":"Cables"},{"floor":9.0,"key":"Whetstone"},{"floor":14.0,"key":"Boot"},{"floor":25,"key":"Bag of Preparation"},{"floor":26,"key":"Molten Egg 2"},{"floor":29,"key":"Symbiotic Virus"},{"floor":31,"key":"Matryoshka"},{"floor":40,"key":"DataDisk"},{"floor":42,"key":"Bottled Lightning"},{"floor":43,"key":"Juzu Bracelet"},{"floor":44,"key":"Old Coin"}],"event_choices":[{"damage_healed":0.0,"max_hp_gain":0.0,"max_hp_loss":0.0,"gold_gain":0.0,"event_name":"Living Wall","player_choice":"Grow","floor":2.0,"gold_loss":0.0,"damage_taken":0.0,"cards_upgraded":["Zap"]},{"damage_healed":0.0,"max_hp_gain":0.0,"max_hp_loss":0.0,"gold_gain":0.0,"event_name":"Golden Wing","player_choice":"Ignored","floor":3.0,"gold_loss":0.0,"damage_taken":0.0},{"damage_healed":0.0,"max_hp_gain":0.0,"max_hp_loss":0.0,"gold_gain":0.0,"event_name":"WeMeetAgain","player_choice":"Gave Potion","floor":20.0,"gold_loss":0.0,"damage_taken":0.0,"relics_obtained":["The Courier"]},{"damage_healed":0,"gold_gain":0,"player_choice":"Memory 1","damage_taken":0,"max_hp_gain":0,"max_hp_loss":0,"event_name":"SensoryStone","floor":47,"gold_loss":0},{"damage_healed":0,"gold_gain":0,"player_choice":"Ignored","damage_taken":0,"max_hp_gain":0,"max_hp_loss":0,"event_name":"Tomb of Lord Red Mask","floor":48,"gold_loss":0}],"is_beta":true,"boss_relics":[{"not_picked":["Nuclear Battery","Velvet Choker"],"picked":"Snecko Eye"},{"not_picked":["Black Star","Empty Cage"],"picked":"Sozu"}],"items_purged_floors":[36,39],"is_endless":false,"potions_floor_spawned":[8,10,14,21,24,28,33,35,42,44],"killed_by":"Time Eater","ascension_level":20}