{"gold_per_floor":[111,25,43,43,43,76,76,1,25,25,54,70,84,84,84,84],"floor_reached":16,"playtime":480,"items_purged":["Strike_G"],"score":113,"play_id":"a2f1cafa-903c-40f0-bf95-0de784012181","local_time":"20190221043532","is_ascension_mode":true,"campfire_choices":[{"data":"Trip","floor":7,"key":"SMITH"},{"data":"Neutralize","floor":10,"key":"SMITH"},{"floor":15,"key":"REST"}],"neow_cost":"NONE","seed_source_timestamp":45733084189285,"circlet_count":0,"master_deck":["Defend_G","Defend_G","Defend_G","Defend_G","Defend_G","Strike_G","Strike_G","Strike_G","Strike_G","Survivor","Neutralize+1","Trip+1","Madness","Dagger Spray","Dagger Spray","Bouncing Flask"],"relics":["Ring of the Snake","Lantern","Blood Vial","Boot"],"potions_floor_usage":[6,11,16],"damage_taken":[{"damage":0,"enemies":"Cultist","floor":1,"turns":4},{"damage":0,"enemies":"Small Slimes","floor":3,"turns":3},{"damage":28,"enemies":"3 Sentries","floor":6,"turns":9},{"damage":43,"enemies":"Gremlin Nob","floor":11,"turns":6},{"damage":0,"enemies":"Jaw Worm","floor":12,"turns":2},{"damage":0,"enemies":"3 Louse","floor":13,"turns":1},{"damage":39,"enemies":"The Guardian","floor":16,"turns":7}],"seed_played":"-5359949931300823663","potions_obtained":[{"floor":1,"key":"Energy Potion"},{"floor":6,"key":"Block Potion"},{"floor":13,"key":"LiquidBronze"}],"is_trial":false,"path_per_floor":["M","$","M","?","T","E","R","$","T","R","E","M","M","?","R","B"],"character_chosen":"THE_SILENT","items_purchased":["Madness"],"campfire_rested":1,"item_purchase_floors":[2],"current_hp_per_floor":[70,70,70,70,70,42,42,42,42,42,1,3,5,10,32,0],"gold":84,"neow_bonus":"RANDOM_COLORLESS","is_prod":false,"is_daily":false,"chose_seed":false,"campfire_upgraded":2,"win_rate":0,"timestamp":1550752532,"path_taken":["M","?","M","?","?","E","R","$","T","R","E","M","M","?","R","BOSS"],"build_version":"2019-01-23","purchased_purges":1,"victory":false,"max_hp_per_floor":[70,70,70,70,70,70,70,70,70,70,70,70,70,75,75,75],"card_choices":[{"not_picked":["Quick Slash","Blade Dance","Calculated Gamble"],"picked":"SKIP","floor":1},{"not_picked":["Escape Plan","Acrobatics"],"picked":"Dagger Spray","floor":3},{"not_picked":["Dodge and Roll","Caltrops"],"picked":"Dagger Spray","floor":6},{"not_picked":["PiercingWail","Bane","Deflect"],"picked":"SKIP","floor":11},{"not_picked":["Tactician","Poisoned Stab"],"picked":"Bouncing Flask","floor":12},{"not_picked":["Predator","Quick Slash","Distraction"],"picked":"SKIP","floor":13}],"player_experience":260196,"relics_obtained":[{"floor":5,"key":"Lantern"},{"floor":6,"key":"Blood Vial"},{"floor":11,"key":"Boot"}],"event_choices":[{"damage_healed":0,"gold_gain":0,"player_choice":"Ignored","damage_taken":0,"max_hp_gain":0,"max_hp_loss":0,"event_name":"Golden Wing","floor":4,"gold_loss":0},{"damage_healed":0,"gold_gain":0,"player_choice":"Donut","damage_taken":0,"max_hp_gain":5,"max_hp_loss":0,"event_name":"Big Fish","floor":14,"gold_loss":0}],"is_beta":false,"boss_relics":[],"items_purged_floors":[8],"is_endless":false,"potions_floor_spawned":[1,6,13],"killed_by":"The Guardian","ascension_level":1}