{"path_per_floor":["M","M","?","M","M","E","$","R","T","E","M","$","R","M","R","B",null,"M","?","M","?","M","R","$","E","T","R","M","R","M","M","R"],"character_chosen":"THE_SILENT","items_purchased":["Well Laid Plans","Deflect","Backstab","Strawberry"],"gold_per_floor":[17,37,37,52,68,96,1,1,1,27,40,40,40,51,51,153,153,172,172,187,187,202,202,6,32,32,32,51,51,66,81,81,81],"floor_reached":33,"campfire_rested":5,"playtime":1574,"current_hp_per_floor":[84,84,77,76,48,30,30,55,55,36,36,36,61,60,60,47,84,74,74,74,74,60,60,67,31,31,58,13,40,40,26,53,0],"items_purged":[],"gold":81,"score":304,"play_id":"a9966d26-941c-4bd6-80d2-0a799e4fca63","local_time":"20180330075001","is_prod":false,"is_daily":false,"is_ascension_mode":false,"campfire_upgraded":2,"timestamp":1522421401,"path_taken":["M","M","?","M","M","E","$","R","T","E","?","$","R","M","R","BOSS","M","?","?","?","M","R","$","E","T","R","?","R","M","M","R","BOSS"],"build_version":"2018-03-29v2","purchased_purges":0,"victory":false,"master_deck":["Defend_G","Defend_G","Defend_G","Defend_G","Defend_G","Strike_G","Strike_G","Strike_G+1","Strike_G","Strike_G","Survivor","Neutralize+1","Cloak And Dagger","Distraction","Slice","Noxious Fumes+1","Bouncing Flask+1","Well Laid Plans","Deflect","Finisher","Corpse Explosion","Slice","Slice","Dagger Throw","Noxious Fumes+1","Backstab","Caltrops","Deflect","Deflect+1","Poisoned Stab+1"],"max_hp_per_floor":[84,84,84,84,84,84,84,84,84,84,84,84,84,84,84,84,84,84,84,84,84,84,84,91,91,91,91,91,91,91,91,91,91],"relics":["Ring of the Snake","Bag of Preparation","Whetstone","Ninja Scroll","Oddly Smooth Stone","The Specimen","Strawberry","Omamori","Gambling Chip"],"card_choices":[{"not_picked":["Deflect","Expertise"],"picked":"Cloak And Dagger","floor":1},{"not_picked":["Dodge and Roll","Leg Sweep"],"picked":"Distraction","floor":2},{"not_picked":["Blade Dance","PiercingWail"],"picked":"Slice","floor":4},{"not_picked":["Slice","Tactician"],"picked":"Noxious Fumes","floor":5},{"not_picked":["Acrobatics","Tools of the Trade"],"picked":"Bouncing Flask","floor":6},{"not_picked":["Sucker Punch","Riddle With Holes"],"picked":"Finisher","floor":14},{"not_picked":["Venomology","Bullet Time"],"picked":"Corpse Explosion","floor":16},{"not_picked":["Heel Hook","PiercingWail"],"picked":"Slice","floor":18},{"not_picked":["PiercingWail","Masterful Stab"],"picked":"Slice","floor":20},{"not_picked":["Escape Plan","Poisoned Stab"],"picked":"Noxious Fumes","floor":22},{"not_picked":["Backflip","Outmaneuver"],"picked":"Caltrops","floor":25},{"not_picked":["Prepared","Distraction"],"picked":"Deflect","floor":28},{"not_picked":["Leg Sweep","Doppelganger"],"picked":"Deflect","floor":30},{"not_picked":["Terror","All Out Attack"],"picked":"Poisoned Stab","floor":31}],"player_experience":53373,"potions_floor_usage":[6,16,16,16,22,25,25,31,33],"damage_taken":[{"damage":0,"enemies":"2 Louse","floor":1,"turns":4},{"damage":0,"enemies":"Jaw Worm","floor":2,"turns":5},{"damage":1,"enemies":"Cultist","floor":4,"turns":5},{"damage":28,"enemies":"Exordium Thugs","floor":5,"turns":6},{"damage":18,"enemies":"3 Sentries","floor":6,"turns":8},{"damage":19,"enemies":"Gremlin Nob","floor":10,"turns":4},{"damage":0,"enemies":"Blue Slaver","floor":11,"turns":3},{"damage":1,"enemies":"2 Fungi Beasts","floor":14,"turns":3},{"damage":13,"enemies":"The Guardian","floor":16,"turns":7},{"damage":10,"enemies":"Shell Parasite","floor":18,"turns":4},{"damage":0,"enemies":"Spheric Guardian","floor":20,"turns":1},{"damage":14,"enemies":"Cultist and Chosen","floor":22,"turns":5},{"damage":36,"enemies":"Slavers","floor":25,"turns":5},{"damage":45,"enemies":"3 Cultists","floor":28,"turns":5},{"damage":0,"enemies":"Snake Plant","floor":30,"turns":4},{"damage":14,"enemies":"Centurion and Healer","floor":31,"turns":4},{"damage":56,"enemies":"Automaton","floor":33,"turns":6}],"event_choices":[{"event_name":"Scrap Ooze","player_choice":"success","floor":3,"damage_taken":7},{"event_name":"Vampires","player_choice":"Ignored","floor":19,"damage_taken":0},{"event_name":"The Library","player_choice":"Read","floor":21,"damage_taken":0}],"boss_relics":[{"not_picked":["Tiny House","Snecko Eye"],"picked":"The Specimen"}],"potions_floor_spawned":[2,5,11,14,16,20,22,28,30],"seed_played":"-5247915235996749122","killed_by":"Automaton","ascension_level":0,"is_trial":false}