{"gold_per_floor":[109,184,184,5,24,24,38,38,38,38,50,67,84,94,94,196,196,206,55,75,86,98,98,98,98,123,52,69,69,69,18,18,117,117,128,128,143,159,159,59,59,59,110,141,151,0,0,12,12,12],"floor_reached":51,"playtime":2138,"items_purged":["Choke","Masterful Stab"],"score":671,"play_id":"2050e0fb-79e1-4cb2-9685-a7c82c68d4ed","local_time":"20190128083134","is_ascension_mode":false,"campfire_choices":[{"data":"Neutralize","floor":6,"key":"SMITH"},{"data":"Infinite Blades","floor":8,"key":"SMITH"},{"data":"Storm of Steel","floor":10,"key":"SMITH"},{"floor":15,"key":"REST"},{"floor":23,"key":"REST"},{"data":"Envenom","floor":25,"key":"SMITH"},{"floor":32,"key":"REST"},{"floor":41,"key":"REST"},{"floor":49,"key":"REST"}],"neow_cost":"NONE","seed_source_timestamp":90415632569088,"circlet_count":0,"master_deck":["Survivor","Neutralize+1","Storm of Steel+1","Infinite Blades+1","Envenom+1","Cloak And Dagger","Blur","Cloak And Dagger","Terror","Endless Agony","Slice","Endless Agony","Endless Agony","Accuracy","Accuracy+1","Infinite Blades","Blur+1","Cloak And Dagger","A Thousand Cuts","Backflip+1","Doubt","Infinite Blades"],"relics":["Ring of the Snake","Strawberry","Lantern","Matryoshka","Pandora\u0027s Box","Bag of Preparation","Happy Flower","Lizard Tail","Pen Nib","Art of War","Mummified Hand","Red Mask"],"potions_floor_usage":[11,13,16,20,33,39,44],"damage_taken":[{"damage":2,"enemies":"2 Louse","floor":1,"turns":4},{"damage":3,"enemies":"Jaw Worm","floor":5,"turns":3},{"damage":0,"enemies":"Cultist","floor":7,"turns":4},{"damage":11,"enemies":"Gremlin Gang","floor":11,"turns":5},{"damage":7,"enemies":"Exordium Wildlife","floor":12,"turns":6},{"damage":10,"enemies":"Exordium Thugs","floor":13,"turns":6},{"damage":7,"enemies":"Large Slime","floor":14,"turns":6},{"damage":23,"enemies":"Hexaghost","floor":16,"turns":8},{"damage":13,"enemies":"Shell Parasite","floor":18,"turns":4},{"damage":0,"enemies":"Spheric Guardian","floor":20,"turns":1},{"damage":24,"enemies":"Shelled Parasite and Fungi","floor":21,"turns":4},{"damage":25,"enemies":"Snake Plant","floor":22,"turns":4},{"damage":18,"enemies":"Snecko","floor":28,"turns":4},{"damage":8,"enemies":"Champ","floor":33,"turns":7},{"damage":15,"enemies":"Orb Walker","floor":35,"turns":3},{"damage":9,"enemies":"3 Shapes","floor":37,"turns":6},{"damage":46,"enemies":"3 Darklings","floor":38,"turns":4},{"damage":0,"enemies":"4 Shapes","floor":39,"turns":1},{"damage":37,"enemies":"Giant Head","floor":44,"turns":7},{"damage":8,"enemies":"Jaw Worm Horde","floor":45,"turns":3},{"damage":0,"enemies":"Spire Growth","floor":48,"turns":3},{"damage":73,"enemies":"Donu and Deca","floor":50,"turns":8}],"seed_played":"-8226684219727899962","potions_obtained":[{"floor":1,"key":"Strength Potion"},{"floor":11,"key":"FairyPotion"},{"floor":12,"key":"Weak Potion"},{"floor":14,"key":"PowerPotion"},{"floor":16,"key":"Fire Potion"},{"floor":18,"key":"FearPotion"},{"floor":20,"key":"Dexterity Potion"},{"floor":28,"key":"SmokeBomb"},{"floor":38,"key":"Block Potion"},{"floor":44,"key":"Dexterity Potion"}],"is_trial":false,"path_per_floor":["M","?","T","$","M","R","M","R","T","R","M","M","M","M","R","B",null,"M","$","M","M","M","R","?","R","T","$","M","?","?","$","R","B",null,"M","?","M","M","M","$","R","?","T","E","M","?","?","M","R","B",null],"character_chosen":"THE_SILENT","items_purchased":["Infinite Blades","Lantern","Accuracy","Infinite Blades","Cloak And Dagger"],"campfire_rested":5,"item_purchase_floors":[4,4,19,27,31],"current_hp_per_floor":[68,57,64,64,61,61,61,61,61,61,50,43,33,26,49,26,77,64,64,64,40,15,38,38,38,38,38,20,20,20,20,43,35,77,62,62,53,7,7,7,30,77,77,40,32,32,32,32,55,38],"gold":12,"neow_bonus":"ONE_RANDOM_RARE_CARD","is_prod":false,"is_daily":false,"chose_seed":false,"campfire_upgraded":4,"win_rate":0,"timestamp":1548693094,"path_taken":["M","?","?","$","M","R","M","R","T","R","M","M","?","?","R","BOSS","M","$","M","M","M","R","?","R","T","?","M","?","?","$","R","BOSS","M","?","M","M","?","$","R","?","T","E","M","?","?","M","R","BOSS"],"build_version":"2019-01-23","purchased_purges":2,"victory":true,"max_hp_per_floor":[70,70,77,77,77,77,77,77,77,77,77,77,77,77,77,77,77,77,77,77,77,77,77,77,77,77,77,77,77,77,77,77,77,77,77,77,77,77,77,77,77,77,77,77,77,77,77,77,77,77],"card_choices":[{"not_picked":["Terror","Dagger Spray","Bane"],"picked":"SKIP","floor":1},{"not_picked":["Bane","Masterful Stab","Poisoned Stab"],"picked":"SKIP","floor":5},{"not_picked":["Unload","Caltrops","Terror"],"picked":"SKIP","floor":7},{"not_picked":["Prepared","Dodge and Roll","PiercingWail"],"picked":"SKIP","floor":11},{"not_picked":["Noxious Fumes","Dagger Throw","Flying Knee"],"picked":"SKIP","floor":12},{"not_picked":["Dagger Throw","Quick Slash","Catalyst"],"picked":"SKIP","floor":13},{"not_picked":["Leg Sweep","Slice","Masterful Stab"],"picked":"SKIP","floor":14},{"not_picked":["Storm of Steel","Grand Finale"],"picked":"Envenom","floor":16},{"not_picked":["Backflip","Dash"],"picked":"Endless Agony","floor":18},{"not_picked":["Quick Slash+1","Slice","Predator"],"picked":"SKIP","floor":20},{"not_picked":["Quick Slash","PiercingWail","Escape Plan+1"],"picked":"SKIP","floor":21},{"not_picked":["Acrobatics","Bane","Outmaneuver+1"],"picked":"SKIP","floor":22},{"not_picked":["Slice","PiercingWail"],"picked":"Blur+1","floor":28},{"not_picked":["Glass Knife","Die Die Die"],"picked":"A Thousand Cuts","floor":33},{"not_picked":["Deflect","Dagger Throw","Distraction+1"],"picked":"SKIP","floor":35},{"not_picked":["Leg Sweep","Well Laid Plans+1","Quick Slash+1"],"picked":"SKIP","floor":37},{"not_picked":["Bane+1","Prepared"],"picked":"Backflip+1","floor":38},{"not_picked":["Acrobatics","Wraith Form v2","Heel Hook+1"],"picked":"SKIP","floor":44},{"not_picked":["Setup+1","Reflex","Outmaneuver"],"picked":"SKIP","floor":45},{"not_picked":["Blur+1","PiercingWail+1"],"picked":"Infinite Blades","floor":48}],"player_experience":205107,"relics_obtained":[{"floor":3,"key":"Strawberry"},{"floor":9,"key":"Matryoshka"},{"floor":26,"key":"Bag of Preparation"},{"floor":26,"key":"Happy Flower"},{"floor":43,"key":"Pen Nib"},{"floor":43,"key":"Art of War"},{"floor":44,"key":"Mummified Hand"}],"event_choices":[{"damage_healed":0,"gold_gain":75,"player_choice":"Gather Gold","damage_taken":11,"max_hp_gain":0,"max_hp_loss":0,"event_name":"World of Goop","floor":2,"gold_loss":0},{"damage_healed":0,"gold_gain":0,"player_choice":"Copied","damage_taken":0,"max_hp_gain":0,"max_hp_loss":0,"event_name":"Duplicator","floor":24,"gold_loss":0,"cards_obtained":["Accuracy"]},{"damage_healed":0,"gold_gain":0,"player_choice":"Ignored","damage_taken":0,"max_hp_gain":0,"max_hp_loss":0,"event_name":"Vampires","floor":29,"gold_loss":0},{"damage_healed":0,"gold_gain":0,"player_choice":"Ignored","damage_taken":0,"max_hp_gain":0,"max_hp_loss":0,"event_name":"Ghosts","floor":30,"gold_loss":0},{"damage_healed":0,"gold_gain":0,"player_choice":"Forge","damage_taken":0,"max_hp_gain":0,"max_hp_loss":0,"event_name":"Accursed Blacksmith","floor":36,"gold_loss":0,"cards_upgraded":["Accuracy"]},{"damage_healed":47,"gold_gain":0,"player_choice":"Heal","damage_taken":0,"max_hp_gain":0,"max_hp_loss":0,"event_name":"MindBloom","floor":42,"gold_loss":0,"cards_obtained":["Doubt"]},{"damage_healed":0,"gold_gain":0,"player_choice":"Paid","damage_taken":0,"relics_obtained":["Red Mask"],"max_hp_gain":0,"max_hp_loss":0,"event_name":"Tomb of Lord Red Mask","floor":46,"gold_loss":151},{"cards_removed":["Poisoned Stab"],"damage_healed":0,"gold_gain":0,"player_choice":"Purged","damage_taken":0,"max_hp_gain":0,"max_hp_loss":0,"event_name":"Purifier","floor":47,"gold_loss":0}],"is_beta":false,"boss_relics":[{"not_picked":["Velvet Choker","Runic Dome"],"picked":"Pandora\u0027s Box"},{"not_picked":["Cursed Key","Ring of the Serpent"],"picked":"Lizard Tail"}],"items_purged_floors":[19,40],"is_endless":false,"potions_floor_spawned":[1,11,12,14,16,18,20,28,38,44],"ascension_level":0}