{"path_per_floor":["M","M","?","?","M","R","E","R","T","E","R","?","$","M","R","B",null,"M","M","?","M","M"],"character_chosen":"THE_SILENT","items_purchased":["Orichalcum","Noxious Fumes"],"gold_per_floor":[113,128,128,128,142,142,175,175,175,210,210,230,17,27,27,129,129,142,156,156,167,177,177],"floor_reached":23,"campfire_rested":1,"playtime":1212,"current_hp_per_floor":[70,70,70,70,63,63,63,63,63,51,51,31,31,20,41,41,70,54,33,33,19,22,0],"items_purged":[],"gold":177,"score":276,"play_id":"a9de9454-a4f6-420c-8054-89f58b26917e","local_time":"20180330071420","is_prod":false,"is_daily":false,"is_ascension_mode":false,"campfire_upgraded":3,"timestamp":1522419260,"path_taken":["M","M","?","?","?","R","E","R","T","E","R","?","$","M","R","BOSS","M","M","?","?","M","E"],"build_version":"2018-03-29v2","purchased_purges":0,"victory":false,"master_deck":["Defend_G","Defend_G","Defend_G","Defend_G","Defend_G","Strike_G","Strike_G","Strike_G","Strike_G","Strike_G","Survivor","Neutralize+1","Terror+1","Dash+1","Endless Agony+1","Skewer+1","Finisher","Noxious Fumes","Outmaneuver","A Thousand Cuts","Escape Plan","Quick Slash+1","Infinite Blades","Cloak And Dagger"],"max_hp_per_floor":[70,70,70,70,70,70,70,70,70,70,70,70,70,70,70,70,70,70,70,70,70,70,70],"relics":["Ring of the Snake","Kunai","Matryoshka","Gambling Chip","Odd Mushroom","Orichalcum","Lizard Tail"],"card_choices":[{"not_picked":["PiercingWail","Dagger Throw"],"picked":"Terror","floor":1},{"not_picked":["Choke","Riddle With Holes"],"picked":"Dash","floor":2},{"not_picked":["Backflip","Caltrops"],"picked":"Endless Agony","floor":5},{"not_picked":["Blur","Riddle With Holes"],"picked":"Skewer","floor":10},{"not_picked":["Prepared","Noxious Fumes"],"picked":"Finisher","floor":12},{"not_picked":["Bane","Reflex"],"picked":"Outmaneuver","floor":14},{"not_picked":["Envenom","Storm of Steel"],"picked":"A Thousand Cuts","floor":16},{"not_picked":["Blur","Deflect"],"picked":"Escape Plan","floor":18},{"not_picked":["Flying Knee","Heel Hook"],"picked":"Quick Slash","floor":19},{"not_picked":["Deflect","Dodge and Roll"],"picked":"Infinite Blades","floor":21},{"not_picked":["PiercingWail","Leg Sweep"],"picked":"Cloak And Dagger","floor":22}],"player_experience":51625,"potions_floor_usage":[16,16,21,22,23],"damage_taken":[{"damage":0,"enemies":"Jaw Worm","floor":1,"turns":5},{"damage":0,"enemies":"Cultist","floor":2,"turns":3},{"damage":7,"enemies":"2 Louse","floor":5,"turns":2},{"damage":0,"enemies":"Gremlin Nob","floor":7,"turns":3},{"damage":12,"enemies":"3 Sentries","floor":10,"turns":10},{"damage":20,"enemies":"The Mushroom Lair","floor":12,"turns":4},{"damage":11,"enemies":"Exordium Thugs","floor":14,"turns":5},{"damage":0,"enemies":"Slime Boss","floor":16,"turns":4},{"damage":16,"enemies":"Shell Parasite","floor":18,"turns":6},{"damage":21,"enemies":"2 Thieves","floor":19,"turns":4},{"damage":14,"enemies":"3 Cultists","floor":21,"turns":7},{"damage":36,"enemies":"Slaver and Parasite","floor":22,"turns":5},{"damage":27,"enemies":"Gremlin Leader","floor":23,"turns":2}],"event_choices":[{"event_name":"The Lab","player_choice":"Got Potions","floor":3,"damage_taken":0},{"event_name":"Accursed Blacksmith","player_choice":"Forge","floor":4,"damage_taken":0},{"event_name":"Mushrooms","player_choice":"Fought Mushrooms","floor":12,"damage_taken":0},{"event_name":"Vampires","player_choice":"Ignored","floor":20,"damage_taken":0}],"boss_relics":[{"not_picked":["Calling Bell","Ectoplasm"],"picked":"Lizard Tail"}],"potions_floor_spawned":[2,7,10,12,19,22],"seed_played":"-1502157653762215428","killed_by":"Gremlin Leader","ascension_level":0,"is_trial":false}