{"path_per_floor":["M","?","M","M","M","R","?","M","T","$","M","R","E","?","R","B",null,"M","M","M","M","?","R","$","R","T","M"],"character_chosen":"THE_SILENT","items_purchased":["Infinite Blades","Anchor","Accuracy","Distraction"],"gold_per_floor":[116,191,203,215,232,232,232,252,252,39,59,59,89,89,89,191,191,210,229,243,258,183,183,24,24,24,36,36],"floor_reached":28,"campfire_rested":1,"playtime":1010,"current_hp_per_floor":[68,57,56,56,46,46,51,51,51,51,51,51,40,40,62,45,75,65,59,39,22,22,22,22,22,22,16,0],"items_purged":[],"gold":36,"score":222,"play_id":"6a2e293b-853d-4733-912d-7d845938818f","local_time":"20180330061524","is_prod":false,"is_daily":false,"is_ascension_mode":false,"campfire_upgraded":4,"timestamp":1522415724,"path_taken":["M","?","?","M","?","R","?","M","T","$","M","R","E","?","R","BOSS","M","?","M","M","?","R","$","R","T","M","M"],"build_version":"2018-03-29v2","purchased_purges":0,"victory":false,"master_deck":["Defend_G","Defend_G","Defend_G","Defend_G","Defend_G","Strike_G","Strike_G","Strike_G","Strike_G","Strike_G","Survivor","Neutralize","Escape Plan","Quick Slash","Dagger Spray+1","Blade Dance","Backstab+1","Infinite Blades+1","Bullet Time","Backstab+1","Accuracy+1","Well Laid Plans+1","Quick Slash","Accuracy+1","Distraction","Regret","Backflip"],"max_hp_per_floor":[70,70,70,70,70,70,75,75,75,75,75,75,75,75,75,75,75,75,75,75,75,72,72,72,72,72,72,72],"relics":["Cursed Key","Du-Vu Doll","Anchor","Meat on the Bone","Black Star","Girya"],"card_choices":[{"not_picked":["Outmaneuver","Adrenaline"],"picked":"Escape Plan","floor":1},{"not_picked":["Sucker Punch","Dagger Spray"],"picked":"Quick Slash","floor":3},{"not_picked":["Sucker Punch","Catalyst"],"picked":"Dagger Spray","floor":4},{"not_picked":["Distraction","Choke"],"picked":"Blade Dance","floor":5},{"not_picked":["Well Laid Plans","Noxious Fumes"],"picked":"Backstab","floor":8},{"not_picked":["Wraith Form","Glass Knife"],"picked":"Bullet Time","floor":16},{"not_picked":["Slice","Calculated Gamble"],"picked":"Backstab","floor":18},{"not_picked":["Distraction","Deadly Poison"],"picked":"Accuracy","floor":19},{"not_picked":["PiercingWail","Quick Slash"],"picked":"Well Laid Plans","floor":20},{"not_picked":["Flying Knee","Catalyst"],"picked":"Quick Slash","floor":21},{"not_picked":["Skewer","Acrobatics"],"picked":"Backflip","floor":27}],"player_experience":48358,"potions_floor_usage":[16,16,16,19,27,28],"damage_taken":[{"damage":2,"enemies":"Small Slimes","floor":1,"turns":4},{"damage":1,"enemies":"2 Louse","floor":3,"turns":3},{"damage":0,"enemies":"Cultist","floor":4,"turns":4},{"damage":10,"enemies":"Gremlin Gang","floor":5,"turns":3},{"damage":0,"enemies":"Looter","floor":8,"turns":3},{"damage":0,"enemies":"3 Louse","floor":11,"turns":3},{"damage":11,"enemies":"3 Sentries","floor":13,"turns":4},{"damage":29,"enemies":"Hexaghost","floor":16,"turns":7},{"damage":10,"enemies":"2 Thieves","floor":18,"turns":3},{"damage":6,"enemies":"Shell Parasite","floor":19,"turns":4},{"damage":20,"enemies":"Snecko","floor":20,"turns":4},{"damage":29,"enemies":"Centurion and Healer","floor":21,"turns":4},{"damage":18,"enemies":"Sentry and Sphere","floor":27,"turns":4},{"damage":16,"enemies":"Slaver and Parasite","floor":28,"turns":2}],"event_choices":[{"event_name":"World of Goop","player_choice":"Gather Gold","floor":2,"damage_taken":0},{"event_name":"Big Fish","player_choice":"Donut","floor":7,"damage_taken":0},{"event_name":"Accursed Blacksmith","player_choice":"Forge","floor":14,"damage_taken":0},{"event_name":"Beggar","player_choice":"Gave Gold","floor":22,"damage_taken":0}],"boss_relics":[{"not_picked":["Snecko Eye","Velvet Choker"],"picked":"Black Star"}],"potions_floor_spawned":[1,5,13,16,21,27],"seed_played":"720336863161604178","killed_by":"Slaver and Parasite","ascension_level":0,"is_trial":false}