{"gold_per_floor":[117,127,147,165,177,177,42,74,151,163,174,174,206,206,206,282,282,293,205,205],"floor_reached":20,"playtime":953,"items_purged":[],"score":372,"play_id":"88948e3c-ec63-4780-b24d-3faf1fab1da2","local_time":"20190320223604","is_ascension_mode":true,"campfire_choices":[{"data":"Armaments","floor":6.0,"key":"SMITH"},{"data":"Perfected Strike","floor":12.0,"key":"SMITH"},{"data":"Bash","floor":15.0,"key":"SMITH"}],"neow_cost":"NONE","seed_source_timestamp":669469246756450,"circlet_count":0,"master_deck":["AscendersBane","Strike_R","Strike_R","Strike_R","Strike_R","Strike_R","Defend_R","Defend_R","Defend_R","Defend_R","Bash+1","Perfected Strike+1","Combust+1","Disarm","Battle Trance","Armaments+1","Second Wind","Battle Trance","Feed","Disarm","Feel No Pain"],"special_seed":0,"relics":["Burning Blood","FossilizedHelix","Torii","Meat on the Bone","Pen Nib","Black Star"],"potions_floor_usage":[20,20],"damage_taken":[{"damage":1.0,"enemies":"Cultist","floor":1.0,"turns":3.0},{"damage":2.0,"enemies":"Jaw Worm","floor":2.0,"turns":3.0},{"damage":1.0,"enemies":"Small Slimes","floor":3.0,"turns":3.0},{"damage":19.0,"enemies":"2 Fungi Beasts","floor":4.0,"turns":5.0},{"damage":12.0,"enemies":"Looter","floor":5.0,"turns":3.0},{"damage":30.0,"enemies":"Gremlin Nob","floor":8.0,"turns":5.0},{"damage":6.0,"enemies":"Blue Slaver","floor":10.0,"turns":5.0},{"damage":10.0,"enemies":"Exordium Thugs","floor":11.0,"turns":5.0},{"damage":16.0,"enemies":"3 Sentries","floor":13.0,"turns":5.0},{"damage":31.0,"enemies":"Slime Boss","floor":16.0,"turns":12.0},{"damage":18.0,"enemies":"Shell Parasite","floor":18.0,"turns":6.0},{"damage":46,"enemies":"Colosseum Slavers","floor":20,"turns":7},{"damage":42,"enemies":"Colosseum Nobs","floor":20,"turns":3}],"seed_played":"-4360891878169116830","potions_obtained":[{"floor":1.0,"key":"Ancient Potion"},{"floor":8.0,"key":"Explosive Potion"},{"floor":16.0,"key":"Weak Potion"}],"is_trial":false,"path_per_floor":["M","M","M","M","M","R","?","E","T","M","M","R","E","?","R","B",null,"M","$","?"],"character_chosen":"IRONCLAD","items_purchased":["Feel No Pain"],"campfire_rested":0,"item_purchase_floors":[19],"current_hp_per_floor":[73,75,75,62,56,56,56,32,32,44,52,52,54,54,54,41,67,59,59,0],"gold":205,"neow_bonus":"THREE_CARDS","is_prod":false,"is_daily":false,"chose_seed":false,"campfire_upgraded":3,"win_rate":0,"timestamp":1553135764,"path_taken":["M","M","?","M","?","R","?","E","T","?","M","R","E","?","R","BOSS","M","$","?"],"build_version":"2019-03-15","purchased_purges":0,"victory":false,"max_hp_per_floor":[75,75,75,75,75,75,75,75,75,75,75,75,75,75,75,75,75,79,79,83],"card_choices":[{"not_picked":["Wild Strike","Headbutt"],"picked":"Perfected Strike","floor":0.0},{"not_picked":["Clothesline","Pommel Strike"],"picked":"Combust","floor":1.0},{"not_picked":["Burning Pact","Iron Wave","Entrench"],"picked":"SKIP","floor":2.0},{"not_picked":["Burning Pact","Iron Wave","Entrench"],"picked":"SKIP","floor":2.0},{"not_picked":["Dual Wield","Intimidate"],"picked":"Disarm","floor":3.0},{"not_picked":["Searing Blow","Clothesline"],"picked":"Battle Trance","floor":4.0},{"not_picked":["Twin Strike","Cleave"],"picked":"Armaments","floor":5.0},{"not_picked":["Pummel","Carnage","Rage"],"picked":"SKIP","floor":8.0},{"not_picked":["Wild Strike","Warcry"],"picked":"Second Wind","floor":10.0},{"not_picked":["Second Wind","Sever Soul","Body Slam"],"picked":"SKIP","floor":11.0},{"not_picked":["Second Wind","Sever Soul","Body Slam"],"picked":"SKIP","floor":11.0},{"not_picked":["Rage","Pummel"],"picked":"Battle Trance","floor":13.0},{"not_picked":["Limit Break","Dark Embrace"],"picked":"Feed","floor":16.0},{"not_picked":["Intimidate","Twin Strike"],"picked":"Disarm","floor":18.0}],"player_experience":1153633,"relics_obtained":[{"floor":8.0,"key":"Torii"},{"floor":9.0,"key":"Meat on the Bone"},{"floor":13.0,"key":"Pen Nib"}],"event_choices":[{"damage_healed":0.0,"max_hp_gain":0.0,"max_hp_loss":0.0,"gold_gain":0.0,"event_name":"WeMeetAgain","player_choice":"Paid Gold","floor":7.0,"gold_loss":135.0,"damage_taken":0.0,"relics_obtained":["FossilizedHelix"]},{"damage_healed":0.0,"max_hp_gain":0.0,"max_hp_loss":0.0,"gold_gain":0.0,"event_name":"Living Wall","player_choice":"Grow","floor":14.0,"gold_loss":0.0,"damage_taken":0.0,"cards_upgraded":["Combust"]},{"damage_healed":0,"gold_gain":0,"player_choice":"Fight","damage_taken":0,"max_hp_gain":0,"max_hp_loss":0,"event_name":"Colosseum","floor":20,"gold_loss":0},{"damage_healed":0,"gold_gain":0,"player_choice":"Fought Nobs","damage_taken":0,"max_hp_gain":0,"max_hp_loss":0,"event_name":"Colosseum","floor":20,"gold_loss":0}],"is_beta":true,"boss_relics":[{"not_picked":["Pandora\u0027s Box","Lizard Tail"],"picked":"Black Star"}],"items_purged_floors":[],"is_endless":false,"potions_floor_spawned":[1,8,16,20],"killed_by":"Colosseum Nobs","ascension_level":20}