{"gold_per_floor":[117,127,127,143,162,162,180,180,180,213,228,255,268,268,268,339,339,355,369,24,41,41,41,41,41,41,41,41,53,65,97,97,171,171,185,126,126,175,194,223,223],"floor_reached":41,"playtime":1673,"items_purged":[],"score":1056,"play_id":"2a13b849-215b-4371-86fb-152ce426b59d","local_time":"20190315194549","is_ascension_mode":true,"campfire_choices":[{"data":"Neutralize","floor":6.0,"key":"SMITH"},{"data":"Deflect","floor":8.0,"key":"SMITH"},{"floor":15.0,"key":"REST"},{"data":"Wraith Form v2","floor":23.0,"key":"SMITH"},{"data":"Well Laid Plans","floor":25.0,"key":"SMITH"},{"data":"Noxious Fumes","floor":28.0,"key":"SMITH"},{"data":"Footwork","floor":32.0,"key":"SMITH"}],"neow_cost":"NONE","seed_source_timestamp":0,"circlet_count":0,"master_deck":["AscendersBane","Defend_G","Defend_G","Defend_G","Defend_G","Defend_G","Strike_G","Strike_G","Strike_G","Strike_G","Survivor","Neutralize+1","PiercingWail","Deflect+1","Deadly Poison+1","Calculated Gamble+1","Well Laid Plans+1","Deflect+1","Catalyst+1","Corpse Explosion+1","Adrenaline+1","Blur+1","Doppelganger+1","Deadly Poison+1","PiercingWail+1","Footwork","Bouncing Flask+1","Footwork+1","Dodge and Roll+1","Noxious Fumes+1","Wraith Form v2+1","Caltrops","Corpse Explosion+1","Dagger Spray+1","Leg Sweep+1","Noxious Fumes+1"],"special_seed":0,"relics":["Ring of the Snake","Regal Pillow","Toxic Egg 2","The Courier","Darkstone Periapt","Vajra","FaceOfCleric","Orrery","Paper Crane","Bronze Scales","Dream Catcher","Black Star","Mango","Blue Candle","Letter Opener"],"potions_floor_usage":[],"damage_taken":[{"damage":1.0,"enemies":"Cultist","floor":1.0,"turns":3.0},{"damage":0.0,"enemies":"2 Louse","floor":2.0,"turns":3.0},{"damage":0.0,"enemies":"Jaw Worm","floor":4.0,"turns":5.0},{"damage":10.0,"enemies":"Lots of Slimes","floor":5.0,"turns":5.0},{"damage":0.0,"enemies":"Blue Slaver","floor":7.0,"turns":5.0},{"damage":29.0,"enemies":"Gremlin Nob","floor":10.0,"turns":4.0},{"damage":4.0,"enemies":"2 Fungi Beasts","floor":11.0,"turns":4.0},{"damage":8.0,"enemies":"Lagavulin","floor":12.0,"turns":8.0},{"damage":1.0,"enemies":"Looter","floor":13.0,"turns":4.0},{"damage":0.0,"enemies":"Hexaghost","floor":16.0,"turns":7.0},{"damage":1.0,"enemies":"Chosen","floor":18.0,"turns":5.0},{"damage":0.0,"enemies":"Spheric Guardian","floor":19.0,"turns":4.0},{"damage":11.0,"enemies":"Snecko","floor":21.0,"turns":4.0},{"damage":2.0,"enemies":"Cultist and Chosen","floor":29.0,"turns":6.0},{"damage":0.0,"enemies":"Sentry and Sphere","floor":30.0,"turns":3.0},{"damage":12.0,"enemies":"Book of Stabbing","floor":31.0,"turns":4.0},{"damage":5.0,"enemies":"Automaton","floor":33.0,"turns":9.0},{"damage":0.0,"enemies":"Orb Walker","floor":35.0,"turns":3.0},{"damage":30.0,"enemies":"2 Orb Walkers","floor":38.0,"turns":4.0},{"damage":4.0,"enemies":"3 Shapes","floor":39.0,"turns":4.0},{"damage":7.0,"enemies":"Nemesis","floor":40.0,"turns":7.0},{"damage":50,"enemies":"Transient","floor":41,"turns":3}],"seed_played":"2752439743976728719","potions_obtained":[{"floor":2.0,"key":"Strength Potion"},{"floor":4.0,"key":"GamblersBrew"},{"floor":7.0,"key":"Dexterity Potion"},{"floor":16.0,"key":"FearPotion"},{"floor":19.0,"key":"Regen Potion"},{"floor":27.0,"key":"SkillPotion"},{"floor":29.0,"key":"SkillPotion"},{"floor":35.0,"key":"SpeedPotion"}],"is_trial":false,"path_per_floor":["M","M","?","M","M","R","M","R","T","E","M","E","M","?","R","B",null,"M","M","$","M","?","R","?","R","T","?","R","M","M","E","R","B",null,"M","$","?","?","M","E","M"],"character_chosen":"THE_SILENT","items_purchased":["Paper Crane","Footwork","Dodge and Roll+1","Noxious Fumes","Leg Sweep+1"],"campfire_rested":1,"item_purchase_floors":[20,20,20,20,36],"current_hp_per_floor":[58,58,58,58,48,48,48,48,48,19,15,7,6,6,40,41,61,61,62,62,52,52,52,52,52,52,52,52,65,66,55,55,51,68,69,69,69,54,51,45,0],"gold":223,"neow_bonus":"RANDOM_COMMON_RELIC","is_prod":false,"is_daily":false,"chose_seed":false,"campfire_upgraded":6,"win_rate":0,"timestamp":1552693549,"path_taken":["M","?","?","M","M","R","M","R","T","E","M","E","?","?","R","BOSS","M","M","$","?","?","R","?","R","T","?","R","M","M","E","R","BOSS","M","?","?","?","M","E","M"],"build_version":"2019-02-06","purchased_purges":0,"victory":false,"max_hp_per_floor":[66,66,66,66,66,66,66,66,66,66,66,66,66,66,66,67,67,68,69,69,70,70,70,70,70,70,70,70,71,72,73,73,74,74,75,75,75,90,91,92,92],"card_choices":[{"not_picked":["All Out Attack","Underhanded Strike"],"picked":"PiercingWail","floor":1.0},{"not_picked":["Flying Knee","Backflip"],"picked":"Deflect","floor":2.0},{"not_picked":["Dodge and Roll+1","Accuracy"],"picked":"Deadly Poison+1","floor":4.0},{"not_picked":["Blade Dance+1","Poisoned Stab"],"picked":"Calculated Gamble+1","floor":5.0},{"not_picked":["Tactician+1","Sucker Punch","Slice"],"picked":"SKIP","floor":7.0},{"not_picked":["Slice","Outmaneuver+1"],"picked":"Well Laid Plans","floor":10.0},{"not_picked":["Flechettes","Skewer"],"picked":"Deflect+1","floor":11.0},{"not_picked":["Bane","Backflip+1"],"picked":"Catalyst+1","floor":12.0},{"not_picked":["Quick Slash","Dagger Spray"],"picked":"Corpse Explosion+1","floor":13.0},{"not_picked":["Phantasmal Killer+1","Glass Knife"],"picked":"Adrenaline+1","floor":16.0},{"not_picked":["Dagger Spray","Outmaneuver+1"],"picked":"Blur+1","floor":17.0},{"not_picked":["Reflex+1","Blade Dance+1"],"picked":"Doppelganger+1","floor":17.0},{"not_picked":["Acrobatics+1","Cloak And Dagger+1"],"picked":"Deadly Poison+1","floor":17.0},{"not_picked":["All Out Attack","Slice"],"picked":"PiercingWail+1","floor":17.0},{"not_picked":["PiercingWail+1","Dagger Throw"],"picked":"Footwork","floor":17.0},{"not_picked":["Dagger Throw","Eviscerate","Bane"],"picked":"SKIP","floor":18.0},{"not_picked":["Flying Knee","Poisoned Stab"],"picked":"Bouncing Flask+1","floor":19.0},{"not_picked":["Bane+1","Endless Agony","Outmaneuver+1"],"picked":"SKIP","floor":21.0},{"not_picked":["Endless Agony","Poisoned Stab","Bane"],"picked":"SKIP","floor":29.0},{"not_picked":["Distraction+1","Well Laid Plans","Prepared+1"],"picked":"SKIP","floor":30.0},{"not_picked":["Blade Dance+1","Poisoned Stab"],"picked":"Caltrops","floor":31.0},{"not_picked":["Die Die Die","A Thousand Cuts"],"picked":"Corpse Explosion+1","floor":33.0},{"not_picked":["Predator+1","Slice"],"picked":"Dagger Spray+1","floor":35.0},{"not_picked":["Finisher","Slice","Quick Slash"],"picked":"SKIP","floor":39.0},{"not_picked":["Blade Dance+1","Dagger Throw+1"],"picked":"Noxious Fumes+1","floor":40.0}],"player_experience":1097085,"relics_obtained":[{"floor":9.0,"key":"The Courier"},{"floor":10.0,"key":"Darkstone Periapt"},{"floor":12.0,"key":"Vajra"},{"floor":26.0,"key":"Bronze Scales"},{"floor":31.0,"key":"Dream Catcher"},{"floor":38.0,"key":"Mango"},{"floor":40.0,"key":"Blue Candle"},{"floor":40.0,"key":"Letter Opener"}],"event_choices":[{"damage_healed":0.0,"max_hp_gain":0.0,"max_hp_loss":0.0,"gold_gain":0.0,"event_name":"WeMeetAgain","player_choice":"Gave Potion","floor":3.0,"gold_loss":0.0,"damage_taken":0.0,"relics_obtained":["Toxic Egg 2"]},{"damage_healed":0.0,"max_hp_gain":0.0,"max_hp_loss":0.0,"gold_gain":0.0,"event_name":"FaceTrader","player_choice":"Trade","floor":14.0,"gold_loss":0.0,"damage_taken":0.0,"relics_obtained":["FaceOfCleric"]},{"damage_healed":0.0,"max_hp_gain":0.0,"max_hp_loss":0.0,"gold_gain":0.0,"event_name":"The Library","player_choice":"Read","floor":22.0,"gold_loss":0.0,"damage_taken":0.0,"cards_obtained":["Wraith Form v2"]},{"damage_healed":0.0,"max_hp_gain":0.0,"max_hp_loss":0.0,"gold_gain":0.0,"event_name":"Beggar","player_choice":"Ignored","floor":24.0,"gold_loss":0.0,"damage_taken":0.0},{"damage_healed":0.0,"max_hp_gain":0.0,"max_hp_loss":0.0,"gold_gain":0.0,"event_name":"Lab","player_choice":"Got Potions","floor":27.0,"gold_loss":0.0,"damage_taken":0.0},{"cards_removed":["Strike_G"],"damage_healed":0.0,"max_hp_gain":0.0,"max_hp_loss":0.0,"gold_gain":0.0,"event_name":"Falling","player_choice":"Removed Attack","floor":37.0,"gold_loss":0.0,"damage_taken":0.0},{"damage_healed":0.0,"max_hp_gain":0.0,"max_hp_loss":0.0,"gold_gain":0.0,"event_name":"Mysterious Sphere","player_choice":"Fight","floor":38.0,"gold_loss":0.0,"damage_taken":0.0}],"is_beta":true,"boss_relics":[{"not_picked":["White Beast Statue","Lizard Tail"],"picked":"Orrery"},{"not_picked":["Runic Pyramid","Ring of the Serpent"],"picked":"Black Star"}],"items_purged_floors":[],"is_endless":false,"potions_floor_spawned":[2,4,7,16,19,29,35],"killed_by":"Transient","ascension_level":20}