{"gold_per_floor":[111,111,124,89,102,137,137,312,312,326,326,326,7,26,26,129,129,148,160,59,76,92,92,103,122,122,122,82,98,98],"floor_reached":30,"playtime":910,"items_purged":["Doubt"],"score":246,"play_id":"ad684b45-f34b-4435-88d6-0d9f6c97fcca","local_time":"20190224045549","is_ascension_mode":true,"campfire_choices":[{"data":"Dualcast","floor":7,"key":"SMITH"},{"data":"Gash","floor":11,"key":"SMITH"},{"data":"Redo","floor":15,"key":"SMITH"},{"floor":23,"key":"REST"},{"floor":27,"key":"REST"}],"neow_cost":"NONE","seed_source_timestamp":305742483925007,"circlet_count":0,"master_deck":["Strike_B","Strike_B","Strike_B+1","Strike_B","Defend_B","Defend_B","Defend_B","Defend_B","Zap+1","Dualcast+1","Scrape+1","Go for the Eyes","Ball Lightning","Rebound+1","Gash+1","Redo+1","FTL","Streamline","All For One","Sunder","Turbo+1","Gash+1","Static Discharge"],"relics":["Cracked Core","NeowsBlessing","The Courier","Bottled Lightning","Shuriken","Busted Crown"],"potions_floor_usage":[6,21,21],"damage_taken":[{"damage":0,"enemies":"Jaw Worm","floor":1,"turns":1},{"damage":0,"enemies":"2 Louse","floor":3,"turns":1},{"damage":0,"enemies":"Small Slimes","floor":5,"turns":1},{"damage":10,"enemies":"Lagavulin","floor":6,"turns":5},{"damage":5,"enemies":"2 Fungi Beasts","floor":10,"turns":3},{"damage":0,"enemies":"Large Slime","floor":14,"turns":3},{"damage":35,"enemies":"Hexaghost","floor":16,"turns":6},{"damage":12,"enemies":"Shell Parasite","floor":18,"turns":3},{"damage":22,"enemies":"2 Thieves","floor":19,"turns":3},{"damage":21,"enemies":"Shelled Parasite and Fungi","floor":21,"turns":4},{"damage":16,"enemies":"Snake Plant","floor":22,"turns":3},{"damage":6,"enemies":"Snecko","floor":24,"turns":3},{"damage":16,"enemies":"3 Cultists","floor":25,"turns":4},{"damage":17,"enemies":"Shelled Parasite and Fungi","floor":29,"turns":3},{"damage":23,"enemies":"Centurion and Healer","floor":30,"turns":3}],"seed_played":"-6353458283375923780","potions_obtained":[{"floor":1,"key":"Weak Potion"},{"floor":5,"key":"Regen Potion"},{"floor":6,"key":"Energy Potion"},{"floor":21,"key":"Energy Potion"},{"floor":22,"key":"SpeedPotion"},{"floor":25,"key":"FearPotion"}],"is_trial":false,"path_per_floor":["M","?","M","?","M","E","R","?","T","M","R","?","$","M","R","B",null,"M","M","$","M","M","R","M","M","T","R","?","M","M"],"character_chosen":"DEFECT","items_purchased":["Redo","Shuriken","FTL","Streamline","Turbo"],"campfire_rested":2,"item_purchase_floors":[13,13,13,13,20],"current_hp_per_floor":[75,60,60,75,75,65,65,65,65,60,60,60,60,60,60,25,75,63,41,41,32,16,38,32,16,16,38,38,21,0],"gold":98,"neow_bonus":"THREE_ENEMY_KILL","is_prod":false,"is_daily":false,"chose_seed":false,"campfire_upgraded":3,"win_rate":0,"timestamp":1551012949,"path_taken":["M","?","M","?","?","E","R","?","T","M","R","?","$","M","R","BOSS","M","M","$","M","M","R","M","M","T","R","?","M","M"],"build_version":"2019-01-23","purchased_purges":1,"victory":false,"max_hp_per_floor":[75,75,75,75,75,75,75,75,75,75,75,75,75,75,75,75,75,75,75,75,75,75,75,75,75,75,75,75,75,75],"card_choices":[{"not_picked":["Recycle","White Noise"],"picked":"Scrape","floor":1},{"not_picked":["Hologram","Force Field"],"picked":"Go for the Eyes","floor":3},{"not_picked":["Cold Snap","Blizzard"],"picked":"Ball Lightning","floor":5},{"not_picked":["Stack","Compile Driver"],"picked":"Rebound","floor":6},{"not_picked":["Leap","Hologram"],"picked":"Gash","floor":10},{"not_picked":["Stack","Leap","Meteor Strike"],"picked":"SKIP","floor":14},{"not_picked":["Thunder Strike","Biased Cognition"],"picked":"All For One","floor":16},{"not_picked":[],"picked":"Sunder","floor":18},{"not_picked":["Ball Lightning"],"picked":"SKIP","floor":19},{"not_picked":["Cold Snap+1"],"picked":"SKIP","floor":21},{"not_picked":[],"picked":"Gash+1","floor":22},{"not_picked":["Steam Power"],"picked":"SKIP","floor":24},{"not_picked":["Reprogram"],"picked":"SKIP","floor":25},{"not_picked":[],"picked":"Static Discharge","floor":29}],"player_experience":270222,"relics_obtained":[{"floor":6,"key":"The Courier"},{"floor":9,"key":"Bottled Lightning"}],"event_choices":[{"damage_healed":0,"gold_gain":0,"player_choice":"Entered Light","damage_taken":15,"max_hp_gain":0,"max_hp_loss":0,"event_name":"Shining Light","floor":2,"gold_loss":0,"cards_upgraded":["Scrape","Zap"]},{"damage_healed":18,"gold_gain":0,"player_choice":"Healed","damage_taken":0,"max_hp_gain":0,"max_hp_loss":0,"event_name":"The Cleric","floor":4,"gold_loss":35},{"damage_healed":0,"gold_gain":175,"player_choice":"AGREE","damage_taken":0,"max_hp_gain":0,"max_hp_loss":0,"event_name":"Liars Game","floor":8,"gold_loss":0,"cards_obtained":["Doubt"]},{"damage_healed":0,"gold_gain":0,"player_choice":"Grow","damage_taken":0,"max_hp_gain":0,"max_hp_loss":0,"event_name":"Living Wall","floor":12,"gold_loss":0,"cards_upgraded":["Rebound"]},{"damage_healed":0,"gold_gain":0,"player_choice":"Upgraded Two","damage_taken":0,"max_hp_gain":0,"max_hp_loss":0,"event_name":"Designer","floor":28,"gold_loss":40,"cards_upgraded":["Turbo","Strike_B"]}],"is_beta":false,"boss_relics":[{"not_picked":["Runic Pyramid","Calling Bell"],"picked":"Busted Crown"}],"items_purged_floors":[20],"is_endless":false,"potions_floor_spawned":[1,5,6,21,22,25],"killed_by":"Centurion and Healer","ascension_level":1}