{"gold_per_floor":[14,28,28,28,40,40,60,60,113,113,131,206,236,161,161,260,260,271,282,182,202,202,202,219,253,253,267,142,142,155,5,5,101,101,112,112,112,122,122],"floor_reached":39,"playtime":1262,"items_purged":["Strike_R","Juggernaut+1","Defend_R","Defend_R"],"score":451,"play_id":"56bbc3bb-a406-440a-a64e-fc44b9dbc5e6","local_time":"20190316123356","is_ascension_mode":false,"campfire_choices":[{"data":"Cleave","floor":6.0,"key":"SMITH"},{"data":"Bash","floor":8.0,"key":"SMITH"},{"data":"True Grit","floor":15.0,"key":"SMITH"},{"data":"Anger","floor":23.0,"key":"SMITH"},{"floor":32,"key":"REST"}],"neow_cost":"NO_GOLD","seed_source_timestamp":287796502054256,"circlet_count":0,"master_deck":["Defend_R+1","Bash+1","Cleave+1","Anger+1","Shrug It Off+1","True Grit+1","Feed","Inflame+1","True Grit+1","Dropkick+1"],"special_seed":0,"relics":["Burning Blood","Mango","Pen Nib","Vajra","Astrolabe","Nilry\u0027s Codex","Nunchaku","Dodecahedron","Empty Cage"],"potions_floor_usage":[24,25,33],"damage_taken":[{"damage":6.0,"enemies":"Jaw Worm","floor":1.0,"turns":3.0},{"damage":5.0,"enemies":"2 Louse","floor":2.0,"turns":2.0},{"damage":0.0,"enemies":"Small Slimes","floor":5.0,"turns":3.0},{"damage":2.0,"enemies":"Looter","floor":7.0,"turns":2.0},{"damage":3.0,"enemies":"Red Slaver","floor":11.0,"turns":3.0},{"damage":15.0,"enemies":"Lagavulin","floor":13.0,"turns":5.0},{"damage":37.0,"enemies":"The Guardian","floor":16.0,"turns":12.0},{"damage":15.0,"enemies":"Spheric Guardian","floor":18.0,"turns":4.0},{"damage":13.0,"enemies":"2 Thieves","floor":19.0,"turns":3.0},{"damage":0.0,"enemies":"Snake Plant","floor":21.0,"turns":2.0},{"damage":18,"enemies":"Sentry and Sphere","floor":24,"turns":6},{"damage":39,"enemies":"Slavers","floor":25,"turns":4},{"damage":7,"enemies":"Chosen and Byrds","floor":27,"turns":8},{"damage":12,"enemies":"Centurion and Healer","floor":30,"turns":5},{"damage":29,"enemies":"Champ","floor":33,"turns":9},{"damage":7,"enemies":"3 Shapes","floor":35,"turns":5},{"damage":9,"enemies":"Orb Walker","floor":38,"turns":4},{"damage":0,"enemies":"Jaw Worm Horde","floor":39,"turns":1}],"seed_played":"6738988920290062136","potions_obtained":[{"floor":1.0,"key":"BloodPotion"},{"floor":2.0,"key":"Ancient Potion"},{"floor":7.0,"key":"Block Potion"},{"floor":25,"key":"GamblersBrew"},{"floor":30,"key":"Poison Potion"},{"floor":33,"key":"Explosive Potion"},{"floor":35,"key":"Weak Potion"}],"is_trial":false,"path_per_floor":["M","M","?","?","M","R","M","R","T","?","M","?","E","$","R","B",null,"M","M","$","M","?","R","M","E","T","M","$","?","M","$","R","B",null,"M","?","$","M","M"],"character_chosen":"IRONCLAD","items_purchased":[],"campfire_rested":1,"item_purchase_floors":[],"current_hp_per_floor":[94,94,94,75,81,81,85,85,85,85,88,79,70,70,70,39,94,88,94,94,100,84,84,75,45,45,47,47,47,44,44,77,54,112,117,117,117,114,114],"gold":122,"neow_bonus":"ONE_RARE_RELIC","is_prod":false,"is_daily":false,"chose_seed":false,"campfire_upgraded":4,"win_rate":0,"timestamp":1552754036,"path_taken":["M","M","?","?","M","R","M","R","T","?","?","?","E","$","R","BOSS","M","M","$","M","?","R","M","E","T","M","$","?","M","$","R","BOSS","M","?","$","M","?"],"build_version":"2019-03-15","purchased_purges":4,"victory":false,"max_hp_per_floor":[94,94,94,94,94,94,94,94,94,94,94,94,94,94,94,94,94,97,100,100,100,100,100,103,106,106,109,109,109,112,112,112,112,112,118,118,118,118,118],"card_choices":[{"not_picked":["Sever Soul","Sword Boomerang"],"picked":"Cleave","floor":1.0},{"not_picked":["Flame Barrier","Heavy Blade"],"picked":"Anger","floor":2.0},{"not_picked":["Demon Form","Warcry"],"picked":"Shrug It Off","floor":5.0},{"not_picked":["Pommel Strike","Flex","Searing Blow"],"picked":"SKIP","floor":7.0},{"not_picked":["Sword Boomerang","Shockwave"],"picked":"True Grit","floor":11.0},{"not_picked":["Anger","Second Wind","Warcry"],"picked":"SKIP","floor":13.0},{"not_picked":["Demon Form","Brutality"],"picked":"Feed","floor":16.0},{"not_picked":["Wild Strike","Reckless Charge+1","Carnage+1"],"picked":"SKIP","floor":18.0},{"not_picked":["Wild Strike","Entrench"],"picked":"Dropkick+1","floor":19.0},{"not_picked":["Clothesline+1","Heavy Blade","Body Slam+1"],"picked":"SKIP","floor":21.0},{"not_picked":["Wild Strike+1","Shrug It Off"],"picked":"Whirlwind","floor":24},{"not_picked":["Body Slam+1","Iron Wave","Clothesline"],"picked":"SKIP","floor":25},{"not_picked":["Heavy Blade+1","Warcry","Pommel Strike"],"picked":"SKIP","floor":27},{"not_picked":["Twin Strike","Clothesline+1","Armaments"],"picked":"SKIP","floor":30},{"not_picked":["Heavy Blade","Headbutt+1","Disarm+1"],"picked":"SKIP","floor":35},{"not_picked":["Body Slam","Pommel Strike+1","Flex"],"picked":"SKIP","floor":38}],"player_experience":1107382,"relics_obtained":[{"floor":9.0,"key":"Pen Nib"},{"floor":13.0,"key":"Vajra"},{"floor":22.0,"key":"Nilry\u0027s Codex"},{"floor":25,"key":"Nunchaku"},{"floor":26,"key":"Dodecahedron"}],"event_choices":[{"cards_removed":["Strike_R"],"damage_healed":0.0,"max_hp_gain":0.0,"max_hp_loss":0.0,"gold_gain":0.0,"event_name":"Living Wall","player_choice":"Forget","floor":3.0,"gold_loss":0.0,"damage_taken":0.0},{"damage_healed":0.0,"max_hp_gain":0.0,"max_hp_loss":0.0,"gold_gain":0.0,"event_name":"Shining Light","player_choice":"Entered Light","floor":4.0,"gold_loss":0.0,"damage_taken":19.0,"cards_upgraded":["Strike_R","Defend_R"]},{"damage_healed":0.0,"max_hp_gain":0.0,"max_hp_loss":0.0,"gold_gain":0.0,"event_name":"Match and Keep!","player_choice":"0 cards matched","floor":10.0,"gold_loss":0.0,"damage_taken":0.0,"cards_obtained":[]},{"damage_healed":0.0,"max_hp_gain":0.0,"max_hp_loss":0.0,"gold_gain":75.0,"event_name":"FaceTrader","player_choice":"Touch","floor":12.0,"gold_loss":0.0,"damage_taken":9.0},{"damage_healed":0.0,"max_hp_gain":0.0,"max_hp_loss":0.0,"gold_gain":0.0,"event_name":"Cursed Tome","player_choice":"Obtained Book","floor":22.0,"gold_loss":0.0,"damage_taken":16.0},{"damage_healed":0,"gold_gain":0,"player_choice":"Ignored","damage_taken":0,"max_hp_gain":0,"max_hp_loss":0,"event_name":"Vampires","floor":29,"gold_loss":0},{"damage_healed":0,"gold_gain":0,"player_choice":"Forge","damage_taken":0,"max_hp_gain":0,"max_hp_loss":0,"event_name":"Accursed Blacksmith","floor":36,"gold_loss":0,"cards_upgraded":["Shrug It Off"]}],"is_beta":true,"boss_relics":[{"not_picked":["Tiny House","Cursed Key"],"picked":"Astrolabe"},{"not_picked":["Lizard Tail","Runic Pyramid"],"picked":"Empty Cage"}],"items_purged_floors":[14,20,28,31],"is_endless":false,"potions_floor_spawned":[1,2,7,25,30,33,35],"killed_by":"Jaw Worm Horde","ascension_level":0}