{"gold_per_floor":[359,58,74,90,90,90,90,126,126,140,140,176,176,248,248,338,338,361,374,390,409,409,443,60,60,60,74,89,124,124,174,174,268,268,289,314,314,314,327,360,360,403,403,434,434,459,459,459,459,459,459],"floor_reached":51,"playtime":2946,"items_purged":["Writhe","Strike_G"],"score":1641,"play_id":"f42f1e4e-02d7-4480-951c-53541f436c0f","local_time":"20190322020944","is_ascension_mode":true,"campfire_choices":[{"floor":6.0,"key":"REST"},{"floor":11.0,"key":"REST"},{"data":"Poisoned Stab","floor":13.0,"key":"SMITH"},{"data":"Neutralize","floor":15.0,"key":"SMITH"},{"data":"PiercingWail","floor":25.0,"key":"SMITH"},{"floor":30.0,"key":"RECALL"},{"data":"Defend_G","floor":32.0,"key":"SMITH"},{"floor":41.0,"key":"REST"},{"floor":47.0,"key":"REST"},{"data":"Choke","floor":49,"key":"SMITH"}],"neow_cost":"CURSE","seed_source_timestamp":766997792163575,"circlet_count":0,"master_deck":["AscendersBane","Defend_G+1","Defend_G+1","Defend_G","Defend_G","Defend_G","Strike_G","Strike_G","Survivor+1","Neutralize+1","Poisoned Stab+1","PiercingWail+1","Backstab","Backflip+1","Escape Plan+1","Adrenaline+1","Distraction+1","Deadly Poison+1","PiercingWail+1","Calculated Gamble+1","Cloak And Dagger+1","Die Die Die","Deadly Poison+1","Discovery+1","Dash","Choke+1"],"special_seed":0,"relics":["Ring of the Snake","TwistedFunnel","Golden Idol","Ninja Scroll","Toxic Egg 2","Dead Branch","Busted Crown","Regal Pillow","Paper Crane","Ancient Tea Set","Pear","Runic Dome","Matryoshka","Pen Nib","Blood Vial","Bag of Marbles","Juzu Bracelet"],"potions_floor_usage":[50,51],"damage_taken":[{"damage":11.0,"enemies":"Small Slimes","floor":1.0,"turns":5.0},{"damage":0.0,"enemies":"2 Louse","floor":3.0,"turns":2.0},{"damage":0.0,"enemies":"Cultist","floor":4.0,"turns":3.0},{"damage":42.0,"enemies":"Lagavulin","floor":8.0,"turns":8.0},{"damage":0.0,"enemies":"2 Fungi Beasts","floor":10.0,"turns":2.0},{"damage":8.0,"enemies":"Gremlin Nob","floor":12.0,"turns":3.0},{"damage":9.0,"enemies":"The Guardian","floor":16.0,"turns":12.0},{"damage":0.0,"enemies":"Chosen","floor":18.0,"turns":2.0},{"damage":10.0,"enemies":"Shell Parasite","floor":19.0,"turns":3.0},{"damage":0.0,"enemies":"Centurion and Healer","floor":20.0,"turns":3.0},{"damage":0.0,"enemies":"Snecko","floor":21.0,"turns":4.0},{"damage":0.0,"enemies":"Book of Stabbing","floor":23.0,"turns":3.0},{"damage":0.0,"enemies":"Chosen and Byrds","floor":27.0,"turns":3.0},{"damage":0.0,"enemies":"Snake Plant","floor":28.0,"turns":3.0},{"damage":0.0,"enemies":"Slavers","floor":29.0,"turns":1.0},{"damage":37.0,"enemies":"Champ","floor":33.0,"turns":12.0},{"damage":6.0,"enemies":"3 Darklings","floor":35.0,"turns":3.0},{"damage":2.0,"enemies":"Orb Walker","floor":36.0,"turns":2.0},{"damage":0.0,"enemies":"Transient","floor":39.0,"turns":6.0},{"damage":40.0,"enemies":"Giant Head","floor":40.0,"turns":6.0},{"damage":8.0,"enemies":"Nemesis","floor":42.0,"turns":5.0},{"damage":11.0,"enemies":"Giant Head","floor":44.0,"turns":5.0},{"damage":0.0,"enemies":"3 Darklings","floor":46.0,"turns":3.0},{"damage":59,"enemies":"Donu and Deca","floor":50,"turns":11},{"damage":27,"enemies":"Time Eater","floor":51,"turns":2}],"seed_played":"-422997033075403634","potions_obtained":[{"floor":1.0,"key":"SneckoOil"},{"floor":12.0,"key":"Energy Potion"},{"floor":16.0,"key":"EssenceOfSteel"},{"floor":20.0,"key":"Dexterity Potion"},{"floor":27.0,"key":"SteroidPotion"},{"floor":36.0,"key":"Dexterity Potion"},{"floor":44.0,"key":"GhostInAJar"}],"is_trial":false,"path_per_floor":["M","$","M","M","?","R","?","E","T","M","R","E","R","?","R","B",null,"M","M","M","M","?","E","$","R","T","M","M","E","R","?","R","B",null,"M","M","?","?","M","E","R","E","T","E","?","M","R","?","R","B","B"],"character_chosen":"THE_SILENT","items_purchased":["TwistedFunnel","Paper Crane"],"campfire_rested":4,"item_purchase_floors":[2,24],"current_hp_per_floor":[48,48,48,48,28,47,47,5,5,5,23,15,15,15,15,6,47,47,37,37,37,37,37,37,37,37,37,37,47,47,47,47,10,55,49,47,47,47,47,7,43,35,35,26,26,28,64,64,64,7,0],"gold":459,"neow_bonus":"TWO_FIFTY_GOLD","is_prod":false,"is_daily":false,"chose_seed":false,"campfire_upgraded":5,"win_rate":0,"timestamp":1553234984,"path_taken":["M","$","M","M","?","R","?","E","T","M","R","E","R","?","R","BOSS","M","M","M","M","?","E","$","R","T","M","M","E","R","?","R","BOSS","M","?","?","?","M","E","R","E","T","E","?","M","R","?","R","BOSS","BOSS"],"build_version":"2019-03-15","purchased_purges":2,"victory":false,"max_hp_per_floor":[66,66,66,66,66,66,60,60,60,60,60,60,60,60,60,60,60,60,60,60,60,60,60,60,60,60,60,60,70,70,70,70,70,70,70,70,70,70,70,70,70,70,70,70,70,70,70,70,70,70,70],"card_choices":[{"not_picked":["Acrobatics","Dagger Throw"],"picked":"Poisoned Stab","floor":1.0},{"not_picked":["Quick Slash","Acrobatics"],"picked":"Dagger Throw","floor":3.0},{"not_picked":["Endless Agony","Flying Knee"],"picked":"PiercingWail","floor":4.0},{"not_picked":["Accuracy","Night Terror"],"picked":"Backstab","floor":8.0},{"not_picked":["Dodge and Roll+1","Quick Slash"],"picked":"Backflip+1","floor":10.0},{"not_picked":["Masterful Stab","Skewer"],"picked":"Escape Plan+1","floor":12.0},{"not_picked":["Die Die Die","Glass Knife"],"picked":"Adrenaline+1","floor":16.0},{"not_picked":["Prepared+1"],"picked":"SKIP","floor":18.0},{"not_picked":[],"picked":"Distraction+1","floor":19.0},{"not_picked":["Finisher"],"picked":"SKIP","floor":20.0},{"not_picked":["Finisher"],"picked":"SKIP","floor":20.0},{"not_picked":[],"picked":"Deadly Poison+1","floor":21.0},{"not_picked":[],"picked":"Calculated Gamble+1","floor":23.0},{"not_picked":[],"picked":"Cloak And Dagger+1","floor":27.0},{"not_picked":["Dagger Spray"],"picked":"SKIP","floor":28.0},{"not_picked":["Dagger Throw"],"picked":"SKIP","floor":29.0},{"not_picked":["Dagger Throw"],"picked":"SKIP","floor":29.0},{"not_picked":[],"picked":"Die Die Die","floor":33.0},{"not_picked":[],"picked":"Deadly Poison+1","floor":35.0},{"not_picked":["Accuracy"],"picked":"SKIP","floor":36.0},{"not_picked":[],"picked":"Discovery+1","floor":37.0},{"not_picked":["Flying Knee+1"],"picked":"SKIP","floor":39.0},{"not_picked":["Dagger Throw"],"picked":"SKIP","floor":40.0},{"not_picked":[],"picked":"Dash","floor":42.0},{"not_picked":["Expertise+1"],"picked":"SKIP","floor":44.0},{"not_picked":["Accuracy"],"picked":"SKIP","floor":46.0}],"player_experience":1170771,"relics_obtained":[{"floor":8.0,"key":"Ninja Scroll"},{"floor":9.0,"key":"Toxic Egg 2"},{"floor":12.0,"key":"Dead Branch"},{"floor":23.0,"key":"Regal Pillow"},{"floor":26.0,"key":"Ancient Tea Set"},{"floor":29.0,"key":"Pear"},{"floor":40.0,"key":"Pen Nib"},{"floor":42.0,"key":"Blood Vial"},{"floor":43.0,"key":"Bag of Marbles"},{"floor":44.0,"key":"Juzu Bracelet"}],"event_choices":[{"damage_healed":0.0,"max_hp_gain":0.0,"max_hp_loss":0.0,"gold_gain":0.0,"event_name":"Shining Light","player_choice":"Entered Light","floor":5.0,"gold_loss":0.0,"damage_taken":20.0,"cards_upgraded":["Defend_G","Survivor"]},{"damage_healed":0.0,"max_hp_gain":0.0,"max_hp_loss":6.0,"gold_gain":0.0,"event_name":"Golden Idol","player_choice":"Lose Max HP","floor":7.0,"gold_loss":0.0,"damage_taken":0.0,"relics_obtained":["Golden Idol"]},{"damage_healed":0.0,"max_hp_gain":0.0,"max_hp_loss":0.0,"gold_gain":72.0,"event_name":"Golden Wing","player_choice":"Gained Gold","floor":14.0,"gold_loss":0.0,"damage_taken":0.0},{"damage_healed":0.0,"max_hp_gain":0.0,"max_hp_loss":0.0,"gold_gain":0.0,"event_name":"The Library","player_choice":"Read","floor":22.0,"gold_loss":0.0,"damage_taken":0.0,"cards_obtained":["PiercingWail"]},{"damage_healed":0.0,"max_hp_gain":0.0,"max_hp_loss":0.0,"gold_gain":50.0,"event_name":"Golden Shrine","player_choice":"Pray","floor":31.0,"gold_loss":0.0,"damage_taken":0.0},{"damage_healed":0.0,"max_hp_gain":0.0,"max_hp_loss":0.0,"gold_gain":0.0,"event_name":"SensoryStone","player_choice":"Memory 1","floor":37.0,"gold_loss":0.0,"damage_taken":0.0},{"cards_removed":["Dagger Throw"],"damage_healed":0.0,"max_hp_gain":0.0,"max_hp_loss":0.0,"gold_gain":0.0,"event_name":"WeMeetAgain","player_choice":"Gave Card","floor":38.0,"gold_loss":0.0,"damage_taken":0.0,"relics_obtained":["Matryoshka"]},{"cards_removed":["Strike_G"],"damage_healed":0.0,"max_hp_gain":0.0,"max_hp_loss":0.0,"gold_gain":0.0,"event_name":"Purifier","player_choice":"Purged","floor":45.0,"gold_loss":0.0,"damage_taken":0.0},{"damage_healed":0,"gold_gain":0,"cards_transformed":["Strike_G"],"player_choice":"Transformed","damage_taken":0,"max_hp_gain":0,"max_hp_loss":0,"event_name":"Transmorgrifier","floor":48,"gold_loss":0,"cards_obtained":["Choke"]}],"is_beta":true,"boss_relics":[{"not_picked":["Velvet Choker","Calling Bell"],"picked":"Busted Crown"},{"not_picked":["Philosopher\u0027s Stone","HoveringKite"],"picked":"Runic Dome"}],"items_purged_floors":[2,24],"is_endless":false,"potions_floor_spawned":[1,12,16,20,27,28,36,40,44],"killed_by":"Time Eater","ascension_level":20}