{"gold_per_floor":[116,116,91,91,101,101,118,118,118,118,146,158,170,182,194,206],"floor_reached":16,"playtime":281,"items_purged":[],"score":192,"play_id":"2b340b56-5c52-491f-a88c-dd0455065ba3","local_time":"20190221203651","is_ascension_mode":true,"campfire_choices":[{"data":"Loop","floor":6,"key":"SMITH"},{"data":"Melter","floor":8,"key":"SMITH"},{"data":"Capacitor","floor":13,"key":"SMITH"},{"data":"Compile Driver","floor":15,"key":"SMITH"}],"neow_cost":"NONE","seed_source_timestamp":702022596696575,"circlet_count":0,"master_deck":["AscendersBane","Strike_B","Strike_B","Strike_B","Strike_B","Defend_B","Defend_B","Defend_B","Defend_B","Zap+1","Dualcast","Melter+1","Compile Driver+1","Loop+1","Genetic Algorithm","Capacitor+1"],"relics":["Cracked Core","Oddly Smooth Stone","CultistMask","Bag of Preparation","MawBank"],"potions_floor_usage":[11],"damage_taken":[{"damage":5,"enemies":"Jaw Worm","floor":1,"turns":4},{"damage":0,"enemies":"Cultist","floor":5,"turns":3},{"damage":0,"enemies":"2 Louse","floor":7,"turns":2},{"damage":20,"enemies":"3 Sentries","floor":11,"turns":6},{"damage":49,"enemies":"Hexaghost","floor":16,"turns":9}],"seed_played":"8184571667194920096","potions_obtained":[{"floor":1,"key":"Dexterity Potion"}],"is_trial":false,"path_per_floor":["M","?","$","?","M","R","M","R","T","T","E","$","R","?","R","B"],"character_chosen":"DEFECT","items_purchased":["Compile Driver"],"campfire_rested":0,"item_purchase_floors":[3],"current_hp_per_floor":[59,59,59,59,59,59,59,59,59,59,39,39,39,44,44,0],"gold":206,"neow_bonus":"RANDOM_COMMON_RELIC","is_prod":false,"is_daily":false,"chose_seed":false,"campfire_upgraded":4,"win_rate":0,"timestamp":1550799411,"path_taken":["M","?","?","?","?","R","M","R","T","?","E","?","R","?","R","BOSS"],"build_version":"2019-02-06","purchased_purges":0,"victory":false,"max_hp_per_floor":[71,71,71,71,71,71,71,71,71,71,71,71,71,76,76,76],"card_choices":[{"not_picked":["Reinforced Body","Gash"],"picked":"Melter","floor":1},{"not_picked":["Streamline","Coolheaded"],"picked":"Loop","floor":5},{"not_picked":["Steam","Blizzard"],"picked":"Genetic Algorithm","floor":7},{"not_picked":["Coolheaded","Steam Power"],"picked":"Capacitor","floor":11}],"player_experience":964753,"relics_obtained":[{"floor":10,"key":"Bag of Preparation"},{"floor":11,"key":"MawBank"}],"event_choices":[{"damage_healed":0,"gold_gain":0,"player_choice":"Upgraded","damage_taken":0,"max_hp_gain":0,"max_hp_loss":0,"event_name":"Upgrade Shrine","floor":2,"gold_loss":0,"cards_upgraded":["Zap"]},{"damage_healed":0,"gold_gain":0,"player_choice":"Trade","damage_taken":0,"relics_obtained":["CultistMask"],"max_hp_gain":0,"max_hp_loss":0,"event_name":"FaceTrader","floor":4,"gold_loss":0},{"damage_healed":0,"gold_gain":0,"player_choice":"Donut","damage_taken":0,"max_hp_gain":5,"max_hp_loss":0,"event_name":"Big Fish","floor":14,"gold_loss":0}],"is_beta":true,"boss_relics":[],"items_purged_floors":[],"is_endless":false,"potions_floor_spawned":[1],"killed_by":"Hexaghost","ascension_level":20}