{"path_per_floor":["M","M","$","M","?","E","R","M","T","M","M","?","?","M","R","B",null,"M","?","?","$","M","R","E","R","T","R","M","?","?","M","R"],"character_chosen":"THE_SILENT","items_purchased":["Infinite Blades","Infinite Blades","Bottled Lightning","Bag of Marbles"],"gold_per_floor":[214,227,80,94,94,126,126,145,445,455,473,473,473,491,491,589,619,634,634,534,62,73,73,100,100,151,151,168,168,168,181,181,181],"floor_reached":33,"campfire_rested":5,"playtime":1681,"current_hp_per_floor":[70,70,70,70,56,33,56,37,37,37,33,33,33,33,56,1,82,72,72,72,72,63,63,11,35,35,59,51,35,35,7,33,0],"items_purged":["Defend_G"],"gold":181,"score":292,"play_id":"493d4a09-0c2f-4e1f-b0f4-d91809522d3b","local_time":"20180403004649","is_prod":false,"is_daily":false,"is_ascension_mode":false,"campfire_upgraded":1,"timestamp":1522741609,"path_taken":["M","M","$","M","?","E","R","?","T","M","M","?","?","M","R","BOSS","M","?","?","$","M","R","E","R","T","R","M","?","?","M","R","BOSS"],"build_version":"2018-03-29v2","purchased_purges":1,"victory":false,"master_deck":["Defend_G","Defend_G","Defend_G+1","Defend_G","Strike_G","Strike_G","Strike_G","Strike_G","Survivor","Neutralize+1","Underhanded Strike","Infinite Blades+1","Accuracy","Quick Slash","Dagger Throw","Blade Dance","After Image","Accuracy","Dramatic Entrance","Infinite Blades+1","Cloak And Dagger","After Image","Cloak And Dagger+1"],"max_hp_per_floor":[70,70,70,70,70,77,77,77,77,77,77,77,77,77,77,77,82,82,82,82,82,82,82,82,82,82,82,82,87,87,87,87,87],"relics":["Ring of the Snake","Strawberry","Old Coin","Tiny House","Bottled Lightning","Bag of Marbles","Art of War","Happy Flower","Toxic Egg 2"],"card_choices":[{"not_picked":["Prepared","Quick Slash"],"picked":"Underhanded Strike","floor":2},{"not_picked":["Dash","Tools of the Trade"],"picked":"Accuracy","floor":4},{"not_picked":["Deadly Poison","PiercingWail"],"picked":"Quick Slash","floor":6},{"not_picked":["Expertise","Sucker Punch"],"picked":"Dagger Throw","floor":8},{"not_picked":["Noxious Fumes","Skewer"],"picked":"Blade Dance","floor":10},{"not_picked":["Grand Finale","Doppelganger"],"picked":"After Image","floor":16},{"not_picked":["Deflect","Backflip"],"picked":"Accuracy","floor":17},{"not_picked":["Blur","Expertise"],"picked":"Cloak And Dagger","floor":22},{"not_picked":["Prepared","Underhanded Strike"],"picked":"After Image","floor":24},{"not_picked":["Calculated Gamble","Acrobatics"],"picked":"Cloak And Dagger","floor":31}],"player_experience":117884,"potions_floor_usage":[16,16,22,24,28],"damage_taken":[{"damage":0,"enemies":"2 Louse","floor":1,"turns":3},{"damage":0,"enemies":"Jaw Worm","floor":2,"turns":5},{"damage":0,"enemies":"Cultist","floor":4,"turns":3},{"damage":30,"enemies":"3 Sentries","floor":6,"turns":9},{"damage":19,"enemies":"Gremlin Gang","floor":8,"turns":5},{"damage":0,"enemies":"Exordium Wildlife","floor":10,"turns":4},{"damage":4,"enemies":"Red Slaver","floor":11,"turns":4},{"damage":0,"enemies":"Looter","floor":14,"turns":4},{"damage":55,"enemies":"The Guardian","floor":16,"turns":12},{"damage":10,"enemies":"Chosen","floor":18,"turns":5},{"damage":9,"enemies":"Spheric Guardian","floor":22,"turns":4},{"damage":64,"enemies":"Slavers","floor":24,"turns":6},{"damage":8,"enemies":"Centurion and Healer","floor":28,"turns":4},{"damage":28,"enemies":"Slaver and Parasite","floor":31,"turns":6},{"damage":38,"enemies":"Champ","floor":33,"turns":10}],"event_choices":[{"event_name":"Shining Light","player_choice":"Entered Light","floor":5,"damage_taken":0},{"event_name":"Bonfire Elementals","player_choice":"BASIC","floor":12,"damage_taken":0},{"event_name":"Liars Game","player_choice":"disagreed","floor":13,"damage_taken":0},{"event_name":"Match and Keep!","player_choice":"1 cards matched","floor":19,"damage_taken":0},{"event_name":"Drug Dealer","player_choice":"Got JAXXED","floor":20,"damage_taken":0},{"event_name":"Forgotten Altar","player_choice":"Shed Blood","floor":29,"damage_taken":0},{"event_name":"Addict","player_choice":"Gave JAX","floor":30,"damage_taken":0}],"boss_relics":[{"not_picked":["Velvet Choker","The Specimen"],"picked":"Tiny House"}],"potions_floor_spawned":[1,4,10,11,14,22],"seed_played":"-8201018973641688466","killed_by":"Champ","ascension_level":0,"is_trial":false}