{"gold_per_floor":[119,119,119,83,102,137,137,165,190,190,208,224,241,271,283,295],"floor_reached":16,"playtime":568,"items_purged":[],"score":126,"play_id":"d8404d38-5079-4702-8380-babed290195b","local_time":"20190306031233","is_ascension_mode":true,"campfire_choices":[{"data":"Caltrops","floor":7,"key":"SMITH"},{"floor":10,"key":"REST"},{"floor":15,"key":"REST"}],"neow_cost":"NONE","seed_source_timestamp":40668101458613,"circlet_count":0,"master_deck":["Defend_G","Defend_G","Defend_G","Defend_G","Defend_G","Strike_G","Strike_G","Strike_G","Strike_G","Strike_G","Survivor","Neutralize","Malaise","Sucker Punch","Caltrops+1","Dagger Spray","Prepared","Dagger Spray","Caltrops","Blade Dance","Cloak And Dagger"],"relics":["Ring of the Snake","Matryoshka","Dream Catcher","Bag of Marbles","Ninja Scroll","Anchor","MawBank"],"potions_floor_usage":[8],"damage_taken":[{"damage":0,"enemies":"2 Louse","floor":1,"turns":3},{"damage":5,"enemies":"Jaw Worm","floor":5,"turns":6},{"damage":27,"enemies":"Lagavulin","floor":6,"turns":9},{"damage":28,"enemies":"Gremlin Nob","floor":8,"turns":6},{"damage":0,"enemies":"Small Slimes","floor":11,"turns":2},{"damage":2,"enemies":"Exordium Wildlife","floor":12,"turns":4},{"damage":0,"enemies":"Blue Slaver","floor":13,"turns":2},{"damage":17,"enemies":"3 Sentries","floor":14,"turns":5},{"damage":33,"enemies":"The Guardian","floor":16,"turns":8}],"seed_played":"4131910282944765027","potions_obtained":[{"floor":5,"key":"Swift Potion"},{"floor":6,"key":"FearPotion"},{"floor":13,"key":"SpeedPotion"}],"is_trial":false,"path_per_floor":["M","?","T","$","M","E","R","E","T","R","M","M","M","E","R","B"],"character_chosen":"THE_SILENT","items_purchased":["Caltrops"],"campfire_rested":2,"item_purchase_floors":[4],"current_hp_per_floor":[70,70,70,70,65,38,38,10,10,31,31,29,29,12,33,0],"gold":295,"neow_bonus":"ONE_RANDOM_RARE_CARD","is_prod":false,"is_daily":false,"chose_seed":false,"campfire_upgraded":1,"win_rate":0,"timestamp":1551870753,"path_taken":["M","?","?","$","M","E","R","E","T","R","M","M","M","E","R","BOSS"],"build_version":"2019-01-23","purchased_purges":0,"victory":false,"max_hp_per_floor":[70,70,70,70,70,70,70,70,70,70,70,70,70,70,70,70],"card_choices":[{"not_picked":["PiercingWail","Flying Knee"],"picked":"Sucker Punch","floor":1},{"not_picked":["Outmaneuver","Riddle With Holes"],"picked":"Dagger Spray","floor":5},{"not_picked":["Eviscerate","Tools of the Trade","Backflip"],"picked":"SKIP","floor":6},{"not_picked":["Predator","Slice"],"picked":"Prepared","floor":8},{"not_picked":["Well Laid Plans","Bane"],"picked":"Dagger Spray","floor":11},{"not_picked":["Poisoned Stab","Dodge and Roll"],"picked":"Caltrops","floor":12},{"not_picked":["Finisher","Flying Knee"],"picked":"Blade Dance","floor":13},{"not_picked":["Dodge and Roll","All Out Attack"],"picked":"Cloak And Dagger","floor":14}],"player_experience":305109,"relics_obtained":[{"floor":3,"key":"Matryoshka"},{"floor":6,"key":"Dream Catcher"},{"floor":8,"key":"Bag of Marbles"},{"floor":9,"key":"Ninja Scroll"},{"floor":9,"key":"Anchor"},{"floor":14,"key":"MawBank"}],"event_choices":[{"damage_healed":0,"gold_gain":0,"player_choice":"Ignored","damage_taken":0,"max_hp_gain":0,"max_hp_loss":0,"event_name":"Golden Wing","floor":2,"gold_loss":0}],"is_beta":false,"boss_relics":[],"items_purged_floors":[],"is_endless":false,"potions_floor_spawned":[5,6,13],"killed_by":"The Guardian","ascension_level":1}