{"gold_per_floor":[116,126,73,86,16,43,43,73,97,113,113,444,409,432,432,555,555,568,768,782,782,782,782,816,836,861,861,875,875,898,898,898,898],"floor_reached":33,"playtime":1175,"items_purged":[],"score":324,"play_id":"2c0bb358-70d5-4cc8-a434-7ada10a5ba61","local_time":"20190228033105","is_ascension_mode":true,"campfire_choices":[{"data":"Dash","floor":7,"key":"SMITH"},{"floor":15,"key":"REST"},{"data":"Deadly Poison","floor":23,"key":"SMITH"},{"floor":27,"key":"REST"},{"data":"Neutralize","floor":29,"key":"SMITH"},{"floor":32,"key":"REST"}],"neow_cost":"NONE","seed_source_timestamp":646022799824274,"circlet_count":0,"master_deck":["Defend_G","Defend_G","Defend_G","Defend_G","Defend_G","Strike_G","Strike_G","Strike_G","Strike_G","Strike_G","Survivor","Neutralize+1","Poisoned Stab","Sucker Punch","Poisoned Stab","Dash+1","Poisoned Stab","Deadly Poison+1","Injury","After Image","Bane","Writhe","Night Terror","Leg Sweep+1","Dagger Throw"],"relics":["Ring of the Snake","NeowsBlessing","Art of War","Snake Skull","Bloody Idol","Old Coin","Lizard Tail","Kunai","Blue Candle","Regal Pillow"],"potions_floor_usage":[6,10,16,24],"damage_taken":[{"damage":0,"enemies":"Cultist","floor":1,"turns":1},{"damage":0,"enemies":"Small Slimes","floor":2,"turns":1},{"damage":0,"enemies":"2 Louse","floor":4,"turns":1},{"damage":20,"enemies":"Lagavulin","floor":6,"turns":7},{"damage":19,"enemies":"3 Sentries","floor":8,"turns":9},{"damage":7,"enemies":"Exordium Thugs","floor":10,"turns":6},{"damage":8,"enemies":"Gremlin Nob","floor":12,"turns":4},{"damage":2,"enemies":"Exordium Wildlife","floor":14,"turns":4},{"damage":18,"enemies":"The Guardian","floor":16,"turns":9},{"damage":20,"enemies":"Shell Parasite","floor":18,"turns":5},{"damage":5,"enemies":"3 Byrds","floor":20,"turns":6},{"damage":30,"enemies":"Book of Stabbing","floor":24,"turns":6},{"damage":47,"enemies":"Shelled Parasite and Fungi","floor":25,"turns":7},{"damage":26,"enemies":"Snecko","floor":28,"turns":5},{"damage":30,"enemies":"Centurion and Healer","floor":30,"turns":7},{"damage":59,"enemies":"Collector","floor":33,"turns":5}],"seed_played":"-4872643443450185258","potions_obtained":[{"floor":4,"key":"Poison Potion"},{"floor":8,"key":"PowerPotion"},{"floor":12,"key":"Dexterity Potion"},{"floor":18,"key":"Weak Potion"},{"floor":25,"key":"SpeedPotion"}],"is_trial":false,"path_per_floor":["M","M","$","M","$","E","R","E","T","M","?","E","?","M","R","B",null,"M","?","M","?","?","R","E","M","T","R","M","R","M","?","R","B"],"character_chosen":"THE_SILENT","items_purchased":["Poisoned Stab","Dash"],"campfire_rested":3,"item_purchase_floors":[3,5],"current_hp_per_floor":[70,70,70,70,70,50,50,31,31,24,24,16,33,31,52,34,70,50,50,45,45,68,68,38,35,35,70,44,44,14,14,50,0],"gold":898,"neow_bonus":"THREE_ENEMY_KILL","is_prod":false,"is_daily":false,"chose_seed":false,"campfire_upgraded":3,"win_rate":0,"timestamp":1551353465,"path_taken":["M","M","$","M","$","E","R","E","T","M","?","E","?","M","R","BOSS","M","?","?","?","?","R","E","M","T","R","M","R","M","?","R","BOSS"],"build_version":"2019-01-23","purchased_purges":0,"victory":false,"max_hp_per_floor":[70,70,70,70,70,70,70,70,70,70,70,70,70,70,70,70,70,70,70,70,70,70,70,70,70,70,70,70,70,70,70,70,70],"card_choices":[{"not_picked":["Bane","Deflect"],"picked":"Poisoned Stab","floor":1},{"not_picked":["Underhanded Strike","Heel Hook"],"picked":"Sucker Punch","floor":2},{"not_picked":["Sucker Punch","Reflex","PiercingWail"],"picked":"SKIP","floor":4},{"not_picked":["Flying Knee","Terror","Heel Hook"],"picked":"SKIP","floor":6},{"not_picked":["Masterful Stab","Blade Dance"],"picked":"Poisoned Stab","floor":8},{"not_picked":["Underhanded Strike","PiercingWail"],"picked":"Deadly Poison","floor":10},{"not_picked":["Prepared","Poisoned Stab"],"picked":"After Image","floor":12},{"not_picked":["Outmaneuver","Dagger Throw","Predator"],"picked":"SKIP","floor":14},{"not_picked":["Outmaneuver","PiercingWail+1"],"picked":"Bane","floor":18},{"not_picked":["Skewer","Footwork","Prepared"],"picked":"SKIP","floor":20},{"not_picked":["Backflip","Setup+1"],"picked":"Night Terror","floor":24},{"not_picked":["Dagger Spray","Deflect+1","Slice+1"],"picked":"SKIP","floor":25},{"not_picked":["Expertise","Underhanded Strike"],"picked":"Leg Sweep+1","floor":28},{"not_picked":["Escape Plan","Accuracy"],"picked":"Dagger Throw","floor":30}],"player_experience":284290,"relics_obtained":[{"floor":6,"key":"Art of War"},{"floor":8,"key":"Snake Skull"},{"floor":12,"key":"Old Coin"},{"floor":24,"key":"Blue Candle"},{"floor":26,"key":"Regal Pillow"}],"event_choices":[{"damage_healed":0,"gold_gain":0,"player_choice":"Take Wound","damage_taken":0,"relics_obtained":["Golden Idol"],"max_hp_gain":0,"max_hp_loss":0,"event_name":"Golden Idol","floor":11,"gold_loss":0,"cards_obtained":["Injury"]},{"damage_healed":17,"gold_gain":0,"player_choice":"Healed","damage_taken":0,"max_hp_gain":0,"max_hp_loss":0,"event_name":"The Cleric","floor":13,"gold_loss":35},{"damage_healed":0,"gold_gain":250,"player_choice":"Bet on Owner","damage_taken":0,"max_hp_gain":0,"max_hp_loss":0,"event_name":"The Joust","floor":19,"gold_loss":50},{"damage_healed":0,"gold_gain":0,"player_choice":"Opened","damage_taken":0,"relics_obtained":["Kunai"],"max_hp_gain":0,"max_hp_loss":0,"event_name":"The Mausoleum","floor":21,"gold_loss":0,"cards_obtained":["Writhe"]},{"damage_healed":23,"gold_gain":0,"player_choice":"Heal","damage_taken":0,"max_hp_gain":0,"max_hp_loss":0,"event_name":"The Library","floor":22,"gold_loss":0},{"damage_healed":0,"gold_gain":0,"player_choice":"Gave Idol","damage_taken":0,"relics_obtained":["Bloody Idol"],"max_hp_gain":0,"max_hp_loss":0,"event_name":"Forgotten Altar","floor":31,"relics_lost":["Golden Idol"],"gold_loss":0}],"is_beta":false,"boss_relics":[{"not_picked":["Eternal Feather","Astrolabe"],"picked":"Lizard Tail"}],"items_purged_floors":[],"is_endless":false,"potions_floor_spawned":[4,8,12,18,25],"killed_by":"Collector","ascension_level":1}