{"gold_per_floor":[112,130,6,19,39,39,71,71,71,71,71,71,82,102,102,198,198,210,210],"floor_reached":19,"playtime":893,"items_purged":["Strike_B"],"score":211,"play_id":"3c1afffd-66f6-474a-b47d-b0f364cd6b24","local_time":"20190125014319","is_ascension_mode":true,"campfire_choices":[{"data":"Buffer","floor":6,"key":"SMITH"},{"data":"Conserve Battery","floor":8,"key":"SMITH"},{"data":"Streamline","floor":10,"key":"SMITH"},{"floor":12,"key":"REST"},{"floor":15,"key":"REST"}],"neow_cost":"TEN_PERCENT_HP_LOSS","seed_source_timestamp":1920760279441,"circlet_count":0,"master_deck":["Strike_B","Strike_B+1","Strike_B","Defend_B","Defend_B","Defend_B","Defend_B","Zap+1","Dualcast","Buffer+1","Ball Lightning","Streamline+1","Conserve Battery+1","Go for the Eyes","Capacitor","Amplify","White Noise","Consume","Echo Form","Hologram"],"relics":["Cracked Core","Dodecahedron","Blue Candle","Cursed Key"],"potions_floor_usage":[7,16,16],"damage_taken":[{"damage":0,"enemies":"Cultist","floor":1,"turns":4},{"damage":7,"enemies":"Small Slimes","floor":2,"turns":2},{"damage":0,"enemies":"Jaw Worm","floor":4,"turns":3},{"damage":17,"enemies":"Gremlin Gang","floor":5,"turns":4},{"damage":7,"enemies":"Gremlin Nob","floor":7,"turns":5},{"damage":13,"enemies":"3 Louse","floor":13,"turns":3},{"damage":7,"enemies":"Large Slime","floor":14,"turns":5},{"damage":10,"enemies":"The Guardian","floor":16,"turns":10},{"damage":19,"enemies":"Spheric Guardian","floor":18,"turns":4},{"damage":41,"enemies":"3 Byrds","floor":19,"turns":2}],"seed_played":"8411694384964688753","potions_obtained":[{"floor":2,"key":"LiquidBronze"},{"floor":5,"key":"FearPotion"},{"floor":14,"key":"EssenceOfSteel"},{"floor":16,"key":"Strength Potion"}],"is_trial":false,"path_per_floor":["M","M","$","M","M","R","E","R","T","R","?","R","M","M","R","B",null,"M","M"],"character_chosen":"DEFECT","items_purchased":["Conserve Battery"],"campfire_rested":2,"item_purchase_floors":[3],"current_hp_per_floor":[68,61,61,61,44,44,37,37,37,37,23,43,30,23,43,33,59,40,0],"gold":210,"neow_bonus":"THREE_RARE_CARDS","is_prod":false,"is_daily":false,"chose_seed":false,"campfire_upgraded":3,"win_rate":0,"timestamp":1548398599,"path_taken":["M","M","$","?","M","R","E","R","T","R","?","R","M","M","R","BOSS","M","M"],"build_version":"2019-01-23","purchased_purges":1,"victory":false,"max_hp_per_floor":[68,68,68,68,68,68,68,68,68,68,68,68,68,68,68,68,68,68,68],"card_choices":[{"not_picked":["Fission","Meteor Strike"],"picked":"Buffer","floor":0},{"not_picked":["Gash","Turbo"],"picked":"Ball Lightning","floor":1},{"not_picked":["Conserve Battery","Rebound"],"picked":"Streamline","floor":2},{"not_picked":["Aggregate","Rebound"],"picked":"Go for the Eyes","floor":4},{"not_picked":["Sweeping Beam","Conserve Battery"],"picked":"Capacitor","floor":5},{"not_picked":["Gash","Heatsinks"],"picked":"Amplify","floor":7},{"not_picked":["Conserve Battery","Skim"],"picked":"White Noise","floor":13},{"not_picked":["Barrage","Cold Snap"],"picked":"Consume","floor":14},{"not_picked":["Machine Learning","Buffer"],"picked":"Echo Form","floor":16},{"not_picked":["Turbo","Compile Driver+1"],"picked":"Hologram","floor":18}],"player_experience":253609,"relics_obtained":[{"floor":7,"key":"Dodecahedron"},{"floor":9,"key":"Blue Candle"}],"event_choices":[{"damage_healed":0,"gold_gain":0,"player_choice":"Entered Light","damage_taken":14,"max_hp_gain":0,"max_hp_loss":0,"event_name":"Shining Light","floor":11,"gold_loss":0,"cards_upgraded":["Strike_B","Zap"]}],"is_beta":true,"boss_relics":[{"not_picked":["White Beast Statue","Empty Cage"],"picked":"Cursed Key"}],"items_purged_floors":[3],"is_endless":false,"potions_floor_spawned":[2,5,14,16],"killed_by":"3 Byrds","ascension_level":5}