{"path_per_floor":["M","M","$","?","?","R","E","R","T","E","M","?","M","M","R","B",null,"M","M","?","M","?","R","E","R","T","M","?","M","$","?","R","B",null,"M","?","?","M","M","E"],"character_chosen":"THE_SILENT","items_purchased":["Leg Sweep","Infinite Blades","Noxious Fumes","Pear","Slice","Prepared"],"gold_per_floor":[117,133,18,93,58,58,87,87,138,163,183,183,194,209,209,306,306,321,340,340,359,359,359,394,394,419,439,439,458,43,43,43,141,141,154,0,53,69,87,118,118],"floor_reached":41,"campfire_rested":3,"playtime":3521,"current_hp_per_floor":[70,70,70,59,70,70,18,39,46,43,42,47,40,39,39,3,82,72,72,72,77,77,77,11,35,35,35,35,18,28,28,55,39,92,52,52,33,11,4,4,0],"items_purged":[],"gold":118,"score":526,"play_id":"115d9e48-7443-4b59-8eed-043d806553fa","local_time":"20180329172738","is_prod":false,"is_daily":false,"is_ascension_mode":false,"campfire_upgraded":3,"timestamp":1522369658,"path_taken":["M","M","?","?","?","R","E","R","T","E","M","?","M","M","R","BOSS","M","M","?","M","?","R","E","R","T","?","?","?","?","?","R","BOSS","M","?","?","M","M","E","M"],"build_version":"2018-03-22v2","purchased_purges":0,"victory":false,"master_deck":["Defend_G+1","Defend_G+1","Defend_G+1","Strike_G+1","Strike_G+1","Strike_G+1","Strike_G+1","Survivor","Neutralize+1","Deflect","Dagger Throw","Underhanded Strike","Leg Sweep","Infinite Blades+1","After Image+1","Quick Slash","Well Laid Plans","Backstab","Infinite Blades","Burst","Predator+1","Backflip+1","Infinite Blades+1","Deadly Poison+1","Noxious Fumes+1","Blur","Backstab","Flying Knee+1","Doppelganger","Prepared","Noxious Fumes","Slice","Prepared","Envenom","Bane+1","Endless Agony+1","Distraction","Deflect","Flechettes+1"],"max_hp_per_floor":[70,70,70,70,70,70,70,70,77,77,77,82,82,82,82,82,82,82,82,82,82,82,82,82,82,82,82,82,82,92,92,92,92,92,92,92,92,92,92,92,92],"relics":["Ring of the Snake","Kunai","Strawberry","Vajra","Astrolabe","Ancient Tea Set","Oddly Smooth Stone","Pear","The Specimen","Red Mask","Ice Cream","Prayer Wheel"],"card_choices":[{"not_picked":["Sucker Punch","Bane"],"picked":"Deflect","floor":0},{"not_picked":["Masterful Stab","PiercingWail"],"picked":"Dagger Throw","floor":1},{"not_picked":["Bane","Heel Hook"],"picked":"Underhanded Strike","floor":2},{"not_picked":["Dodge and Roll","PiercingWail"],"picked":"After Image","floor":7},{"not_picked":["PiercingWail","Dagger Spray"],"picked":"Quick Slash","floor":10},{"not_picked":["PiercingWail","Prepared"],"picked":"Well Laid Plans","floor":11},{"not_picked":["Dagger Spray","Catalyst"],"picked":"Backstab","floor":13},{"not_picked":["Endless Agony","Skewer"],"picked":"Infinite Blades","floor":14},{"not_picked":["Tactician","Wraith Form"],"picked":"Burst","floor":16},{"not_picked":["Distraction","PiercingWail"],"picked":"Deadly Poison","floor":18},{"not_picked":["Deflect","Dagger Throw"],"picked":"Noxious Fumes","floor":19},{"not_picked":["Dagger Spray","Deflect"],"picked":"Blur","floor":21},{"not_picked":["Prepared","Poisoned Stab"],"picked":"Flying Knee","floor":24},{"not_picked":["Calculated Gamble","Outmaneuver"],"picked":"Doppelganger","floor":27},{"not_picked":["Sucker Punch","Deflect"],"picked":"Prepared","floor":29},{"not_picked":["Bullet Time","Night Terror"],"picked":"Envenom","floor":33},{"not_picked":["Dagger Throw","Well Laid Plans"],"picked":"Bane","floor":35},{"not_picked":["PiercingWail","Dodge and Roll"],"picked":"Endless Agony","floor":37},{"not_picked":["PiercingWail","Expertise"],"picked":"Distraction","floor":38},{"not_picked":["Riddle With Holes","Poisoned Stab"],"picked":"Deflect","floor":39},{"not_picked":["All Out Attack","Dagger Spray"],"picked":"Flechettes","floor":40}],"player_experience":29452,"potions_floor_usage":[10,10,11,21,21,24,29],"damage_taken":[{"damage":0,"enemies":"Cultist","floor":1,"turns":7},{"damage":0,"enemies":"Jaw Worm","floor":2,"turns":3},{"damage":52,"enemies":"Gremlin Nob","floor":7,"turns":7},{"damage":3,"enemies":"Lagavulin","floor":10,"turns":7},{"damage":1,"enemies":"2 Louse","floor":11,"turns":2},{"damage":7,"enemies":"Looter","floor":13,"turns":4},{"damage":1,"enemies":"2 Fungi Beasts","floor":14,"turns":4},{"damage":36,"enemies":"Slime Boss","floor":16,"turns":12},{"damage":10,"enemies":"3 Byrds","floor":18,"turns":6},{"damage":0,"enemies":"Shell Parasite","floor":19,"turns":6},{"damage":4,"enemies":"Cultist and Chosen","floor":21,"turns":5},{"damage":66,"enemies":"Gremlin Leader","floor":24,"turns":7},{"damage":0,"enemies":"Sentry and Sphere","floor":27,"turns":5},{"damage":17,"enemies":"Centurion and Healer","floor":29,"turns":5},{"damage":16,"enemies":"Automaton","floor":33,"turns":10},{"damage":40,"enemies":"3 Darklings","floor":35,"turns":7},{"damage":19,"enemies":"Mysterious Sphere","floor":37,"turns":7},{"damage":22,"enemies":"3 Shapes","floor":38,"turns":5},{"damage":7,"enemies":"Maw","floor":39,"turns":8},{"damage":0,"enemies":"Giant Head","floor":40,"turns":10},{"damage":5,"enemies":"3 Darklings","floor":41,"turns":2}],"event_choices":[{"event_name":"World of Goop","player_choice":"Gather Gold","floor":4,"damage_taken":0},{"event_name":"The Cleric","player_choice":"Healed","floor":5,"damage_taken":0},{"event_name":"Big Fish","player_choice":"Donut","floor":12,"damage_taken":0},{"event_name":"Back to Basics","player_choice":"Simplicity","floor":20,"damage_taken":0},{"event_name":"The Library","player_choice":"Read","floor":22,"damage_taken":0},{"event_name":"Vampires","player_choice":"Ignored","floor":28,"damage_taken":0},{"event_name":"Addict","player_choice":"Ignored","floor":31,"damage_taken":0},{"event_name":"Tomb of Lord Red Mask","player_choice":"Paid","floor":36,"damage_taken":0},{"event_name":"Mysterious Sphere","player_choice":"Fight","floor":37,"damage_taken":0}],"boss_relics":[{"not_picked":["Calling Bell","Philosopher\u0027s Stone"],"picked":"Astrolabe"},{"not_picked":["Question Card","Sozu"],"picked":"The Specimen"}],"potions_floor_spawned":[2,7,10,16,18,19,24,37],"seed_played":"1118191675658305141","killed_by":"3 Darklings","ascension_level":0,"is_trial":false}