{"gold_per_floor":[119,119,139,64,64,99,199,216,216,216,111,111,123,142,142,216,216,234,284,299,9,9,42,42,317,363,16,79,91,109,124,124,195,195,210,210,210,226,226,226,226],"floor_reached":41,"playtime":1854,"items_purged":["Defend_B","Regret"],"score":908,"play_id":"99820d82-58f7-4376-a7ec-9778987358a6","local_time":"20181011000750","is_ascension_mode":true,"campfire_choices":[{"data":"Dualcast","floor":10.0,"key":"SMITH"},{"data":"Zap","floor":12.0,"key":"SMITH"},{"data":"Defragment","floor":15.0,"key":"SMITH"},{"floor":24.0,"key":"REST"},{"floor":32.0,"key":"REST"},{"floor":40,"key":"REST"}],"neow_cost":"NONE","seed_source_timestamp":631897821556330,"circlet_count":0,"master_deck":["Defend_B","Defend_B","Zap+1","Dualcast+1","AscendersBane","Undo+1","Leap","Doom and Gloom","Melter","Conserve Battery+1","Steam+1","Defragment+1","Electrodynamics","Bite","Bite","Bite","Bite","Core Surge","Apotheosis+1","Stack+1","Coolheaded+1","Turbo+1","Sweeping Beam","Undo+1","Meteor Strike","Coolheaded+1","Hologram+1","Ball Lightning","FTL"],"special_seed":0,"relics":["Cracked Core","Calipers","Toxic Egg 2","Fusion Hammer","Kunai","Ice Cream","Vajra","Tiny Chest","Sozu"],"potions_floor_usage":[],"damage_taken":[{"damage":3.0,"enemies":"Small Slimes","floor":1.0,"turns":4.0},{"damage":0.0,"enemies":"Cultist","floor":3.0,"turns":4.0},{"damage":26.0,"enemies":"3 Sentries","floor":6.0,"turns":7.0},{"damage":2.0,"enemies":"Jaw Worm","floor":8.0,"turns":3.0},{"damage":6.0,"enemies":"Looter","floor":13.0,"turns":3.0},{"damage":0.0,"enemies":"Blue Slaver","floor":14.0,"turns":4.0},{"damage":12.0,"enemies":"Hexaghost","floor":16.0,"turns":9.0},{"damage":0.0,"enemies":"3 Byrds","floor":18.0,"turns":2.0},{"damage":8.0,"enemies":"Shell Parasite","floor":20.0,"turns":4.0},{"damage":36.0,"enemies":"Slavers","floor":23.0,"turns":4.0},{"damage":19.0,"enemies":"Gremlin Leader","floor":28.0,"turns":7.0},{"damage":8.0,"enemies":"Snecko","floor":29.0,"turns":5.0},{"damage":0.0,"enemies":"Centurion and Healer","floor":30.0,"turns":4.0},{"damage":2.0,"enemies":"Sentry and Sphere","floor":31.0,"turns":3.0},{"damage":3.0,"enemies":"Automaton","floor":33.0,"turns":10.0},{"damage":6.0,"enemies":"Orb Walker","floor":35.0,"turns":2.0},{"damage":13.0,"enemies":"3 Darklings","floor":38.0,"turns":5.0},{"damage":85,"enemies":"Giant Head","floor":41,"turns":8}],"seed_played":"-3207612811640726411","potions_obtained":[{"floor":1.0,"key":"Swift Potion"},{"floor":3.0,"key":"FocusPotion"},{"floor":16.0,"key":"EssenceOfSteel"},{"floor":28.0,"key":"EntropicBrew"},{"floor":33.0,"key":"Ancient Potion"}],"is_trial":false,"path_per_floor":["M","?","M","?","?","E","?","M","T","R","$","R","M","M","R","B",null,"M","?","M","$","?","E","R","?","T","$","E","M","M","M","R","B",null,"M","?","?","M","?","R"],"character_chosen":"DEFECT","items_purchased":["Conserve Battery+1","Kunai","Apotheosis+1","Stack+1"],"campfire_rested":3,"item_purchase_floors":[11,21,27,27],"current_hp_per_floor":[63,63,65,65,44,20,20,20,20,20,20,20,16,18,18,8,55,57,57,51,51,51,25,46,46,46,46,50,57,71,71,71,71,71,69,67,67,66,66,67,0],"gold":226,"neow_bonus":"RANDOM_COMMON_RELIC","is_prod":false,"is_daily":false,"chose_seed":false,"campfire_upgraded":3,"win_rate":0,"timestamp":1539230870,"path_taken":["M","?","M","?","?","E","?","M","T","R","$","R","M","M","R","BOSS","M","?","M","$","?","E","R","?","T","$","E","M","M","?","R","BOSS","M","?","?","M","?","R","E"],"build_version":"2018-10-04v2","purchased_purges":2,"victory":false,"max_hp_per_floor":[71,71,71,71,71,71,71,71,71,71,71,71,71,71,71,71,71,71,71,71,71,71,71,71,71,71,71,71,71,71,71,71,71,71,71,67,67,67,67,67,67],"card_choices":[{"not_picked":["Double Energy","Fusion"],"picked":"Undo","floor":1.0},{"not_picked":["Barrage","Hologram"],"picked":"Leap","floor":3.0},{"not_picked":["Compile Driver","Consume"],"picked":"Doom and Gloom","floor":6.0},{"not_picked":["Stack","Heatsinks"],"picked":"Melter","floor":8.0},{"not_picked":["Capacitor","Darkness+1"],"picked":"Steam+1","floor":13.0},{"not_picked":["Leap+1","Ball Lightning"],"picked":"Defragment","floor":14.0},{"not_picked":["Echo Form","All For One"],"picked":"Electrodynamics","floor":16.0},{"not_picked":["Redo+1","Capacitor","Force Field+1"],"picked":"SKIP","floor":18.0},{"not_picked":["Redo+1","Blizzard","Capacitor"],"picked":"SKIP","floor":20.0},{"not_picked":["Redo+1","White Noise+1"],"picked":"Core Surge","floor":23.0},{"not_picked":["Hello World","Electrodynamics"],"picked":"Coolheaded+1","floor":28.0},{"not_picked":["Compile Driver","Loop"],"picked":"Turbo+1","floor":29.0},{"not_picked":["Turbo+1","Barrage"],"picked":"Sweeping Beam","floor":30.0},{"not_picked":["Stack+1","FTL"],"picked":"Undo+1","floor":31.0},{"not_picked":["Rainbow+1","Machine Learning"],"picked":"Meteor Strike","floor":33.0},{"not_picked":["Stack+1","Compile Driver"],"picked":"Coolheaded+1","floor":35.0},{"not_picked":["Cold Snap+1","Genetic Algorithm+1"],"picked":"Hologram+1","floor":38.0}],"player_experience":947794,"relics_obtained":[{"floor":6.0,"key":"Calipers"},{"floor":9.0,"key":"Toxic Egg 2"},{"floor":23.0,"key":"Ice Cream"},{"floor":26.0,"key":"Vajra"},{"floor":28.0,"key":"Tiny Chest"}],"event_choices":[{"event_name":"Purifier","player_choice":"One Purge","floor":2.0,"damage_taken":0.0},{"event_name":"The Cleric","player_choice":"Card Removal","floor":4.0,"damage_taken":0.0},{"event_name":"Shining Light","player_choice":"Entered Light","floor":5.0,"damage_taken":0.0},{"event_name":"Wheel of Change","player_choice":"Gold","floor":7.0,"damage_taken":0.0},{"event_name":"The Joust","player_choice":"Bet on Murderer","floor":19.0,"damage_taken":0.0},{"event_name":"Vampires","player_choice":"Became a vampire (Vial)","floor":22.0,"damage_taken":0.0},{"event_name":"Golden Shrine","player_choice":"Desecrate","floor":25.0,"damage_taken":0.0},{"event_name":"Winding Halls","player_choice":"Max HP","floor":36.0,"damage_taken":0.0},{"event_name":"Falling","player_choice":"Removed Attack","floor":37.0,"damage_taken":0.0},{"event_name":"Match and Keep!","player_choice":"2 cards matched","floor":39,"damage_taken":0}],"is_beta":false,"boss_relics":[{"not_picked":["Eternal Feather","Empty Cage"],"picked":"Fusion Hammer"},{"not_picked":["Coffee Dripper","Orrery"],"picked":"Sozu"}],"items_purged_floors":[11,27],"is_endless":false,"potions_floor_spawned":[1,3,16,28,33,38],"killed_by":"Giant Head","ascension_level":20}