{"gold_per_floor":[117,127,202,212,225,252,252,280,280,280,304,304,243,274,274,345,345,360,360,377,302,302,302,316,333,407,407,440,440,454,42,42,116,116,134,134,147,147,147,147,180,180,180,212,227,227,256,83,83,83,83],"floor_reached":52,"playtime":2721,"items_purged":["Strike_R","Normality","Strike_R"],"score":2058,"play_id":"28e0faa3-6bbf-41ff-816a-e9bc348f1f82","local_time":"20180922144910","is_ascension_mode":true,"campfire_choices":[{"floor":7.0,"key":"REST"},{"data":"Demon Form","floor":10.0,"key":"SMITH"},{"floor":12.0,"key":"REST"},{"data":"Armaments","floor":15.0,"key":"SMITH"},{"data":"True Grit","floor":23.0,"key":"SMITH"},{"floor":27.0,"key":"REST"},{"data":"Limit Break","floor":29.0,"key":"SMITH"},{"floor":32.0,"key":"REST"},{"data":"1","floor":40.0,"key":"LIFT"},{"data":"2","floor":42.0,"key":"LIFT"},{"floor":46.0,"key":"REST"},{"floor":49.0,"key":"REST"}],"neow_cost":"NONE","seed_source_timestamp":795964724135397,"circlet_count":0,"master_deck":["Strike_R","Strike_R","Strike_R","Defend_R","Defend_R","Defend_R","Bash","AscendersBane","Shockwave","Thunderclap","Iron Wave","Shrug It Off","Demon Form+1","Shrug It Off","Armaments+1","Body Slam","Limit Break+1","Sword Boomerang","True Grit+1","Headbutt+1","Ghostly Armor+1","Metallicize+1","Offering","Dark Shackles","Offering","Inflame+1","Shrug It Off","Metallicize+1","Evolve+1"],"special_seed":0,"relics":["Burning Blood","PreservedInsect","Calipers","Singing Bowl","Mummified Hand","Odd Mushroom","Bag of Preparation","Cursed Key","Frozen Egg 2","Red Mask","Membership Card","Lantern","Mark of Pain","Girya","Red Skull","The Courier","Bottled Tornado"],"potions_floor_usage":[51,51],"damage_taken":[{"damage":4.0,"enemies":"Small Slimes","floor":1.0,"turns":3.0},{"damage":7.0,"enemies":"Jaw Worm","floor":2.0,"turns":5.0},{"damage":5.0,"enemies":"2 Louse","floor":4.0,"turns":5.0},{"damage":9.0,"enemies":"Exordium Wildlife","floor":5.0,"turns":6.0},{"damage":42.0,"enemies":"3 Sentries","floor":6.0,"turns":10.0},{"damage":10.0,"enemies":"Lagavulin","floor":8.0,"turns":6.0},{"damage":18.0,"enemies":"The Mushroom Lair","floor":11.0,"turns":3.0},{"damage":8.0,"enemies":"Gremlin Nob","floor":14.0,"turns":3.0},{"damage":37.0,"enemies":"The Guardian","floor":16.0,"turns":10.0},{"damage":20.0,"enemies":"3 Byrds","floor":18.0,"turns":7.0},{"damage":2.0,"enemies":"Shell Parasite","floor":20.0,"turns":6.0},{"damage":25.0,"enemies":"Sentry and Sphere","floor":24.0,"turns":7.0},{"damage":0.0,"enemies":"Snecko","floor":25.0,"turns":5.0},{"damage":10.0,"enemies":"Masked Bandits","floor":28.0,"turns":5.0},{"damage":26.0,"enemies":"3 Cultists","floor":30.0,"turns":6.0},{"damage":44.0,"enemies":"Automaton","floor":33.0,"turns":7.0},{"damage":21.0,"enemies":"3 Darklings","floor":35.0,"turns":7.0},{"damage":6.0,"enemies":"3 Shapes","floor":37.0,"turns":8.0},{"damage":6.0,"enemies":"Mind Bloom Boss Battle","floor":39.0,"turns":6.0},{"damage":6.0,"enemies":"2 Orb Walkers","floor":41.0,"turns":2.0},{"damage":12.0,"enemies":"Giant Head","floor":44.0,"turns":4.0},{"damage":22.0,"enemies":"3 Darklings","floor":45.0,"turns":3.0},{"damage":6.0,"enemies":"Nemesis","floor":47.0,"turns":3.0},{"damage":50,"enemies":"Time Eater","floor":50,"turns":10},{"damage":44,"enemies":"Awakened One","floor":51,"turns":7}],"seed_played":"641550099922891887","potions_obtained":[{"floor":4.0,"key":"Block Potion"},{"floor":6.0,"key":"Strength Potion"},{"floor":8.0,"key":"Strength Potion"},{"floor":16.0,"key":"SpeedPotion"},{"floor":18.0,"key":"EssenceOfSteel"},{"floor":25.0,"key":"SkillPotion"},{"floor":33.0,"key":"Explosive Potion"},{"floor":37.0,"key":"SteroidPotion"},{"floor":41.0,"key":"Strength Potion"},{"floor":45.0,"key":"SteroidPotion"}],"is_trial":false,"path_per_floor":["M","M","?","M","M","E","R","E","T","R","?","R","$","E","R","B",null,"M","?","M","$","?","R","M","M","T","R","?","R","M","$","R","B",null,"M","?","M","?","?","R","E","R","T","E","M","R","E","$","R","B","B"],"character_chosen":"IRONCLAD","items_purchased":["Armaments","Membership Card","Metallicize+1","Lantern","Strength Potion","Shrug It Off","Metallicize+1","Evolve+1"],"campfire_rested":6,"item_purchase_floors":[13,31,31,31,48,48,48,48],"current_hp_per_floor":[70,69,58,59,56,20,42,40,40,40,28,51,51,49,49,18,62,48,26,30,30,30,30,13,19,19,44,40,40,22,22,47,9,67,54,54,56,56,58,58,58,58,58,52,38,66,68,68,96,52,14],"gold":83,"neow_bonus":"RANDOM_COMMON_RELIC","is_prod":false,"is_daily":false,"chose_seed":false,"campfire_upgraded":4,"win_rate":0,"timestamp":1537642150,"path_taken":["M","M","?","M","M","E","R","E","T","R","?","R","$","E","R","BOSS","M","?","M","$","?","R","M","?","T","R","?","R","?","$","R","BOSS","M","?","M","?","?","R","E","R","T","E","M","R","E","?","R","BOSS","BOSS"],"build_version":"2018-09-20","purchased_purges":3,"victory":true,"max_hp_per_floor":[75,75,75,75,75,75,75,77,77,77,77,77,77,77,77,77,77,77,82,82,82,82,82,84,84,84,84,84,84,86,86,86,86,86,88,88,90,90,92,92,92,92,92,92,94,94,96,96,96,96,96],"card_choices":[{"not_picked":["Cleave","Intimidate"],"picked":"Shockwave","floor":1.0},{"not_picked":["Infernal Blade","Heavy Blade"],"picked":"Thunderclap","floor":2.0},{"not_picked":["Wild Strike","Second Wind"],"picked":"Iron Wave","floor":4.0},{"not_picked":["Clothesline","Perfected Strike"],"picked":"Shrug It Off","floor":5.0},{"not_picked":["Clash","Bludgeon"],"picked":"Demon Form","floor":6.0},{"not_picked":["Combust","Whirlwind","Power Through"],"picked":"Singing Bowl","floor":8.0},{"not_picked":["Perfected Strike","Anger"],"picked":"Shrug It Off","floor":11.0},{"not_picked":["Perfected Strike","Thunderclap"],"picked":"Body Slam","floor":14.0},{"not_picked":["Bludgeon","Immolate"],"picked":"Limit Break","floor":16.0},{"not_picked":["Fire Breathing","Perfected Strike"],"picked":"Sword Boomerang","floor":18.0},{"not_picked":["Hemokinesis","Body Slam"],"picked":"True Grit","floor":20.0},{"not_picked":["Bloodletting","Fire Breathing","Anger"],"picked":"Singing Bowl","floor":24.0},{"not_picked":["Battle Trance","Evolve"],"picked":"Headbutt+1","floor":25.0},{"not_picked":["Flex","Reckless Charge"],"picked":"Ghostly Armor+1","floor":28.0},{"not_picked":["Clash","Havoc","Twin Strike"],"picked":"Singing Bowl","floor":30.0},{"not_picked":["Brutality+1","Dark Embrace+1"],"picked":"Offering","floor":33.0},{"not_picked":["Armaments","Rage","Thunderclap"],"picked":"Singing Bowl","floor":35.0},{"not_picked":["Sword Boomerang","Thunderclap","Armaments+1"],"picked":"Singing Bowl","floor":37.0},{"not_picked":["Blind","Madness"],"picked":"Dark Shackles","floor":38.0},{"not_picked":["Anger","Pummel","Battle Trance"],"picked":"Singing Bowl","floor":39.0},{"not_picked":["Pommel Strike","Heavy Blade"],"picked":"Offering","floor":41.0},{"not_picked":["Ghostly Armor","Rampage"],"picked":"Inflame+1","floor":44.0},{"not_picked":["Dropkick","Heavy Blade","Inflame+1"],"picked":"Singing Bowl","floor":45.0},{"not_picked":["Warcry","Headbutt","Bludgeon"],"picked":"Singing Bowl","floor":47.0}],"player_experience":896964,"relics_obtained":[{"floor":6.0,"key":"Calipers"},{"floor":8.0,"key":"Singing Bowl"},{"floor":9.0,"key":"Mummified Hand"},{"floor":11.0,"key":"Odd Mushroom"},{"floor":14.0,"key":"Bag of Preparation"},{"floor":26.0,"key":"Frozen Egg 2"},{"floor":28.0,"key":"Red Mask"},{"floor":39.0,"key":"Girya"},{"floor":41.0,"key":"Red Skull"},{"floor":44.0,"key":"The Courier"},{"floor":47.0,"key":"Bottled Tornado"}],"event_choices":[{"event_name":"World of Goop","player_choice":"Gather Gold","floor":3.0,"damage_taken":0.0},{"event_name":"Mushrooms","player_choice":"Fought Mushrooms","floor":11.0,"damage_taken":0.0},{"event_name":"Forgotten Altar","player_choice":"Shed Blood","floor":19.0,"damage_taken":0.0},{"event_name":"N\u0027loth","player_choice":"Ignored","floor":22.0,"damage_taken":0.0},{"event_name":"Masked Bandits","player_choice":"Fought Bandits","floor":28.0,"damage_taken":0.0},{"event_name":"Falling","player_choice":"Removed Skill","floor":36.0,"damage_taken":0.0},{"event_name":"SensoryStone","player_choice":"Memory 1","floor":38.0,"damage_taken":0.0},{"event_name":"MindBloom","player_choice":"Fight","floor":39.0,"damage_taken":0.0}],"is_beta":false,"boss_relics":[{"not_picked":["Runic Cube","Philosopher\u0027s Stone"],"picked":"Cursed Key"},{"not_picked":["Calling Bell","Tiny House"],"picked":"Mark of Pain"}],"items_purged_floors":[21,31,48],"is_endless":false,"potions_floor_spawned":[4,6,8,16,18,25,33,37,41,45],"ascension_level":20}