{"gold_per_floor":[109,109,129,143,157,190,100,100,100,100],"floor_reached":10,"playtime":397,"items_purged":[],"score":136,"play_id":"5521ee1e-f7b8-4f07-b7fd-c6452f01d780","local_time":"20190317020530","is_ascension_mode":true,"campfire_choices":[{"data":"Malaise","floor":8,"key":"SMITH"}],"neow_cost":"TEN_PERCENT_HP_LOSS","seed_source_timestamp":337386787433670,"circlet_count":0,"master_deck":["AscendersBane","Defend_G","Defend_G","Defend_G","Defend_G","Defend_G","Strike_G","Strike_G","Strike_G","Strike_G","Strike_G","Survivor","Neutralize+1","Deadly Poison","Backflip","Malaise+1","Leg Sweep"],"relics":["Ring of the Snake","Tingsha","Nunchaku","Bird Faced Urn"],"potions_floor_usage":[6,6],"damage_taken":[{"damage":2,"enemies":"Jaw Worm","floor":1,"turns":5},{"damage":0,"enemies":"Cultist","floor":3,"turns":4},{"damage":5,"enemies":"Small Slimes","floor":4,"turns":5},{"damage":2,"enemies":"2 Fungi Beasts","floor":5,"turns":5},{"damage":14,"enemies":"Lagavulin","floor":6,"turns":7},{"damage":37,"enemies":"Gremlin Nob","floor":10,"turns":4}],"seed_played":"-4646565368392607712","potions_obtained":[{"floor":1,"key":"Poison Potion"},{"floor":4,"key":"GamblersBrew"},{"floor":5,"key":"SteroidPotion"}],"is_trial":false,"path_per_floor":["M","?","M","M","M","E","$","R","T","E"],"character_chosen":"THE_SILENT","items_purchased":["Leg Sweep"],"campfire_rested":0,"item_purchase_floors":[7],"current_hp_per_floor":[57,57,57,52,50,36,36,36,36,0],"gold":100,"neow_bonus":"ONE_RARE_RELIC","is_prod":false,"is_daily":false,"chose_seed":false,"campfire_upgraded":1,"win_rate":0,"timestamp":1552802730,"path_taken":["M","?","M","M","?","E","$","R","T","E"],"build_version":"2019-03-15","purchased_purges":0,"victory":false,"max_hp_per_floor":[60,60,60,60,60,60,60,60,60,60],"card_choices":[{"not_picked":["Acrobatics","Outmaneuver","Expertise"],"picked":"SKIP","floor":1},{"not_picked":["Riddle With Holes","Acrobatics"],"picked":"Deadly Poison","floor":3},{"not_picked":["Escape Plan","Heel Hook"],"picked":"Backflip","floor":4},{"not_picked":["Tactician","Slice","Outmaneuver"],"picked":"SKIP","floor":5},{"not_picked":["Concentrate","Acrobatics"],"picked":"Malaise","floor":6}],"player_experience":1120019,"relics_obtained":[{"floor":6,"key":"Nunchaku"},{"floor":9,"key":"Bird Faced Urn"}],"event_choices":[{"damage_healed":0,"gold_gain":0,"player_choice":"Upgraded","damage_taken":0,"max_hp_gain":0,"max_hp_loss":0,"event_name":"Upgrade Shrine","floor":2,"gold_loss":0,"cards_upgraded":["Neutralize"]}],"is_beta":true,"boss_relics":[],"items_purged_floors":[],"is_endless":false,"potions_floor_spawned":[1,4,5],"killed_by":"Gremlin Nob","ascension_level":20}