{"path_per_floor":["M","M","?","M","M","R","M","$","T","R","M","M","?","M","R"],"character_chosen":"DEFECT","items_purchased":["Matryoshka"],"gold_per_floor":[118,136,211,227,246,246,261,16,16,16,26,43,218,233,233,233],"floor_reached":16,"campfire_rested":0,"playtime":751,"current_hp_per_floor":[33,33,22,22,22,22,17,17,17,17,29,29,29,29,29,0],"items_purged":[],"gold":233,"score":96,"play_id":"165de60c-d7ca-45dc-9eb7-a46a994c03ab","local_time":"20180502135238","is_prod":false,"is_daily":false,"chose_seed":false,"is_ascension_mode":false,"campfire_upgraded":3,"timestamp":1525283558,"path_taken":["M","M","?","M","M","R","M","$","T","R","M","?","?","M","R","BOSS"],"build_version":"2018-04-26v2","seed_source_timestamp":6340799205211,"purchased_purges":0,"victory":false,"master_deck":["Strike_B","Strike_B","Strike_B","Strike_B","Defend_B","Defend_B","Defend_B","Defend_B","Zap","Dualcast","Rainbow+1","Double Energy+1","Glacier","Axe Kick","Cold Snap","Ball Lightning","Glacier","Genetic Algorithm+1","Doubt","Self Repair"],"max_hp_per_floor":[75,75,75,75,75,75,75,75,75,75,75,75,75,75,75,75],"relics":["Cracked Core","Matryoshka","Question Card","Vajra"],"card_choices":[{"not_picked":["Fusion","Seek"],"picked":"Rainbow","floor":0},{"not_picked":["Static Discharge","Storm"],"picked":"Double Energy","floor":1},{"not_picked":["Hologram","Steam Power"],"picked":"Glacier","floor":2},{"not_picked":["Stack","Barrage"],"picked":"Axe Kick","floor":4},{"not_picked":["Leap","Beam Cell"],"picked":"Cold Snap","floor":5},{"not_picked":["Heatsinks","Doom and Gloom"],"picked":"Ball Lightning","floor":7},{"not_picked":["Chaos","Hologram","Echo Form"],"picked":"Glacier","floor":11},{"not_picked":["Capacitor","Self Repair","Sweeping Beam"],"picked":"Genetic Algorithm","floor":12},{"not_picked":["Sweeping Beam","Skim","Barrage"],"picked":"Self Repair","floor":14}],"player_experience":80810,"potions_floor_usage":[5,11,16],"damage_taken":[{"damage":5,"enemies":"Small Slimes","floor":1,"turns":3},{"damage":0,"enemies":"2 Louse","floor":2,"turns":2},{"damage":0,"enemies":"Cultist","floor":4,"turns":4},{"damage":0,"enemies":"Looter","floor":5,"turns":3},{"damage":5,"enemies":"Blue Slaver","floor":7,"turns":3},{"damage":0,"enemies":"Red Slaver","floor":11,"turns":5},{"damage":0,"enemies":"Exordium Wildlife","floor":12,"turns":4},{"damage":0,"enemies":"Exordium Thugs","floor":14,"turns":4},{"damage":34,"enemies":"Hexaghost","floor":16,"turns":10}],"event_choices":[{"event_name":"World of Goop","player_choice":"Gather Gold","floor":3,"damage_taken":0},{"event_name":"Liars Game","player_choice":"agreed","floor":13,"damage_taken":0}],"boss_relics":[],"potions_floor_spawned":[1,2,4,7],"seed_played":"-5160422033663973418","killed_by":"Hexaghost","ascension_level":0,"is_trial":false}