{"gold_per_floor":[116,136,149,4,4,4,22,32,82,82,99,117,117,131,131,229,229,247,347,28,46,60,60,80,80,92,104],"floor_reached":27,"playtime":722,"items_purged":["Defend_R"],"score":209,"play_id":"15a06f77-8113-42a0-9699-fb21015b78f5","local_time":"20190129041601","is_ascension_mode":false,"campfire_choices":[{"data":"Rupture","floor":6,"key":"SMITH"},{"data":"Inflame","floor":10,"key":"SMITH"},{"floor":13,"key":"REST"},{"data":"Clothesline","floor":15,"key":"SMITH"},{"floor":23,"key":"REST"}],"neow_cost":"NONE","seed_source_timestamp":162914048539866,"circlet_count":0,"master_deck":["Strike_R","Strike_R","Strike_R","Strike_R","Strike_R","Defend_R","Defend_R","Defend_R","Bash","Rupture+1","Inflame+1","Combust","Clothesline+1","Demon Form","Armaments","Heavy Blade+1","Demon Form"],"relics":["Burning Blood","NeowsBlessing","Red Skull","Bronze Scales","Black Star","Medical Kit","MawBank","Turnip"],"potions_floor_usage":[7,7,16,16,16,24,27],"damage_taken":[{"damage":0,"enemies":"2 Louse","floor":1,"turns":1},{"damage":0,"enemies":"Cultist","floor":2,"turns":1},{"damage":0,"enemies":"Small Slimes","floor":3,"turns":1},{"damage":5,"enemies":"Exordium Thugs","floor":7,"turns":4},{"damage":16,"enemies":"Red Slaver","floor":8,"turns":3},{"damage":14,"enemies":"3 Louse","floor":11,"turns":3},{"damage":20,"enemies":"Looter","floor":12,"turns":3},{"damage":15,"enemies":"Gremlin Gang","floor":14,"turns":3},{"damage":46,"enemies":"The Guardian","floor":16,"turns":9},{"damage":30,"enemies":"Spheric Guardian","floor":18,"turns":4},{"damage":28,"enemies":"Chosen","floor":21,"turns":4},{"damage":27,"enemies":"Sentry and Sphere","floor":22,"turns":4},{"damage":21,"enemies":"Snake Plant","floor":24,"turns":2},{"damage":30,"enemies":"Snecko","floor":27,"turns":4}],"seed_played":"-8375657460825452618","potions_obtained":[{"floor":2,"key":"Poison Potion"},{"floor":3,"key":"SteroidPotion"},{"floor":7,"key":"Regen Potion"},{"floor":11,"key":"Weak Potion"},{"floor":14,"key":"Swift Potion"},{"floor":21,"key":"FearPotion"},{"floor":24,"key":"Poison Potion"}],"is_trial":false,"path_per_floor":["M","M","M","$","?","R","M","M","T","R","M","M","R","M","R","B",null,"M","?","$","M","M","R","M","T","T","M"],"character_chosen":"IRONCLAD","items_purchased":["Red Skull","Medical Kit","Armaments"],"campfire_rested":2,"item_purchase_floors":[4,20,20],"current_hp_per_floor":[80,80,80,80,80,80,80,70,70,70,62,48,72,63,63,38,80,56,56,56,34,13,37,22,22,22,0],"gold":104,"neow_bonus":"THREE_ENEMY_KILL","is_prod":false,"is_daily":false,"chose_seed":false,"campfire_upgraded":3,"win_rate":0,"timestamp":1548764161,"path_taken":["M","M","M","$","?","R","M","M","T","R","M","M","R","M","R","BOSS","M","?","?","?","M","R","M","?","T","M"],"build_version":"2019-01-23","purchased_purges":1,"victory":false,"max_hp_per_floor":[80,80,80,80,80,80,80,80,80,80,80,80,80,80,80,80,80,80,80,80,80,80,80,80,80,80,80],"card_choices":[{"not_picked":["Clash","Power Through","Infernal Blade"],"picked":"SKIP","floor":1},{"not_picked":["Iron Wave","Twin Strike"],"picked":"Rupture","floor":2},{"not_picked":["Body Slam","Wild Strike","Iron Wave"],"picked":"SKIP","floor":3},{"not_picked":["Blood for Blood","Wild Strike"],"picked":"Inflame","floor":7},{"not_picked":["True Grit","Rage"],"picked":"Combust","floor":8},{"not_picked":["Clash","Wild Strike","Havoc"],"picked":"SKIP","floor":11},{"not_picked":["Body Slam","Warcry","Dropkick"],"picked":"SKIP","floor":12},{"not_picked":["Sword Boomerang","Warcry"],"picked":"Clothesline","floor":14},{"not_picked":["Fiend Fire","Berserk"],"picked":"Demon Form","floor":16},{"not_picked":["Carnage","Wild Strike+1","Anger"],"picked":"SKIP","floor":18},{"not_picked":["Ghostly Armor+1","Perfected Strike"],"picked":"Heavy Blade+1","floor":21},{"not_picked":["Shrug It Off+1","Pummel+1","Wild Strike"],"picked":"SKIP","floor":22},{"not_picked":["Body Slam","Searing Blow"],"picked":"Demon Form","floor":24}],"player_experience":215776,"relics_obtained":[{"floor":9,"key":"Bronze Scales"},{"floor":25,"key":"MawBank"},{"floor":26,"key":"Turnip"}],"event_choices":[{"damage_healed":0,"gold_gain":0,"player_choice":"Ignored","damage_taken":0,"max_hp_gain":0,"max_hp_loss":0,"event_name":"Golden Wing","floor":5,"gold_loss":0},{"damage_healed":0,"gold_gain":100,"player_choice":"Pray","damage_taken":0,"max_hp_gain":0,"max_hp_loss":0,"event_name":"Golden Shrine","floor":19,"gold_loss":0}],"is_beta":false,"boss_relics":[{"not_picked":["Runic Cube","Velvet Choker"],"picked":"Black Star"}],"items_purged_floors":[20],"is_endless":false,"potions_floor_spawned":[2,3,7,11,14,21,24],"killed_by":"Snecko","ascension_level":0}