{"gold_per_floor":[169,169,319,319,335,369,369,388,412,412],"floor_reached":10,"playtime":393,"items_purged":[],"score":132,"play_id":"6dddd706-b7e8-48b6-a7c9-9c9d6f3df034","local_time":"20190325003927","is_ascension_mode":true,"campfire_choices":[{"floor":7,"key":"REST"}],"neow_cost":"NONE","seed_source_timestamp":1023399791065791,"circlet_count":0,"master_deck":["AscendersBane","Defend_G","Defend_G+1","Defend_G","Defend_G","Defend_G","Strike_G+1","Strike_G","Strike_G","Strike_G+1","Survivor","Neutralize","Leg Sweep","Doubt","Burst","Calculated Gamble","Dagger Spray","Backflip","Cloak And Dagger","Cloak And Dagger"],"special_seed":0,"relics":["Tiny House","Whetstone","Oddly Smooth Stone"],"potions_floor_usage":[6,6,10],"damage_taken":[{"damage":0.0,"enemies":"2 Louse","floor":1.0,"turns":4.0},{"damage":4,"enemies":"Small Slimes","floor":5,"turns":7},{"damage":49,"enemies":"Gremlin Nob","floor":6,"turns":6},{"damage":0,"enemies":"Cultist","floor":8,"turns":4},{"damage":25,"enemies":"3 Sentries","floor":10,"turns":6}],"seed_played":"5965043565682813588","potions_obtained":[{"floor":0.0,"key":"EntropicBrew"},{"floor":1.0,"key":"PowerPotion"},{"floor":5,"key":"Fire Potion"}],"is_trial":false,"path_per_floor":["M","?","?","?","M","E","R","M","T","E"],"character_chosen":"THE_SILENT","items_purchased":[],"campfire_rested":1,"item_purchase_floors":[],"current_hp_per_floor":[64,57,57,57,53,4,25,25,25,0],"gold":412,"neow_bonus":"BOSS_RELIC","is_prod":false,"is_daily":false,"chose_seed":false,"campfire_upgraded":0,"win_rate":0,"timestamp":1553488767,"path_taken":["M","?","?","?","M","E","R","M","T","E"],"build_version":"2019-03-15","purchased_purges":0,"victory":false,"max_hp_per_floor":[71,71,71,71,71,71,71,71,71,71],"card_choices":[{"not_picked":["Deflect","Skewer"],"picked":"Leg Sweep","floor":1.0},{"not_picked":["Choke","Dagger Spray"],"picked":"Backflip","floor":5},{"not_picked":["Terror","All Out Attack"],"picked":"Cloak And Dagger","floor":6},{"not_picked":["Poisoned Stab","Prepared"],"picked":"Cloak And Dagger","floor":8}],"player_experience":1253251,"relics_obtained":[{"floor":6,"key":"Whetstone"},{"floor":9,"key":"Oddly Smooth Stone"}],"event_choices":[{"cards_removed":["Strike_G"],"damage_healed":0.0,"max_hp_gain":0.0,"max_hp_loss":0.0,"gold_gain":0.0,"event_name":"Golden Wing","player_choice":"Card Removal","floor":2.0,"gold_loss":0.0,"damage_taken":7.0},{"damage_healed":0.0,"max_hp_gain":0.0,"max_hp_loss":0.0,"gold_gain":150.0,"event_name":"Liars Game","player_choice":"AGREE","floor":3.0,"gold_loss":0.0,"damage_taken":0.0,"cards_obtained":["Doubt"]},{"damage_healed":0,"gold_gain":0,"player_choice":"3 cards matched","damage_taken":0,"max_hp_gain":0,"max_hp_loss":0,"event_name":"Match and Keep!","floor":4,"gold_loss":0,"cards_obtained":["Burst","Calculated Gamble","Dagger Spray"]}],"is_beta":true,"boss_relics":[],"items_purged_floors":[],"is_endless":false,"potions_floor_spawned":[1,5],"killed_by":"3 Sentries","ascension_level":20}