{"gold_per_floor":[367,7,7,7,24,24,83,83,135,310,341,341,351,243,243,243],"floor_reached":16,"playtime":417,"items_purged":[],"score":96,"play_id":"6cb5879a-daff-4a14-bd4b-619bac4561ea","local_time":"20190207062638","is_ascension_mode":false,"campfire_choices":[{"data":"Perfected Strike","floor":6,"key":"SMITH"},{"data":"Clothesline","floor":8,"key":"SMITH"},{"data":"Limit Break","floor":12,"key":"SMITH"},{"floor":15,"key":"REST"}],"neow_cost":"CURSE","seed_source_timestamp":948715636744802,"circlet_count":0,"master_deck":["Strike_R","Strike_R","Strike_R","Strike_R","Strike_R","Defend_R","Defend_R+1","Defend_R","Defend_R+1","Bash","Perfected Strike+1","Clothesline+1","Doubt","Limit Break+1","Pommel Strike"],"relics":["Burning Blood","HandDrill","Regal Pillow","War Paint","Potion Belt","Mercury Hourglass","Dream Catcher"],"potions_floor_usage":[5,11],"damage_taken":[{"damage":2,"enemies":"Small Slimes","floor":1,"turns":4},{"damage":6,"enemies":"2 Louse","floor":5,"turns":2},{"damage":24,"enemies":"3 Sentries","floor":7,"turns":8},{"damage":21,"enemies":"Gremlin Nob","floor":11,"turns":4},{"damage":0,"enemies":"Cultist","floor":13,"turns":2},{"damage":80,"enemies":"Hexaghost","floor":16,"turns":9}],"seed_played":"-2629738867533755348","potions_obtained":[{"floor":1,"key":"Poison Potion"},{"floor":7,"key":"AttackPotion"}],"is_trial":false,"path_per_floor":["M","$","?","?","M","R","?","R","T","?","E","R","M","?","R","B"],"character_chosen":"IRONCLAD","items_purchased":["HandDrill","Regal Pillow"],"campfire_rested":1,"item_purchase_floors":[2,2],"current_hp_per_floor":[80,80,77,77,77,77,59,59,59,59,44,44,50,50,77,0],"gold":243,"neow_bonus":"TWO_FIFTY_GOLD","is_prod":false,"is_daily":false,"chose_seed":false,"campfire_upgraded":3,"win_rate":0,"timestamp":1549549598,"path_taken":["M","$","?","?","M","R","?","R","T","?","E","R","M","?","R","BOSS"],"build_version":"2019-01-23","purchased_purges":0,"victory":false,"max_hp_per_floor":[80,80,77,77,77,77,77,77,77,77,77,77,77,77,77,77],"card_choices":[{"not_picked":["Power Through","Metallicize"],"picked":"Perfected Strike","floor":1},{"not_picked":["Pummel","Dropkick"],"picked":"Clothesline","floor":5},{"not_picked":["Iron Wave","Heavy Blade"],"picked":"Limit Break","floor":11},{"not_picked":["True Grit","Sentinel"],"picked":"Pommel Strike","floor":13}],"player_experience":244871,"relics_obtained":[{"floor":9,"key":"Potion Belt"},{"floor":11,"key":"Mercury Hourglass"}],"event_choices":[{"cards_removed":["Parasite"],"damage_healed":0,"gold_gain":0,"player_choice":"Forget","damage_taken":0,"max_hp_gain":0,"max_hp_loss":0,"event_name":"Living Wall","floor":3,"gold_loss":0},{"damage_healed":0,"gold_gain":0,"player_choice":"Ignored","damage_taken":0,"max_hp_gain":0,"max_hp_loss":0,"event_name":"Golden Wing","floor":4,"gold_loss":0},{"damage_healed":0,"gold_gain":0,"player_choice":"Searched \u00272\u0027 times","damage_taken":0,"relics_obtained":["War Paint"],"max_hp_gain":0,"max_hp_loss":0,"event_name":"Dead Adventurer","floor":7,"gold_loss":0},{"damage_healed":0,"gold_gain":175,"player_choice":"AGREE","damage_taken":0,"max_hp_gain":0,"max_hp_loss":0,"event_name":"Liars Game","floor":10,"gold_loss":0,"cards_obtained":["Doubt"]},{"damage_healed":0,"gold_gain":0,"player_choice":"Paid Gold","damage_taken":0,"relics_obtained":["Dream Catcher"],"max_hp_gain":0,"max_hp_loss":0,"event_name":"WeMeetAgain","floor":14,"gold_loss":108}],"is_beta":false,"boss_relics":[],"items_purged_floors":[],"is_endless":false,"potions_floor_spawned":[1,7],"killed_by":"Hexaghost","ascension_level":0}