{"path_per_floor":["M","$","?","M","M","R","E","M","T","R","E","M","M","?","R","B",null,"M","?","?","M","M","E","T","$","T","M","R","?","M","E","R","B",null,"M","?","?","?","?","E","M","M","T","R","?","M","?","?","R","B"],"character_chosen":"IRONCLAD","items_purchased":["Shrug It Off","Panacea","Happy Flower","Inflame"],"gold_per_floor":[211,19,19,35,50,50,81,95,95,95,123,136,153,253,253,358,358,313,313,228,228,228,228,228,9,9,9,9,9,9,9,9,9,9,9,9,0,0,0,0,0,0,0,0,0,0,0,0,0,0],"floor_reached":51,"campfire_rested":0,"playtime":3585,"current_hp_per_floor":[76,76,73,79,80,80,66,66,66,66,44,49,48,48,48,46,80,80,65,65,67,71,76,76,76,76,80,80,64,68,70,70,72,94,94,84,84,84,84,68,62,56,56,56,56,49,49,97,97,88],"items_purged":["Defend_R"],"gold":0,"play_id":"9c800adc-1ac2-4a12-87b2-cf4cc45bfb38","is_prod":false,"is_daily":false,"campfire_rituals":0,"campfire_upgraded":4,"is_hardmode":false,"path_taken":["M","$","?","M","M","R","E","M","T","R","E","M","M","?","R","BOSS","M","?","?","M","?","E","?","$","T","M","R","?","M","E","R","BOSS","M","?","?","?","?","E","M","M","T","R","?","M","?","?","R","BOSS"],"build_version":"2018-01-18-PROD4","purchased_purges":1,"victory":true,"master_deck":["Strike_R","Strike_R","Strike_R","Strike_R","Strike_R","Defend_R","Bash","Dropkick","Shrug It Off","Panacea","Shrug It Off","Pommel Strike","Warcry","Intimidate","Headbutt","Intimidate","Offering","Headbutt","Pommel Strike","Feed","Heavy Blade","Inflame","Warcry","Swift Strike","Armaments","Reaper","Headbutt","Madness","Dual Wield","Twin Strike","Seeing Red","Inflame"],"max_hp_per_floor":[80,80,80,80,80,80,80,80,80,80,80,80,80,80,80,80,80,80,85,85,85,85,85,85,85,85,88,88,88,91,91,91,94,94,94,94,94,94,94,94,94,94,94,94,94,97,97,97,97,100],"relics":["Burning Blood","Centennial Puzzle","Lantern","Girya","Orichalcum","Ectoplasm","Ancient Tea Set","Pen Nib","Blood Vial","Happy Flower","Juzu Bracelet","Bottled Flame","Lizard Tail","Red Mask","Whetstone","Bag of Preparation"],"campfire_meditates":0,"card_choices":[{"not_picked":["Heavy Blade","True Grit"],"picked":"Dropkick"},{"not_picked":["Reckless Charge","Anger"],"picked":"Shrug It Off"},{"not_picked":["Warcry","Rage"],"picked":"Pommel Strike"},{"not_picked":["Rampage","Sever Soul"],"picked":"Warcry"},{"not_picked":["Thunderclap","Shrug It Off"],"picked":"Intimidate"},{"not_picked":["Pommel Strike","Thunderclap"],"picked":"Headbutt"},{"not_picked":["Cleave","Impervious"],"picked":"Intimidate"},{"not_picked":["Fiend Fire","Juggernaut"],"picked":"Offering"},{"not_picked":["Iron Wave","Cleave"],"picked":"Headbutt"},{"not_picked":["Sword Boomerang","Clothesline"],"picked":"Pommel Strike"},{"not_picked":["Pommel Strike","Dual Wield"],"picked":"Feed"},{"not_picked":["Clash","Clothesline"],"picked":"Heavy Blade"},{"not_picked":["Anger","Clash"],"picked":"Warcry"},{"not_picked":["Sever Soul","Twin Strike"],"picked":"Armaments"},{"not_picked":["Fiend Fire","Exhume"],"picked":"Reaper"},{"not_picked":["Armaments","Thunderclap"],"picked":"Headbutt"},{"not_picked":["Reaper","Reckless Charge"],"picked":"Dual Wield"},{"not_picked":["Evolve","Reckless Charge"],"picked":"Twin Strike"},{"not_picked":["Intimidate","Searing Blow"],"picked":"Seeing Red"},{"not_picked":["Clothesline","Havoc"],"picked":"Inflame"}],"player_experience":94287,"potions_floor_usage":[8,11,16,16,23,27,31,33,46,50],"damage_taken":[{"damage":10,"enemies":"Jaw Worm","floor":1,"turns":5},{"damage":0,"enemies":"Small Slimes","floor":4,"turns":3},{"damage":4,"enemies":"Blue Slaver","floor":5,"turns":3},{"damage":20,"enemies":"Gremlin Nob","floor":7,"turns":4},{"damage":6,"enemies":"Large Slime","floor":8,"turns":3},{"damage":28,"enemies":"Lagavulin","floor":11,"turns":6},{"damage":1,"enemies":"Red Slaver","floor":12,"turns":2},{"damage":7,"enemies":"Exordium Thugs","floor":13,"turns":4},{"damage":8,"enemies":"Hexaghost","floor":16,"turns":8},{"damage":6,"enemies":"2 Thieves","floor":18,"turns":3},{"damage":4,"enemies":"Chosen","floor":21,"turns":2},{"damage":2,"enemies":"Snake Plant","floor":22,"turns":3},{"damage":10,"enemies":"Book of Stabbing","floor":23,"turns":4},{"damage":7,"enemies":"Centurion and Healer","floor":27,"turns":3},{"damage":7,"enemies":"Chosen and Byrds","floor":30,"turns":4},{"damage":6,"enemies":"Slavers","floor":31,"turns":2},{"damage":9,"enemies":"Collector","floor":33,"turns":3},{"damage":6,"enemies":"Orb Walker","floor":35,"turns":2},{"damage":24,"enemies":"Nemesis","floor":40,"turns":4},{"damage":15,"enemies":"3 Darklings","floor":41,"turns":4},{"damage":24,"enemies":"Maw","floor":42,"turns":5},{"damage":36,"enemies":"4 Shapes","floor":46,"turns":4},{"damage":37,"enemies":"Donu and Deca","floor":50,"turns":6}],"event_choices":[{"event_name":"Scrap Ooze","player_choice":"success","floor":3,"damage_taken":3},{"event_name":"Golden Shrine","player_choice":"Pray","floor":14,"damage_taken":0},{"event_name":"Forgotten Altar","player_choice":"Shed Blood","floor":19,"damage_taken":0},{"event_name":"Addict","player_choice":"Obtained Relic","floor":20,"damage_taken":0},{"event_name":"Knowing Skull","player_choice":"CARD ","floor":29,"damage_taken":0},{"event_name":"Winding Halls","player_choice":"Embrace Madness","floor":36,"damage_taken":0},{"event_name":"Tomb of Lord Red Mask","player_choice":"Paid","floor":37,"damage_taken":0},{"event_name":"Purifier","player_choice":"One Purge","floor":38,"damage_taken":0},{"event_name":"Transmorgrifier","player_choice":"Transform","floor":45,"damage_taken":0},{"event_name":"The Lab","player_choice":"Got Potions","floor":47,"damage_taken":0},{"event_name":"Bonfire Elementals","player_choice":"UNCOMMON","floor":48,"damage_taken":0}],"boss_relics":[{"not_picked":["Black Blood","Tiny House"],"picked":"Ectoplasm"},{"not_picked":["Cursed Key","Snecko Eye"],"picked":"Lizard Tail"}],"potions_floor_spawned":[1,5,7,11,13,18,23,27,41],"seed_played":"2381195178767312245","is_trial":false}