{"gold_per_floor":[110,60,60,60,60,60,75,91,147,160,183,183,38,58,58,189,189,202,3,19,19,19],"floor_reached":22,"playtime":971,"items_purged":["Injury"],"score":176,"play_id":"e7dfdd16-e74f-4bd6-9ca7-d0ffea67db94","local_time":"20190127064559","is_ascension_mode":false,"campfire_choices":[{"data":"Neutralize","floor":6,"key":"SMITH"},{"floor":15,"key":"REST"}],"neow_cost":"NONE","seed_source_timestamp":837925675143616,"circlet_count":0,"master_deck":["Defend_G+1","Defend_G","Defend_G","Strike_G+1","Strike_G","Strike_G","Survivor","Neutralize+1","Cloak And Dagger","Grand Finale","Cloak And Dagger","Envenom","Storm of Steel"],"relics":["Ring of the Snake","NeowsBlessing","Bag of Preparation","Golden Idol","Tiny Chest","Empty Cage","Frozen Eye"],"potions_floor_usage":[11,16,16,22],"damage_taken":[{"damage":0,"enemies":"2 Louse","floor":1,"turns":1},{"damage":0,"enemies":"Jaw Worm","floor":7,"turns":1},{"damage":0,"enemies":"Small Slimes","floor":8,"turns":1},{"damage":0,"enemies":"Exordium Thugs","floor":10,"turns":2},{"damage":0,"enemies":"Large Slime","floor":11,"turns":3},{"damage":2,"enemies":"Exordium Wildlife","floor":14,"turns":5},{"damage":30,"enemies":"The Guardian","floor":16,"turns":10},{"damage":20,"enemies":"Shell Parasite","floor":18,"turns":7},{"damage":13,"enemies":"3 Byrds","floor":20,"turns":7},{"damage":37,"enemies":"Sentry and Sphere","floor":22,"turns":7}],"seed_played":"-1002044106705820460","potions_obtained":[{"floor":7,"key":"FearPotion"},{"floor":8,"key":"Fire Potion"},{"floor":10,"key":"Block Potion"},{"floor":20,"key":"PowerPotion"}],"is_trial":false,"path_per_floor":["M","?","?","?","?","R","M","M","T","M","M","?","$","M","R","B",null,"M","$","M","$","M"],"character_chosen":"THE_SILENT","items_purchased":["Envenom","Frozen Eye"],"campfire_rested":1,"item_purchase_floors":[13,19],"current_hp_per_floor":[70,70,52,52,52,52,52,52,52,52,52,38,38,36,57,27,70,50,50,37,37,0],"gold":19,"neow_bonus":"THREE_ENEMY_KILL","is_prod":false,"is_daily":false,"chose_seed":false,"campfire_upgraded":1,"win_rate":0,"timestamp":1548600359,"path_taken":["M","?","?","?","?","R","M","M","T","?","M","?","?","M","R","BOSS","M","$","M","$","M"],"build_version":"2019-01-23","purchased_purges":1,"victory":false,"max_hp_per_floor":[70,70,70,70,70,70,70,70,70,70,70,70,70,70,70,70,70,70,70,70,70,70],"card_choices":[{"not_picked":["Deadly Poison","Catalyst"],"picked":"Cloak And Dagger","floor":1},{"not_picked":["Backflip","Concentrate"],"picked":"Cloak And Dagger","floor":7},{"not_picked":["Acrobatics","Flechettes","Well Laid Plans"],"picked":"SKIP","floor":8},{"not_picked":["Bouncing Flask","Prepared","Dagger Spray"],"picked":"SKIP","floor":10},{"not_picked":["Underhanded Strike","Dagger Throw","Crippling Poison"],"picked":"SKIP","floor":11},{"not_picked":["Noxious Fumes","Deadly Poison","Backflip"],"picked":"SKIP","floor":14},{"not_picked":["Die Die Die","Burst"],"picked":"Storm of Steel","floor":16},{"not_picked":["PiercingWail+1","Dagger Spray","Slice"],"picked":"SKIP","floor":18},{"not_picked":["Acrobatics","Calculated Gamble","Choke"],"picked":"SKIP","floor":20}],"player_experience":195477,"relics_obtained":[{"floor":9,"key":"Tiny Chest"}],"event_choices":[{"cards_removed":["Strike_G"],"damage_healed":0,"gold_gain":0,"player_choice":"Card Removal","damage_taken":0,"max_hp_gain":0,"max_hp_loss":0,"event_name":"The Cleric","floor":2,"gold_loss":50},{"damage_healed":0,"gold_gain":0,"player_choice":"Success","damage_taken":18,"relics_obtained":["Bag of Preparation"],"max_hp_gain":0,"max_hp_loss":0,"event_name":"Scrap Ooze","floor":3,"gold_loss":0},{"damage_healed":0,"gold_gain":0,"player_choice":"Take Wound","damage_taken":0,"relics_obtained":["Golden Idol"],"max_hp_gain":0,"max_hp_loss":0,"event_name":"Golden Idol","floor":4,"gold_loss":0,"cards_obtained":["Injury"]},{"damage_healed":0,"gold_gain":0,"cards_transformed":["Defend_G"],"player_choice":"Transformed","damage_taken":0,"max_hp_gain":0,"max_hp_loss":0,"event_name":"Transmorgrifier","floor":5,"gold_loss":0,"cards_obtained":["Grand Finale"]},{"damage_healed":0,"gold_gain":0,"player_choice":"Entered Light","damage_taken":14,"max_hp_gain":0,"max_hp_loss":0,"event_name":"Shining Light","floor":12,"gold_loss":0,"cards_upgraded":["Defend_G","Strike_G"]}],"is_beta":false,"boss_relics":[{"not_picked":["HoveringKite","Ectoplasm"],"picked":"Empty Cage"}],"items_purged_floors":[13],"is_endless":false,"potions_floor_spawned":[7,8,10,20],"killed_by":"Sentry and Sphere","ascension_level":0}