{"gold_per_floor":[217,217,21,21,21,56,72,105,105,128,128,166,6,26,26,122,122,122,122,122,122,122,122,122,122,122,122,34,34,34,34,34,34,34,34,0,0,0,0,0,0,0,0,0,0,0,0,0,0,0,0,0,0,0,0,0],"floor_reached":57,"playtime":5364,"items_purged":["Strike_G"],"score":2858,"play_id":"95bc4ae3-1054-4d0b-b3ce-8169c9ad69f6","local_time":"20190225204142","is_ascension_mode":true,"campfire_choices":[{"floor":11.0,"key":"REST"},{"data":"Noxious Fumes","floor":15.0,"key":"SMITH"},{"floor":24.0,"key":"REST"},{"data":"Ghostly","floor":32.0,"key":"SMITH"},{"data":"Catalyst","floor":40.0,"key":"SMITH"},{"data":"Well Laid Plans","floor":42.0,"key":"SMITH"},{"data":"Night Terror","floor":46.0,"key":"SMITH"},{"floor":49.0,"key":"RECALL"},{"data":"Ghostly","floor":53.0,"key":"SMITH"}],"neow_cost":"NONE","seed_source_timestamp":0,"circlet_count":0,"master_deck":["AscendersBane","Survivor","Neutralize","Poisoned Stab","Noxious Fumes+1","Poisoned Stab","Glass Knife","Dash","Catalyst+1","Cloak And Dagger","Deadly Poison","Night Terror+1","Infinite Blades","Ghostly+1","Ghostly+1","Ghostly","RitualDagger","Envenom","Crippling Poison","Well Laid Plans+1","Escape Plan","Footwork","Noxious Fumes","Bouncing Flask","Escape Plan","Bouncing Flask","Finisher","Acrobatics","Cloak And Dagger","Acrobatics","Cloak And Dagger+1","Tools of the Trade","Adrenaline+1","Leg Sweep+1"],"special_seed":0,"relics":["Ring of the Snake","Bloody Idol","Thread and Needle","Kunai","Bird Faced Urn","Singing Bowl","Ectoplasm","Nunchaku","Sundial","Juzu Bracelet","Dodecahedron","Strawberry","Pear","Oddly Smooth Stone","Pandora\u0027s Box","Red Mask","Tingsha","Mango","Toxic Egg 2"],"potions_floor_usage":[56],"damage_taken":[{"damage":4.0,"enemies":"Small Slimes","floor":1.0,"turns":4.0},{"damage":12.0,"enemies":"Lagavulin","floor":6.0,"turns":6.0},{"damage":0.0,"enemies":"Jaw Worm","floor":7.0,"turns":3.0},{"damage":20.0,"enemies":"3 Sentries","floor":8.0,"turns":8.0},{"damage":0.0,"enemies":"2 Louse","floor":10.0,"turns":2.0},{"damage":19.0,"enemies":"Gremlin Nob","floor":12.0,"turns":4.0},{"damage":4.0,"enemies":"Large Slime","floor":14.0,"turns":6.0},{"damage":0.0,"enemies":"The Guardian","floor":16.0,"turns":7.0},{"damage":4.0,"enemies":"Spheric Guardian","floor":18.0,"turns":5.0},{"damage":16.0,"enemies":"Colosseum Slavers","floor":19.0,"turns":5.0},{"damage":4.0,"enemies":"Colosseum Nobs","floor":19.0,"turns":6.0},{"damage":22.0,"enemies":"Book of Stabbing","floor":23.0,"turns":7.0},{"damage":0.0,"enemies":"3 Byrds","floor":25.0,"turns":6.0},{"damage":7.0,"enemies":"Slavers","floor":27.0,"turns":6.0},{"damage":29.0,"enemies":"Book of Stabbing","floor":30.0,"turns":4.0},{"damage":0.0,"enemies":"Centurion and Healer","floor":31.0,"turns":8.0},{"damage":0.0,"enemies":"Automaton","floor":33.0,"turns":8.0},{"damage":11.0,"enemies":"3 Darklings","floor":35.0,"turns":5.0},{"damage":41.0,"enemies":"2 Orb Walkers","floor":37.0,"turns":6.0},{"damage":0.0,"enemies":"Orb Walker","floor":39.0,"turns":4.0},{"damage":0.0,"enemies":"4 Shapes","floor":41.0,"turns":9.0},{"damage":2.0,"enemies":"Mind Bloom Boss Battle","floor":44.0,"turns":4.0},{"damage":18.0,"enemies":"Maw","floor":45.0,"turns":5.0},{"damage":13.0,"enemies":"Spire Growth","floor":47.0,"turns":5.0},{"damage":6.0,"enemies":"Reptomancer","floor":48.0,"turns":7.0},{"damage":35.0,"enemies":"Awakened One","floor":50.0,"turns":10.0},{"damage":23.0,"enemies":"Time Eater","floor":51.0,"turns":6.0},{"damage":12.0,"enemies":"Shield and Spear","floor":55.0,"turns":9.0},{"damage":73,"enemies":"The Heart","floor":56,"turns":10}],"seed_played":"3982758888417699882","potions_obtained":[{"floor":1.0,"key":"Swift Potion"},{"floor":6.0,"key":"Fire Potion"},{"floor":14.0,"key":"Fire Potion"},{"floor":19.0,"key":"EntropicBrew"},{"floor":27.0,"key":"PowerPotion"},{"floor":35.0,"key":"SteroidPotion"},{"floor":41.0,"key":"GhostInAJar"},{"floor":45.0,"key":"SkillPotion"}],"is_trial":false,"path_per_floor":["M","?","$","?","?","E","M","E","T","M","R","E","$","M","R","B",null,"M","?","?","?","?","E","R","M","T","E","$","T","E","M","R","B",null,"M","?","?","?","M","R","M","R","T","?","M","R","M","E","R","B","B",null,"R","$","E","B",null],"character_chosen":"THE_SILENT","items_purchased":["Noxious Fumes","Poison Potion","Poisoned Stab","Regen Potion","Well Laid Plans"],"campfire_rested":2,"item_purchase_floors":[3,3,3,13,28],"current_hp_per_floor":[55,48,48,48,48,36,36,16,16,18,36,19,19,17,17,19,50,50,49,31,31,25,7,16,20,20,28,28,38,19,27,27,39,50,51,51,24,24,30,30,44,44,44,60,48,48,47,55,55,32,19,60,60,60,62,3],"gold":0,"neow_bonus":"HUNDRED_GOLD","is_prod":false,"is_daily":false,"chose_seed":false,"campfire_upgraded":6,"win_rate":0,"timestamp":1551145302,"path_taken":["M","?","$","?","?","E","M","E","T","M","R","E","$","M","R","BOSS","M","?","?","?","?","E","R","M","T","E","$","?","E","M","R","BOSS","BOSS","M","?","?","?","M","R","M","R","T","?","M","R","M","E","R","BOSS","BOSS","R","$","E","BOSS"],"build_version":"2019-01-23","purchased_purges":1,"victory":true,"max_hp_per_floor":[66,66,66,60,60,60,60,60,60,60,60,60,60,60,60,60,60,62,62,31,31,31,31,31,31,31,40,40,50,52,52,52,54,54,56,56,58,55,57,57,57,57,57,71,71,71,73,73,73,73,73,73,73,73,73,73],"card_choices":[{"not_picked":["Finisher","Deadly Poison"],"picked":"Poisoned Stab","floor":1.0},{"not_picked":["Blade Dance","Dagger Throw"],"picked":"Glass Knife","floor":6.0},{"not_picked":["Underhanded Strike","Prepared"],"picked":"Dash","floor":7.0},{"not_picked":["Sucker Punch","Doppelganger"],"picked":"Catalyst","floor":8.0},{"not_picked":["Accuracy","Deadly Poison","Eviscerate"],"picked":"SKIP","floor":10.0},{"not_picked":["Underhanded Strike","Outmaneuver"],"picked":"Cloak And Dagger","floor":12.0},{"not_picked":["Slice","Backflip"],"picked":"Deadly Poison","floor":14.0},{"not_picked":["Storm of Steel","Grand Finale"],"picked":"Night Terror","floor":16.0},{"not_picked":["Expertise","Blade Dance","Bane"],"picked":"Singing Bowl","floor":18.0},{"not_picked":["Deflect","Prepared"],"picked":"Infinite Blades","floor":19.0},{"not_picked":["Catalyst","Deflect"],"picked":"Envenom","floor":23.0},{"not_picked":["Masterful Stab","Cloak And Dagger"],"picked":"Crippling Poison","floor":25.0},{"not_picked":["Expertise","Underhanded Strike","Tactician"],"picked":"Singing Bowl","floor":27.0},{"not_picked":["Terror","Choke","Slice+1"],"picked":"Singing Bowl","floor":30.0},{"not_picked":["Sucker Punch","Heel Hook"],"picked":"Escape Plan","floor":31.0},{"not_picked":["Die Die Die","Phantasmal Killer","Storm of Steel"],"picked":"Singing Bowl","floor":33.0},{"not_picked":["Dash","Underhanded Strike","Deadly Poison"],"picked":"Singing Bowl","floor":35.0},{"not_picked":["Deadly Poison+1","Quick Slash","Bouncing Flask"],"picked":"Singing Bowl","floor":37.0},{"not_picked":["Infinite Blades","Riddle With Holes+1","Cloak And Dagger"],"picked":"Singing Bowl","floor":39.0},{"not_picked":["Infinite Blades","Reflex"],"picked":"Acrobatics","floor":41.0},{"not_picked":["Dagger Spray","Flechettes"],"picked":"Cloak And Dagger+1","floor":44.0},{"not_picked":["Dagger Spray","Deflect"],"picked":"Tools of the Trade","floor":45.0},{"not_picked":["Blade Dance","Cloak And Dagger","Bane+1"],"picked":"Singing Bowl","floor":47.0},{"not_picked":["Backflip","Riddle With Holes"],"picked":"Adrenaline","floor":48.0},{"not_picked":["Slice","Deadly Poison+1"],"picked":"Leg Sweep+1","floor":55.0}],"player_experience":602917,"relics_obtained":[{"floor":6.0,"key":"Thread and Needle"},{"floor":8.0,"key":"Kunai"},{"floor":9.0,"key":"Bird Faced Urn"},{"floor":12.0,"key":"Singing Bowl"},{"floor":19.0,"key":"Nunchaku"},{"floor":19.0,"key":"Sundial"},{"floor":23.0,"key":"Juzu Bracelet"},{"floor":26.0,"key":"Dodecahedron"},{"floor":27.0,"key":"Strawberry"},{"floor":29.0,"key":"Pear"},{"floor":30.0,"key":"Oddly Smooth Stone"},{"floor":37.0,"key":"Tingsha"},{"floor":44.0,"key":"Mango"},{"floor":48.0,"key":"Toxic Egg 2"}],"event_choices":[{"cards_removed":["Strike_G"],"damage_healed":0.0,"max_hp_gain":0.0,"max_hp_loss":0.0,"gold_gain":0.0,"event_name":"Golden Wing","player_choice":"Card Removal","floor":2.0,"gold_loss":0.0,"damage_taken":7.0},{"damage_healed":0.0,"max_hp_gain":0.0,"max_hp_loss":6.0,"gold_gain":0.0,"event_name":"Golden Idol","player_choice":"Lose Max HP","floor":4.0,"gold_loss":0.0,"damage_taken":0.0,"relics_obtained":["Golden Idol"]},{"damage_healed":0.0,"max_hp_gain":0.0,"max_hp_loss":0.0,"gold_gain":0.0,"event_name":"The Cleric","player_choice":"Leave","floor":5.0,"gold_loss":0.0,"damage_taken":0.0},{"damage_healed":0.0,"max_hp_gain":0.0,"max_hp_loss":0.0,"gold_gain":0.0,"event_name":"Colosseum","player_choice":"Fight","floor":19.0,"gold_loss":0.0,"damage_taken":0.0},{"damage_healed":0.0,"max_hp_gain":0.0,"max_hp_loss":0.0,"gold_gain":0.0,"event_name":"Colosseum","player_choice":"Fought Nobs","floor":19.0,"gold_loss":0.0,"damage_taken":0.0},{"damage_healed":0.0,"max_hp_gain":0.0,"max_hp_loss":31.0,"gold_gain":0.0,"event_name":"Ghosts","player_choice":"Became a Ghost","floor":20.0,"gold_loss":0.0,"damage_taken":0.0,"cards_obtained":["Ghostly","Ghostly","Ghostly"]},{"damage_healed":0.0,"max_hp_gain":0.0,"max_hp_loss":0.0,"gold_gain":0.0,"event_name":"Forgotten Altar","player_choice":"Gave Idol","floor":21.0,"relics_lost":["Golden Idol"],"gold_loss":0.0,"damage_taken":0.0,"relics_obtained":["Bloody Idol"]},{"damage_healed":0.0,"max_hp_gain":0.0,"max_hp_loss":0.0,"gold_gain":0.0,"event_name":"Nest","player_choice":"Joined the Cult","floor":22.0,"gold_loss":0.0,"damage_taken":6.0,"cards_obtained":["RitualDagger"]},{"damage_healed":0.0,"max_hp_gain":0.0,"max_hp_loss":0.0,"gold_gain":0.0,"event_name":"Tomb of Lord Red Mask","player_choice":"Paid","floor":36.0,"gold_loss":34.0,"damage_taken":0.0,"relics_obtained":["Red Mask"]},{"damage_healed":0.0,"max_hp_gain":0.0,"max_hp_loss":0.0,"gold_gain":0.0,"event_name":"Mysterious Sphere","player_choice":"Fight","floor":37.0,"gold_loss":0.0,"damage_taken":0.0},{"damage_healed":0.0,"max_hp_gain":0.0,"max_hp_loss":3.0,"gold_gain":0.0,"event_name":"Winding Halls","player_choice":"Max HP","floor":38.0,"gold_loss":0.0,"damage_taken":0.0},{"damage_healed":0.0,"max_hp_gain":0.0,"max_hp_loss":0.0,"gold_gain":0.0,"event_name":"MindBloom","player_choice":"Fight","floor":44.0,"gold_loss":0.0,"damage_taken":0.0}],"is_beta":false,"boss_relics":[{"not_picked":["Black Star","Runic Dome"],"picked":"Ectoplasm"},{"not_picked":["Busted Crown","Ring of the Serpent"],"picked":"Pandora\u0027s Box"}],"items_purged_floors":[13],"is_endless":false,"potions_floor_spawned":[1,6,14,16,19,19,25,27,35,41,45,48],"ascension_level":20}