{"gold_per_floor":[109,109,34,34,47,72,91,91,91,110,135,135,22,43,43,171,171,196,43,43,61,61,100,119,158,185,185,223,243,277,277],"floor_reached":31,"playtime":2670,"items_purged":["Strike_B"],"score":344,"play_id":"253b5137-90c3-4764-97de-ffa5e4993235","local_time":"20190318213521","is_ascension_mode":true,"campfire_choices":[{"data":"Zap","floor":8,"key":"SMITH"},{"floor":15,"key":"REST"},{"floor":27,"key":"REST"}],"neow_cost":"NONE","seed_source_timestamp":19638451342300,"circlet_count":0,"master_deck":["Strike_B+1","Strike_B","Strike_B","Defend_B","Defend_B","Defend_B+1","Defend_B","Zap+1","Dualcast","Leap","Ball Lightning","Steam","Electrodynamics","Cold Snap","Beam Cell","Steam","Capacitor","Conserve Battery","Echo Form","Conserve Battery+1","Echo Form","Genetic Algorithm","Barrage","Trip","Hologram","Auto Shields","Storm","Aggregate"],"relics":["Cracked Core","Pen Nib","Mummified Hand","Question Card","Thread and Needle","Golden Idol","Busted Crown","Art of War","Du-Vu Doll","Blood Vial","PreservedInsect","Dodecahedron","Red Mask"],"potions_floor_usage":[28,30,31],"damage_taken":[{"damage":3,"enemies":"Small Slimes","floor":1,"turns":2},{"damage":2,"enemies":"2 Louse","floor":5,"turns":2},{"damage":13,"enemies":"Lagavulin","floor":6,"turns":7},{"damage":3,"enemies":"Jaw Worm","floor":7,"turns":2},{"damage":4,"enemies":"Exordium Wildlife","floor":10,"turns":3},{"damage":0,"enemies":"Gremlin Nob","floor":11,"turns":3},{"damage":0,"enemies":"Blue Slaver","floor":14,"turns":2},{"damage":1,"enemies":"Slime Boss","floor":16,"turns":7},{"damage":9,"enemies":"Spheric Guardian","floor":18,"turns":5},{"damage":0,"enemies":"Shell Parasite","floor":21,"turns":6},{"damage":21,"enemies":"Book of Stabbing","floor":23,"turns":7},{"damage":4,"enemies":"Snecko","floor":24,"turns":7},{"damage":34,"enemies":"Gremlin Leader","floor":25,"turns":8},{"damage":6,"enemies":"Slavers","floor":28,"turns":3},{"damage":0,"enemies":"Chosen and Byrds","floor":29,"turns":4},{"damage":21,"enemies":"Masked Bandits","floor":30,"turns":6},{"damage":19,"enemies":"Snake Plant","floor":31,"turns":3}],"seed_played":"4246550944279610630","potions_obtained":[{"floor":6,"key":"LiquidBronze"},{"floor":10,"key":"Block Potion"},{"floor":11,"key":"AttackPotion"},{"floor":16,"key":"PowerPotion"}],"is_trial":false,"path_per_floor":["M","?","$","?","M","E","M","R","T","M","E","?","$","M","R","B",null,"M","$","?","M","?","E","M","E","T","R","E","M","?","M"],"character_chosen":"DEFECT","items_purchased":["Steam","Capacitor","Art of War"],"campfire_rested":2,"item_purchase_floors":[13,13,19],"current_hp_per_floor":[72,57,57,62,60,47,44,44,44,40,40,20,20,20,44,43,80,71,71,71,71,71,50,46,12,12,36,32,34,15,0],"gold":277,"neow_bonus":"RANDOM_COMMON_RELIC","is_prod":false,"is_daily":false,"chose_seed":false,"campfire_upgraded":1,"win_rate":1,"timestamp":1552925121,"path_taken":["M","?","$","?","M","E","M","R","T","M","E","?","?","?","R","BOSS","M","$","?","?","?","E","M","E","T","R","E","?","?","M"],"build_version":"2019-01-23","purchased_purges":1,"victory":false,"max_hp_per_floor":[75,75,75,80,80,80,80,80,80,80,80,80,80,80,80,80,80,80,80,80,80,80,80,80,80,80,80,80,80,80,80],"card_choices":[{"not_picked":["Turbo","Storm"],"picked":"Leap","floor":1},{"not_picked":["Leap","Rebound"],"picked":"Ball Lightning","floor":5},{"not_picked":["Sweeping Beam","Skim"],"picked":"Steam","floor":6},{"not_picked":["Rebound","Doom and Gloom"],"picked":"Electrodynamics","floor":7},{"not_picked":["Compile Driver","Leap","Fusion"],"picked":"Cold Snap","floor":10},{"not_picked":["Ball Lightning","Hologram","Cold Snap"],"picked":"Beam Cell","floor":11},{"not_picked":["Redo","Lockon","Turbo"],"picked":"Conserve Battery","floor":14},{"not_picked":["Hyperbeam","Multi-Cast","Machine Learning"],"picked":"Echo Form","floor":16},{"not_picked":["Barrage"],"picked":"Conserve Battery+1","floor":18},{"not_picked":["Conserve Battery+1"],"picked":"Genetic Algorithm","floor":21},{"not_picked":["Gash","Capacitor"],"picked":"SKIP","floor":23},{"not_picked":["Steam"],"picked":"Hologram","floor":24},{"not_picked":["Leap"],"picked":"Auto Shields","floor":25},{"not_picked":["Sweeping Beam+1"],"picked":"Storm","floor":28},{"not_picked":["Turbo"],"picked":"Aggregate","floor":29}],"player_experience":51570,"relics_obtained":[{"floor":6,"key":"Mummified Hand"},{"floor":9,"key":"Question Card"},{"floor":11,"key":"Thread and Needle"},{"floor":23,"key":"Du-Vu Doll"},{"floor":25,"key":"Blood Vial"},{"floor":26,"key":"PreservedInsect"},{"floor":28,"key":"Dodecahedron"},{"floor":30,"key":"Red Mask"}],"event_choices":[{"damage_healed":0,"gold_gain":0,"player_choice":"Entered Light","damage_taken":15,"max_hp_gain":0,"max_hp_loss":0,"event_name":"Shining Light","floor":2,"gold_loss":0,"cards_upgraded":["Strike_B","Defend_B"]},{"damage_healed":0,"gold_gain":0,"player_choice":"Donut","damage_taken":0,"max_hp_gain":5,"max_hp_loss":0,"event_name":"Big Fish","floor":4,"gold_loss":0},{"damage_healed":0,"gold_gain":0,"player_choice":"Take Damage","damage_taken":20,"relics_obtained":["Golden Idol"],"max_hp_gain":0,"max_hp_loss":0,"event_name":"Golden Idol","floor":12,"gold_loss":0},{"damage_healed":0,"gold_gain":0,"player_choice":"Copied","damage_taken":0,"max_hp_gain":0,"max_hp_loss":0,"event_name":"Duplicator","floor":20,"gold_loss":0,"cards_obtained":["Echo Form"]},{"damage_healed":0,"gold_gain":0,"player_choice":"2 cards matched","damage_taken":0,"max_hp_gain":0,"max_hp_loss":0,"event_name":"Match and Keep!","floor":22,"gold_loss":0,"cards_obtained":["Barrage","Trip"]},{"damage_healed":0,"gold_gain":0,"player_choice":"Fought Bandits","damage_taken":0,"max_hp_gain":0,"max_hp_loss":0,"event_name":"Masked Bandits","floor":30,"gold_loss":0}],"is_beta":false,"boss_relics":[{"not_picked":["Pandora\u0027s Box","Astrolabe"],"picked":"Busted Crown"}],"items_purged_floors":[3],"is_endless":false,"potions_floor_spawned":[6,10,11,14,16,21,24,25],"killed_by":"Snake Plant","ascension_level":1}