{"gold_per_floor":[13,13,29,40,40,69,69,79,79,26,59,59,84,119,119,197,197,214,139,154,154,54,54,54,82,82,82,117,117,117,134,134,208,208,218,263,263],"floor_reached":37,"playtime":1766,"items_purged":["Strike_B","Strike_B"],"score":842,"play_id":"60c35de1-ae98-4436-9d92-72995aa2d85c","local_time":"20181027155309","is_ascension_mode":true,"campfire_choices":[{"floor":7.0,"key":"REST"},{"floor":12.0,"key":"REST"},{"data":"Go for the Eyes","floor":15.0,"key":"SMITH"},{"data":"Streamline","floor":23.0,"key":"SMITH"},{"floor":27.0,"key":"REST"},{"floor":29,"key":"REST"},{"floor":32,"key":"REST"}],"neow_cost":"NO_GOLD","seed_source_timestamp":1371002396383977,"circlet_count":0,"master_deck":["Strike_B","Strike_B","Defend_B","Defend_B","Defend_B+1","Defend_B","Zap","Dualcast","AscendersBane","BootSequence+1","Doom and Gloom","Streamline+1","Auto Shields","Sunder+1","Go for the Eyes+1","All For One","Echo Form","Necronomicurse","Capacitor","Sweeping Beam+1","Electrodynamics","Conserve Battery","Coolheaded+1"],"special_seed":0,"relics":["Cracked Core","Ice Cream","Unceasing Top","Darkstone Periapt","Sundial","Odd Mushroom","Matryoshka","Nuclear Battery","Necronomicon","Dream Catcher","Molten Egg 2","Bottled Tornado","DataDisk","Runic Pyramid","Peace Pipe"],"potions_floor_usage":[31,36],"damage_taken":[{"damage":7.0,"enemies":"Jaw Worm","floor":1.0,"turns":2.0},{"damage":0.0,"enemies":"Small Slimes","floor":3.0,"turns":2.0},{"damage":2.0,"enemies":"Cultist","floor":4.0,"turns":4.0},{"damage":22.0,"enemies":"3 Sentries","floor":6.0,"turns":5.0},{"damage":5.0,"enemies":"3 Louse","floor":8.0,"turns":3.0},{"damage":25.0,"enemies":"Gremlin Nob","floor":11.0,"turns":4.0},{"damage":4.0,"enemies":"The Mushroom Lair","floor":13.0,"turns":3.0},{"damage":6.0,"enemies":"Lagavulin","floor":14.0,"turns":6.0},{"damage":11.0,"enemies":"Slime Boss","floor":16.0,"turns":6.0},{"damage":1.0,"enemies":"Chosen","floor":18.0,"turns":6.0},{"damage":11.0,"enemies":"3 Byrds","floor":20.0,"turns":5.0},{"damage":24.0,"enemies":"Gremlin Leader","floor":25.0,"turns":4.0},{"damage":27,"enemies":"Slavers","floor":28,"turns":4},{"damage":11,"enemies":"Sentry and Sphere","floor":31,"turns":4},{"damage":50,"enemies":"Collector","floor":33,"turns":9},{"damage":7,"enemies":"3 Shapes","floor":35,"turns":2},{"damage":27,"enemies":"2 Orb Walkers","floor":36,"turns":4},{"damage":31,"enemies":"3 Darklings","floor":37,"turns":2}],"seed_played":"7540234208886784135","potions_obtained":[{"floor":1.0,"key":"PowerPotion"},{"floor":3.0,"key":"Fruit Juice"},{"floor":8.0,"key":"SkillPotion"},{"floor":11.0,"key":"Regen Potion"},{"floor":14.0,"key":"Dexterity Potion"},{"floor":25.0,"key":"FocusPotion"},{"floor":28,"key":"Regen Potion"},{"floor":31,"key":"Explosive Potion"}],"is_trial":false,"path_per_floor":["M","?","M","M","?","E","R","M","T","$","E","R","?","E","R","B",null,"M","$","M","?","$","R","?","E","T","R","E","R","$","M","R","B",null,"M","?"],"character_chosen":"DEFECT","items_purchased":["Explosive Potion"],"campfire_rested":5,"item_purchase_floors":[10],"current_hp_per_floor":[57,57,57,55,34,12,33,28,28,33,8,30,35,29,29,18,62,61,61,50,50,50,50,35,11,11,35,8,32,32,33,57,7,63,56,29,0],"gold":263,"neow_bonus":"ONE_RARE_RELIC","is_prod":false,"is_daily":false,"chose_seed":false,"campfire_upgraded":2,"win_rate":0,"timestamp":1540669989,"path_taken":["M","?","M","M","?","E","R","M","T","?","E","R","?","E","R","BOSS","M","$","?","?","$","R","?","E","T","R","E","R","$","M","R","BOSS","M","?","?"],"build_version":"2018-10-25v2","purchased_purges":2,"victory":false,"max_hp_per_floor":[71,71,71,71,71,71,71,71,71,76,76,76,76,76,76,76,76,76,76,76,76,76,76,82,82,82,82,82,82,82,82,82,82,82,82,82,82],"card_choices":[{"not_picked":["Steam Power","Reinforced Body"],"picked":"BootSequence","floor":1.0},{"not_picked":["Go for the Eyes","Turbo"],"picked":"Doom and Gloom","floor":3.0},{"not_picked":["Turbo","Aggregate"],"picked":"Streamline","floor":4.0},{"not_picked":["Rip and Tear","Gash"],"picked":"Auto Shields","floor":6.0},{"not_picked":["Gash","Turbo"],"picked":"Sunder","floor":8.0},{"not_picked":["Sweeping Beam","Stack","Beam Cell"],"picked":"SKIP","floor":11.0},{"not_picked":["Scrape","Barrage"],"picked":"Go for the Eyes","floor":13.0},{"not_picked":["Chaos","Sweeping Beam"],"picked":"All For One","floor":14.0},{"not_picked":["Thunder Strike","Reboot"],"picked":"Echo Form","floor":16.0},{"not_picked":["Aggregate","White Noise","Chaos"],"picked":"SKIP","floor":18.0},{"not_picked":["Barrage","Cold Snap","Steam"],"picked":"SKIP","floor":20.0},{"not_picked":["Heatsinks","Scrape","Turbo"],"picked":"SKIP","floor":25.0},{"not_picked":["Sweeping Beam+1","Steam"],"picked":"Capacitor","floor":27.0},{"not_picked":["Machine Learning","Static Discharge","Turbo"],"picked":"SKIP","floor":28},{"not_picked":["Hologram","Self Repair"],"picked":"Sweeping Beam+1","floor":31},{"not_picked":["Core Surge+1","Machine Learning"],"picked":"Electrodynamics","floor":33},{"not_picked":["Barrage+1","Skim"],"picked":"Conserve Battery","floor":35},{"not_picked":["Auto Shields","Streamline+1"],"picked":"Coolheaded+1","floor":36}],"player_experience":1035488,"relics_obtained":[{"floor":6.0,"key":"Unceasing Top"},{"floor":9.0,"key":"Darkstone Periapt"},{"floor":11.0,"key":"Sundial"},{"floor":13.0,"key":"Odd Mushroom"},{"floor":14.0,"key":"Matryoshka"},{"floor":24.0,"key":"Necronomicon"},{"floor":25.0,"key":"Dream Catcher"},{"floor":26.0,"key":"Molten Egg 2"},{"floor":26.0,"key":"Bottled Tornado"},{"floor":28,"key":"DataDisk"},{"floor":36,"key":"Peace Pipe"}],"event_choices":[{"damage_healed":0.0,"max_hp_gain":0.0,"max_hp_loss":0.0,"gold_gain":0.0,"event_name":"Liars Game","player_choice":"Ignored","floor":2.0,"gold_loss":0.0,"damage_taken":0.0},{"damage_healed":0.0,"max_hp_gain":0.0,"max_hp_loss":0.0,"gold_gain":0.0,"event_name":"Shining Light","player_choice":"Entered Light","floor":5.0,"gold_loss":0.0,"damage_taken":21.0,"cards_upgraded":["Defend_B","BootSequence"]},{"damage_healed":0.0,"max_hp_gain":0.0,"max_hp_loss":0.0,"gold_gain":0.0,"event_name":"Mushrooms","player_choice":"Fought Mushrooms","floor":13.0,"gold_loss":0.0,"damage_taken":0.0},{"damage_healed":0.0,"max_hp_gain":0.0,"max_hp_loss":0.0,"gold_gain":0.0,"event_name":"Upgrade Shrine","player_choice":"Upgraded","floor":21.0,"gold_loss":0.0,"damage_taken":0.0,"cards_upgraded":["Sunder"]},{"damage_healed":0.0,"max_hp_gain":0.0,"max_hp_loss":0.0,"gold_gain":0.0,"event_name":"Cursed Tome","player_choice":"Obtained Book","floor":24.0,"gold_loss":0.0,"damage_taken":21.0},{"damage_healed":0,"gold_gain":0,"player_choice":"Fight","damage_taken":0,"max_hp_gain":0,"max_hp_loss":0,"event_name":"Mysterious Sphere","floor":36,"gold_loss":0}],"is_beta":false,"boss_relics":[{"not_picked":["FrozenCore","Eternal Feather"],"picked":"Nuclear Battery"},{"not_picked":["White Beast Statue","Coffee Dripper"],"picked":"Runic Pyramid"}],"items_purged_floors":[19,22],"is_endless":false,"potions_floor_spawned":[1,3,8,11,14,25,28,31,35],"killed_by":"3 Darklings","ascension_level":20}