{"path_per_floor":["M","M","?","$","?","R","E","R","T","?","?","M","M","M","R","B",null,"M","?","?","?","$","R"],"character_chosen":"THE_SILENT","items_purchased":["Bouncing Flask","Infinite Blades","Adrenaline"],"gold_per_floor":[119,136,136,30,130,130,155,155,155,155,155,165,175,193,193,292,292,310,235,195,195,59,59,59],"floor_reached":24,"campfire_rested":2,"playtime":706,"current_hp_per_floor":[67,64,64,64,64,64,35,56,56,56,42,36,28,18,39,20,70,58,58,58,51,51,51,0],"items_purged":[],"gold":59,"score":192,"play_id":"c548037a-cc85-40b3-b2cc-ffeebbadc5fc","local_time":"20180403034747","is_prod":false,"is_daily":false,"is_ascension_mode":false,"campfire_upgraded":2,"timestamp":1522752467,"path_taken":["M","M","?","$","?","R","E","R","T","?","?","?","M","M","R","BOSS","M","?","?","?","$","R","E"],"build_version":"2018-03-29v2","purchased_purges":0,"victory":false,"master_deck":["Defend_G","Defend_G","Defend_G","Defend_G","Defend_G","Strike_G","Strike_G","Strike_G+1","Strike_G","Survivor","Neutralize","Envenom+1","Blade Dance","Concentrate+1","Bouncing Flask","Infinite Blades+1","Dagger Throw+1","Outmaneuver","Bouncing Flask","Backstab","Doppelganger","Outmaneuver","Adrenaline"],"max_hp_per_floor":[70,70,70,70,70,70,70,70,70,70,70,70,70,70,70,70,70,70,70,70,70,70,70,70],"relics":["Ring of the Snake","Torii","Tough Bandages","Lizard Tail"],"card_choices":[{"not_picked":["Sucker Punch","Terror"],"picked":"Blade Dance","floor":1},{"not_picked":["Sucker Punch","Slice"],"picked":"Concentrate","floor":2},{"not_picked":["Dodge and Roll","Crippling Poison"],"picked":"Dagger Throw","floor":7},{"not_picked":["Terror","Dodge and Roll"],"picked":"Outmaneuver","floor":12},{"not_picked":["Crippling Poison","Poisoned Stab"],"picked":"Bouncing Flask","floor":13},{"not_picked":["Dagger Throw","Dagger Spray"],"picked":"Backstab","floor":14},{"not_picked":["Unload","Die Die Die"],"picked":"Doppelganger","floor":16},{"not_picked":["Slice","Deflect"],"picked":"Outmaneuver","floor":18}],"player_experience":129541,"potions_floor_usage":[13,16,16],"damage_taken":[{"damage":3,"enemies":"Small Slimes","floor":1,"turns":4},{"damage":3,"enemies":"2 Louse","floor":2,"turns":3},{"damage":29,"enemies":"Gremlin Nob","floor":7,"turns":5},{"damage":6,"enemies":"Cultist","floor":12,"turns":3},{"damage":8,"enemies":"Exordium Wildlife","floor":13,"turns":3},{"damage":10,"enemies":"2 Fungi Beasts","floor":14,"turns":3},{"damage":19,"enemies":"The Guardian","floor":16,"turns":8},{"damage":12,"enemies":"Spheric Guardian","floor":18,"turns":4},{"damage":99,"enemies":"Gremlin Leader","floor":24,"turns":7}],"event_choices":[{"event_name":"Liars Game","player_choice":"disagreed","floor":3,"damage_taken":0},{"event_name":"Golden Shrine","player_choice":"Pray","floor":5,"damage_taken":0},{"event_name":"Accursed Blacksmith","player_choice":"Forge","floor":10,"damage_taken":0},{"event_name":"Shining Light","player_choice":"Entered Light","floor":11,"damage_taken":0},{"event_name":"Beggar","player_choice":"Gave Gold","floor":19,"damage_taken":0},{"event_name":"The Woman in Blue","player_choice":"Bought 3 Potions","floor":20,"damage_taken":0},{"event_name":"Wheel of Change","player_choice":"Damage","floor":21,"damage_taken":0}],"boss_relics":[{"not_picked":["Orrery","Sozu"],"picked":"Lizard Tail"}],"potions_floor_spawned":[2,13,14],"seed_played":"817414713303450997","killed_by":"Gremlin Leader","ascension_level":0,"is_trial":false}