{"gold_per_floor":[109,124,124,75,75,75,75,0,26,26,26,49,49,68,68,192,192,205,205,205,205,205,249,249,292,319,319,9,53,153,178,178,178],"floor_reached":33,"playtime":1164,"items_purged":["Strike_G"],"score":301,"play_id":"26a84917-ff96-409b-8b97-a6376054961d","local_time":"20190221041603","is_ascension_mode":true,"campfire_choices":[{"data":"Poisoned Stab","floor":6,"key":"SMITH"},{"data":"Neutralize","floor":10,"key":"SMITH"},{"data":"Dagger Spray","floor":13,"key":"SMITH"},{"floor":15,"key":"REST"},{"floor":24,"key":"REST"},{"floor":27,"key":"RECALL"},{"floor":32,"key":"REST"}],"neow_cost":"NONE","seed_source_timestamp":43880467787037,"circlet_count":0,"master_deck":["Defend_G+1","Defend_G+1","Defend_G+1","Defend_G+1","Defend_G+1","Strike_G+1","Strike_G+1","Strike_G+1","Strike_G+1","Survivor","Neutralize+1","All Out Attack","Poisoned Stab+1","Cloak And Dagger","Parasite","Dagger Spray+1","Glass Knife","Crippling Poison+1","Envenom"],"relics":["Ring of the Snake","Ancient Tea Set","Pen Nib","Golden Idol","Smiling Mask","Busted Crown","Nilry\u0027s Codex","Matryoshka","Ginger","Torii","Bronze Scales","Calipers","Darkstone Periapt"],"potions_floor_usage":[16,23,29,31,31],"damage_taken":[{"damage":11,"enemies":"Jaw Worm","floor":1,"turns":7},{"damage":8,"enemies":"Small Slimes","floor":2,"turns":3},{"damage":0,"enemies":"2 Louse","floor":12,"turns":2},{"damage":0,"enemies":"Looter","floor":14,"turns":2},{"damage":52,"enemies":"The Guardian","floor":16,"turns":10},{"damage":6,"enemies":"Chosen","floor":18,"turns":5},{"damage":39,"enemies":"Gremlin Leader","floor":23,"turns":6},{"damage":13,"enemies":"Slavers","floor":25,"turns":5},{"damage":1,"enemies":"Book of Stabbing","floor":29,"turns":5},{"damage":1,"enemies":"Shell Parasite","floor":31,"turns":3},{"damage":51,"enemies":"Champ","floor":33,"turns":9}],"seed_played":"2101738592149175810","potions_obtained":[{"floor":2,"key":"SpeedPotion"},{"floor":14,"key":"AttackPotion"},{"floor":16,"key":"Ancient Potion"},{"floor":25,"key":"Fire Potion"},{"floor":29,"key":"PowerPotion"}],"is_trial":false,"path_per_floor":["M","M","?","$","?","R","?","$","T","R","?","M","R","M","R","B",null,"M","?","?","?","T","E","R","E","T","R","$","E","?","M","R","B"],"character_chosen":"THE_SILENT","items_purchased":["Cloak And Dagger","Calipers"],"campfire_rested":3,"item_purchase_floors":[4,28],"current_hp_per_floor":[59,51,39,39,39,39,22,22,22,22,39,39,39,39,60,8,70,64,64,48,48,48,9,30,17,17,17,17,16,16,15,36,0],"gold":178,"neow_bonus":"RANDOM_COMMON_RELIC","is_prod":false,"is_daily":false,"chose_seed":false,"campfire_upgraded":3,"win_rate":0,"timestamp":1550751363,"path_taken":["M","M","?","$","?","R","?","?","T","R","?","M","R","M","R","BOSS","M","?","?","?","?","E","R","E","T","R","$","E","?","M","R","BOSS"],"build_version":"2019-01-23","purchased_purges":1,"victory":false,"max_hp_per_floor":[70,70,70,70,70,70,70,70,70,70,70,70,70,70,70,70,70,70,70,70,70,70,70,70,70,70,70,70,70,70,70,70,70],"card_choices":[{"not_picked":["Flying Knee","Prepared"],"picked":"All Out Attack","floor":1},{"not_picked":["Dagger Throw","Flechettes"],"picked":"Poisoned Stab","floor":2},{"not_picked":["Venomology","Riddle With Holes"],"picked":"Dagger Spray","floor":12},{"not_picked":["Dodge and Roll","Acrobatics","Expertise"],"picked":"SKIP","floor":14},{"not_picked":["Night Terror","Phantasmal Killer"],"picked":"Glass Knife","floor":16},{"not_picked":["Outmaneuver"],"picked":"SKIP","floor":18},{"not_picked":[],"picked":"Crippling Poison+1","floor":23},{"not_picked":["Riddle With Holes+1"],"picked":"SKIP","floor":25},{"not_picked":[],"picked":"Envenom","floor":29},{"not_picked":["Dodge and Roll+1"],"picked":"SKIP","floor":31}],"player_experience":258410,"relics_obtained":[{"floor":9,"key":"Smiling Mask"},{"floor":20,"key":"Nilry\u0027s Codex"},{"floor":22,"key":"Matryoshka"},{"floor":23,"key":"Ginger"},{"floor":25,"key":"Torii"},{"floor":26,"key":"Bronze Scales"},{"floor":29,"key":"Darkstone Periapt"}],"event_choices":[{"damage_healed":0,"gold_gain":0,"player_choice":"Success","damage_taken":12,"relics_obtained":["Pen Nib"],"max_hp_gain":0,"max_hp_loss":0,"event_name":"Scrap Ooze","floor":3,"gold_loss":0},{"damage_healed":0,"gold_gain":0,"player_choice":"Ignored","damage_taken":0,"max_hp_gain":0,"max_hp_loss":0,"event_name":"Shining Light","floor":5,"gold_loss":0},{"damage_healed":0,"gold_gain":0,"player_choice":"Take Damage","damage_taken":17,"relics_obtained":["Golden Idol"],"max_hp_gain":0,"max_hp_loss":0,"event_name":"Golden Idol","floor":7,"gold_loss":0},{"damage_healed":17,"gold_gain":0,"player_choice":"Healed and dodged fight","damage_taken":0,"max_hp_gain":0,"max_hp_loss":0,"event_name":"Mushrooms","floor":11,"gold_loss":0,"cards_obtained":["Parasite"]},{"damage_healed":0,"gold_gain":0,"player_choice":"Simplicity","damage_taken":0,"max_hp_gain":0,"max_hp_loss":0,"event_name":"Back to Basics","floor":19,"gold_loss":0,"cards_upgraded":["Defend_G","Defend_G","Defend_G","Defend_G","Defend_G","Strike_G","Strike_G","Strike_G","Strike_G"]},{"damage_healed":0,"gold_gain":0,"player_choice":"Obtained Book","damage_taken":16,"max_hp_gain":0,"max_hp_loss":0,"event_name":"Cursed Tome","floor":20,"gold_loss":0},{"damage_healed":0,"gold_gain":0,"player_choice":"Ignored","damage_taken":0,"max_hp_gain":0,"max_hp_loss":0,"event_name":"Beggar","floor":21,"gold_loss":0},{"damage_healed":0,"gold_gain":100,"player_choice":"Pray","damage_taken":0,"max_hp_gain":0,"max_hp_loss":0,"event_name":"Golden Shrine","floor":30,"gold_loss":0}],"is_beta":false,"boss_relics":[{"not_picked":["Tiny House","Sozu"],"picked":"Busted Crown"}],"items_purged_floors":[8],"is_endless":false,"potions_floor_spawned":[2,14,16,25,29],"killed_by":"Champ","ascension_level":1}