{"gold_per_floor":[359,377,377,122,134,162,162,162,162,196,196,225,240,257,257,257],"floor_reached":16,"playtime":649,"items_purged":[],"score":240,"play_id":"da8d6732-edc5-4a5b-900b-5c87e4784fd2","local_time":"20181104161811","is_ascension_mode":true,"campfire_choices":[{"floor":7.0,"key":"REST"},{"floor":11.0,"key":"REST"},{"data":"Noxious Fumes","floor":15,"key":"SMITH"}],"neow_cost":"TEN_PERCENT_HP_LOSS","seed_source_timestamp":112962028862900,"circlet_count":0,"master_deck":["AscendersBane","Defend_G","Defend_G","Defend_G","Defend_G","Defend_G","Strike_G","Strike_G","Strike_G","Strike_G","Strike_G","Survivor","Neutralize","Deflect","Footwork","Noxious Fumes+1","Cloak And Dagger","Predator","Dagger Spray","Escape Plan","Crippling Poison"],"special_seed":0,"relics":["Ring of the Snake","Vajra","Bottled Tornado","Girya","Shuriken","Frozen Egg 2","Centennial Puzzle","Gambling Chip"],"potions_floor_usage":[16,16],"damage_taken":[{"damage":0.0,"enemies":"2 Louse","floor":1.0,"turns":3.0},{"damage":13.0,"enemies":"Jaw Worm","floor":2.0,"turns":8.0},{"damage":0.0,"enemies":"Cultist","floor":5.0,"turns":4.0},{"damage":30.0,"enemies":"3 Sentries","floor":6.0,"turns":6.0},{"damage":23.0,"enemies":"Lagavulin","floor":10.0,"turns":8.0},{"damage":9.0,"enemies":"3 Sentries","floor":12.0,"turns":8.0},{"damage":1.0,"enemies":"Red Slaver","floor":13.0,"turns":3.0},{"damage":0,"enemies":"Red Slaver","floor":14,"turns":4},{"damage":37,"enemies":"Slime Boss","floor":16,"turns":7}],"seed_played":"-3715463844422900671","potions_obtained":[{"floor":2.0,"key":"Strength Potion"},{"floor":5.0,"key":"SkillPotion"},{"floor":12.0,"key":"Regen Potion"},{"floor":13.0,"key":"Block Potion"}],"is_trial":false,"path_per_floor":["M","M","?","$","M","E","R","?","T","E","R","E","M","T","M","R","B"],"character_chosen":"THE_SILENT","items_purchased":["Noxious Fumes","Vajra"],"campfire_rested":2,"item_purchase_floors":[4,4],"current_hp_per_floor":[59,46,46,46,46,16,34,34,34,11,29,20,19,19,19,0],"gold":257,"neow_bonus":"TWO_FIFTY_GOLD","is_prod":false,"is_daily":false,"chose_seed":false,"campfire_upgraded":1,"win_rate":0,"timestamp":1541366291,"path_taken":["M","M","?","$","M","E","R","?","T","E","R","E","?","?","R","BOSS"],"build_version":"2018-11-02","purchased_purges":0,"victory":false,"max_hp_per_floor":[60,60,60,60,60,60,60,60,60,60,60,60,60,60,60,60],"card_choices":[{"not_picked":["Bane","Outmaneuver"],"picked":"Deflect","floor":1.0},{"not_picked":["Bane","Backflip"],"picked":"Footwork","floor":2.0},{"not_picked":["Skewer","Blade Dance"],"picked":"Cloak And Dagger","floor":5.0},{"not_picked":["Backflip","Reflex"],"picked":"Predator","floor":6.0},{"not_picked":["Bane","Expertise"],"picked":"Dagger Spray","floor":10.0},{"not_picked":["Flying Knee","Flechettes"],"picked":"Escape Plan","floor":12.0},{"not_picked":["Blade Dance","Deadly Poison"],"picked":"Crippling Poison","floor":14}],"player_experience":844779,"relics_obtained":[{"floor":6.0,"key":"Bottled Tornado"},{"floor":9.0,"key":"Shuriken"},{"floor":10.0,"key":"Frozen Egg 2"},{"floor":12.0,"key":"Centennial Puzzle"},{"floor":13.0,"key":"Gambling Chip"}],"event_choices":[{"damage_healed":0.0,"max_hp_gain":0.0,"max_hp_loss":0.0,"gold_gain":0.0,"event_name":"Golden Wing","player_choice":"Ignored","floor":3.0,"gold_loss":0.0,"damage_taken":0.0},{"damage_healed":0.0,"max_hp_gain":0.0,"max_hp_loss":0.0,"gold_gain":0.0,"event_name":"WeMeetAgain","player_choice":"Gave Potion","floor":8.0,"gold_loss":0.0,"damage_taken":0.0,"relics_obtained":["Girya"]}],"is_beta":true,"boss_relics":[],"items_purged_floors":[],"is_endless":false,"potions_floor_spawned":[2,5,12,13],"killed_by":"Slime Boss","ascension_level":20}