{"path_per_floor":["M","M","M","?","$","E","M","T","T","R","M","R","M","M","R","B",null,"M","M","$","?","?","$"],"character_chosen":"IRONCLAD","items_purchased":["Flex","Metallicize","Feed","Regen Potion"],"gold_per_floor":[111,126,137,137,20,47,62,92,92,92,102,102,112,122,122,219,219,237,252,55,105,105,5,5],"floor_reached":24,"campfire_rested":1,"playtime":1092,"current_hp_per_floor":[80,80,80,80,80,56,59,59,59,59,36,75,72,72,72,11,80,22,25,25,25,25,25,0],"items_purged":["Normality","Regret"],"gold":5,"score":198,"play_id":"7a6b6a63-f521-49d2-bd9c-80c1c5235824","local_time":"20180331071411","is_prod":false,"is_daily":false,"is_ascension_mode":false,"campfire_upgraded":2,"timestamp":1522505651,"path_taken":["M","M","M","?","$","E","M","?","T","R","M","R","M","?","R","BOSS","M","M","$","?","?","$","M"],"build_version":"2018-03-29v2","purchased_purges":2,"victory":false,"master_deck":["Strike_R","Strike_R","Strike_R","Strike_R","Strike_R","Defend_R","Defend_R","Defend_R","Defend_R","Bash+1","Flex","Uppercut","Armaments","Flex","Metallicize+1","Anger","Shrug It Off","Heavy Blade","Shrug It Off","Double Tap","Clumsy","Clothesline","Headbutt","Feed","Writhe"],"max_hp_per_floor":[80,80,80,80,80,80,80,80,80,80,80,80,80,80,80,80,80,80,80,80,80,80,80,80],"relics":["Burning Blood","NeowsBlessing","Regal Pillow","Tiny Chest","Du-Vu Doll","Calling Bell","Red Skull","Bag of Marbles","Lantern","Art of War"],"card_choices":[{"not_picked":["Power Through","Offering"],"picked":"Flex","floor":1},{"not_picked":["Thunderclap","Pummel"],"picked":"Uppercut","floor":2},{"not_picked":["Twin Strike","Combust"],"picked":"Anger","floor":7},{"not_picked":["True Grit","Armaments"],"picked":"Shrug It Off","floor":11},{"not_picked":["Wild Strike","Anger"],"picked":"Heavy Blade","floor":13},{"not_picked":["Combust","Rampage"],"picked":"Shrug It Off","floor":14},{"not_picked":["Reaper","Barricade"],"picked":"Double Tap","floor":16},{"not_picked":["Clash","Headbutt"],"picked":"Clothesline","floor":18},{"not_picked":["Whirlwind","Cleave"],"picked":"Headbutt","floor":19}],"player_experience":67262,"potions_floor_usage":[16,16,18,19,24],"damage_taken":[{"damage":0,"enemies":"2 Louse","floor":1,"turns":1},{"damage":0,"enemies":"Cultist","floor":2,"turns":1},{"damage":0,"enemies":"Small Slimes","floor":3,"turns":1},{"damage":30,"enemies":"3 Sentries","floor":6,"turns":12},{"damage":3,"enemies":"Exordium Wildlife","floor":7,"turns":3},{"damage":29,"enemies":"Exordium Thugs","floor":11,"turns":6},{"damage":9,"enemies":"Blue Slaver","floor":13,"turns":4},{"damage":6,"enemies":"Large Slime","floor":14,"turns":7},{"damage":67,"enemies":"Hexaghost","floor":16,"turns":13},{"damage":64,"enemies":"3 Byrds","floor":18,"turns":7},{"damage":3,"enemies":"Spheric Guardian","floor":19,"turns":3},{"damage":42,"enemies":"Centurion and Healer","floor":24,"turns":9}],"event_choices":[{"event_name":"Match and Keep!","player_choice":"1 cards matched","floor":4,"damage_taken":0},{"event_name":"The Joust","player_choice":"Bet on Murderer","floor":21,"damage_taken":0},{"event_name":"The Mausoleum","player_choice":"Yes","floor":22,"damage_taken":0}],"boss_relics":[{"not_picked":["Mark of Pain","Velvet Choker"],"picked":"Calling Bell"}],"potions_floor_spawned":[1,2,6,13,14,16,19],"seed_played":"-2685437977732159354","killed_by":"Centurion and Healer","ascension_level":0,"is_trial":false}