{"gold_per_floor":[119,44,44,44,44,44,59,134,134,168,83,83,103,116,116,193,193,213,247,257,257,277,277,202,202,249,249,262,262,262],"floor_reached":30,"playtime":1127,"items_purged":["Normality"],"score":477,"play_id":"772851d2-813e-4135-87f6-406198507f50","local_time":"20181117103828","is_ascension_mode":true,"campfire_choices":[{"data":"Zap","floor":6.0,"key":"SMITH"},{"data":"Defragment","floor":12.0,"key":"SMITH"},{"data":"Compile Driver","floor":15.0,"key":"SMITH"},{"data":"Chill","floor":23,"key":"SMITH"},{"data":"Multi-Cast","floor":25,"key":"SMITH"},{"data":"Reinforced Body","floor":27,"key":"SMITH"},{"data":"Conserve Battery","floor":29,"key":"SMITH"}],"neow_cost":"CURSE","seed_source_timestamp":224879605310813,"circlet_count":0,"master_deck":["AscendersBane","Defend_B","Defend_B","Defend_B","Defend_B","Zap+1","Dualcast","Compile Driver+1","Chill+1","Conserve Battery","Defragment+1","Conserve Battery+1","Multi-Cast+1","Rip and Tear+1","Bite","Bite","Bite","Bite","Reinforced Body+1","Ball Lightning+1"],"special_seed":0,"relics":["Cracked Core","Unceasing Top","Pen Nib","Letter Opener","Symbiotic Virus","Busted Crown","Red Mask"],"potions_floor_usage":[19,19,30],"damage_taken":[{"damage":2.0,"enemies":"Small Slimes","floor":1.0,"turns":4.0},{"damage":5.0,"enemies":"2 Louse","floor":7.0,"turns":4.0},{"damage":17.0,"enemies":"3 Sentries","floor":10.0,"turns":17.0},{"damage":0.0,"enemies":"Cultist","floor":13.0,"turns":2.0},{"damage":1.0,"enemies":"2 Fungi Beasts","floor":14.0,"turns":2.0},{"damage":20.0,"enemies":"Hexaghost","floor":16.0,"turns":10.0},{"damage":7,"enemies":"Chosen","floor":18,"turns":5},{"damage":0,"enemies":"Masked Bandits","floor":19,"turns":3},{"damage":23,"enemies":"2 Thieves","floor":20,"turns":3},{"damage":0,"enemies":"Snake Plant","floor":22,"turns":2},{"damage":10,"enemies":"3 Cultists","floor":28,"turns":5},{"damage":0,"enemies":"Colosseum Slavers","floor":30,"turns":2},{"damage":49,"enemies":"Colosseum Nobs","floor":30,"turns":3}],"seed_played":"-4727415796659315826","potions_obtained":[{"floor":5.0,"key":"Regen Potion"},{"floor":5.0,"key":"Weak Potion"},{"floor":7.0,"key":"SteroidPotion"},{"floor":13.0,"key":"Swift Potion"},{"floor":16.0,"key":"SpeedPotion"},{"floor":18,"key":"Swift Potion"},{"floor":19,"key":"Swift Potion"},{"floor":20,"key":"SpeedPotion"}],"is_trial":false,"path_per_floor":["M","$","?","?","?","R","M","?","T","E","$","R","M","M","R","B",null,"M","?","M","?","M","R","?","R","T","R","M","R","?"],"character_chosen":"DEFECT","items_purchased":["Defragment"],"campfire_rested":0,"item_purchase_floors":[11],"current_hp_per_floor":[62,62,55,44,44,44,51,40,40,23,23,23,23,22,22,2,54,47,47,24,24,28,28,28,28,28,28,30,30,0],"gold":262,"neow_bonus":"ONE_RARE_RELIC","is_prod":false,"is_daily":false,"chose_seed":false,"campfire_upgraded":7,"win_rate":0,"timestamp":1542469108,"path_taken":["M","$","?","?","?","R","?","?","T","E","?","R","M","M","R","BOSS","M","?","M","?","M","R","?","R","T","R","M","R","?"],"build_version":"2018-11-15","purchased_purges":1,"victory":false,"max_hp_per_floor":[71,71,71,71,71,71,71,71,71,71,71,71,71,71,71,71,71,71,71,71,49,49,49,49,49,49,49,49,49,49],"card_choices":[{"not_picked":["Recycle","Rip and Tear"],"picked":"Compile Driver","floor":1.0},{"not_picked":["BootSequence","Barrage"],"picked":"Chill","floor":7.0},{"not_picked":["Double Energy","Gash"],"picked":"Conserve Battery","floor":10.0},{"not_picked":["Beam Cell","Ball Lightning"],"picked":"Conserve Battery","floor":13.0},{"not_picked":["Hyperbeam","Barrage","Turbo"],"picked":"SKIP","floor":14.0},{"not_picked":["Core Surge","Echo Form"],"picked":"Multi-Cast","floor":16.0},{"not_picked":[],"picked":"Rip and Tear+1","floor":18},{"not_picked":["Force Field"],"picked":"SKIP","floor":20},{"not_picked":["Reinforced Body"],"picked":"SKIP","floor":22},{"not_picked":[],"picked":"Reinforced Body","floor":22},{"not_picked":[],"picked":"Ball Lightning+1","floor":28}],"player_experience":872700,"relics_obtained":[{"floor":9.0,"key":"Letter Opener"},{"floor":10.0,"key":"Symbiotic Virus"},{"floor":19,"key":"Red Mask"}],"event_choices":[{"cards_removed":["Strike_B"],"damage_healed":0.0,"max_hp_gain":0.0,"max_hp_loss":0.0,"gold_gain":0.0,"event_name":"Golden Wing","player_choice":"Card Removal","floor":3.0,"gold_loss":0.0,"damage_taken":7.0},{"damage_healed":0.0,"max_hp_gain":0.0,"max_hp_loss":0.0,"gold_gain":0.0,"event_name":"Scrap Ooze","player_choice":"Success","floor":4.0,"gold_loss":0.0,"damage_taken":11.0,"relics_obtained":["Pen Nib"]},{"damage_healed":0.0,"max_hp_gain":0.0,"max_hp_loss":0.0,"gold_gain":0.0,"event_name":"Lab","player_choice":"Got Potions","floor":5.0,"gold_loss":0.0,"damage_taken":0.0},{"damage_healed":0.0,"max_hp_gain":0.0,"max_hp_loss":0.0,"gold_gain":75.0,"event_name":"World of Goop","player_choice":"Gather Gold","floor":8.0,"gold_loss":0.0,"damage_taken":11.0},{"damage_healed":0,"gold_gain":0,"player_choice":"Fought Bandits","damage_taken":0,"max_hp_gain":0,"max_hp_loss":0,"event_name":"Masked Bandits","floor":19,"gold_loss":0},{"damage_healed":0,"gold_gain":0,"player_choice":"Became a vampire","damage_taken":0,"max_hp_gain":0,"max_hp_loss":22,"event_name":"Vampires","floor":21,"gold_loss":0,"cards_obtained":["Bite","Bite","Bite","Bite","Bite"]},{"cards_removed":["Bite"],"damage_healed":0,"gold_gain":0,"player_choice":"Gave Gold","damage_taken":0,"max_hp_gain":0,"max_hp_loss":0,"event_name":"Beggar","floor":24,"gold_loss":75},{"damage_healed":0,"gold_gain":0,"player_choice":"Fight","damage_taken":0,"max_hp_gain":0,"max_hp_loss":0,"event_name":"Colosseum","floor":30,"gold_loss":0},{"damage_healed":0,"gold_gain":0,"player_choice":"Fought Nobs","damage_taken":0,"max_hp_gain":0,"max_hp_loss":0,"event_name":"Colosseum","floor":30,"gold_loss":0}],"is_beta":true,"boss_relics":[{"not_picked":["Pandora\u0027s Box","Coffee Dripper"],"picked":"Busted Crown"}],"items_purged_floors":[2],"is_endless":false,"potions_floor_spawned":[7,13,14,16,18,19,20,28,30],"killed_by":"Colosseum Nobs","ascension_level":20}