{"gold_per_floor":[112,112,132,95,110,110,142,142,168,168,179,197,227,246,246,246],"floor_reached":16,"playtime":432,"items_purged":[],"score":224,"play_id":"9f0896d5-8e79-4075-a010-6955bd5dbab1","local_time":"20190307192613","is_ascension_mode":true,"campfire_choices":[{"data":"Defragment","floor":6,"key":"SMITH"},{"data":"Zap","floor":8,"key":"SMITH"},{"data":"Creative AI","floor":15,"key":"SMITH"}],"neow_cost":"NONE","seed_source_timestamp":60827216035665,"circlet_count":0,"master_deck":["AscendersBane","Strike_B+1","Strike_B","Strike_B","Defend_B","Defend_B","Defend_B","Defend_B","Zap+1","Dualcast+1","Ball Lightning+1","Defragment+1","Melter","Glacier","Skim","Creative AI+1","Compile Driver","Undo"],"relics":["Cracked Core","NeowsBlessing","PreservedInsect","Whetstone","Strawberry"],"potions_floor_usage":[7,16],"damage_taken":[{"damage":0,"enemies":"Cultist","floor":1,"turns":1},{"damage":0,"enemies":"Small Slimes","floor":3,"turns":1},{"damage":0,"enemies":"2 Louse","floor":5,"turns":1},{"damage":15,"enemies":"Lagavulin","floor":7,"turns":5},{"damage":6,"enemies":"Looter","floor":11,"turns":2},{"damage":0,"enemies":"Large Slime","floor":12,"turns":4},{"damage":5,"enemies":"3 Sentries","floor":13,"turns":6},{"damage":6,"enemies":"3 Louse","floor":14,"turns":3},{"damage":42,"enemies":"Hexaghost","floor":16,"turns":9}],"seed_played":"8932646299712350942","potions_obtained":[{"floor":5,"key":"Weak Potion"},{"floor":7,"key":"Weak Potion"},{"floor":11,"key":"GamblersBrew"}],"is_trial":false,"path_per_floor":["M","?","M","$","M","R","E","R","T","?","M","M","E","M","R","B"],"character_chosen":"DEFECT","items_purchased":["Defragment"],"campfire_rested":0,"item_purchase_floors":[4],"current_hp_per_floor":[64,64,64,64,64,64,49,49,49,49,43,43,45,39,39,0],"gold":246,"neow_bonus":"THREE_ENEMY_KILL","is_prod":false,"is_daily":false,"chose_seed":false,"campfire_upgraded":3,"win_rate":0,"timestamp":1552004773,"path_taken":["M","?","M","?","?","R","E","R","T","?","M","M","E","M","R","BOSS"],"build_version":"2019-02-06","purchased_purges":0,"victory":false,"max_hp_per_floor":[71,71,71,71,71,71,71,71,71,71,71,71,78,78,78,78],"card_choices":[{"not_picked":["Stack","Beam Cell","Force Field"],"picked":"SKIP","floor":1},{"not_picked":["Coolheaded","Blizzard"],"picked":"Ball Lightning","floor":3},{"not_picked":["Rebound","Steam"],"picked":"Melter","floor":5},{"not_picked":["Hello World","Capacitor"],"picked":"Glacier","floor":7},{"not_picked":["BootSequence","Stack"],"picked":"Skim","floor":11},{"not_picked":["Steam","BootSequence"],"picked":"Creative AI","floor":12},{"not_picked":["Self Repair","Go for the Eyes"],"picked":"Compile Driver","floor":13},{"not_picked":["Scrape","Stack"],"picked":"Undo","floor":14}],"player_experience":1064263,"relics_obtained":[{"floor":7,"key":"PreservedInsect"},{"floor":9,"key":"Whetstone"},{"floor":13,"key":"Strawberry"}],"event_choices":[{"cards_removed":["Strike_B"],"damage_healed":0,"gold_gain":0,"player_choice":"Offered Basic","damage_taken":0,"max_hp_gain":0,"max_hp_loss":0,"event_name":"Bonfire Elementals","floor":2,"gold_loss":0},{"damage_healed":0,"gold_gain":0,"player_choice":"Forge","damage_taken":0,"max_hp_gain":0,"max_hp_loss":0,"event_name":"Accursed Blacksmith","floor":10,"gold_loss":0,"cards_upgraded":["Dualcast"]}],"is_beta":true,"boss_relics":[],"items_purged_floors":[],"is_endless":false,"potions_floor_spawned":[5,7,11,13,14],"killed_by":"Hexaghost","ascension_level":20}