{"gold_per_floor":[112,123,136,136,101,101,145,168,191,29,44,44,0,40,40,40],"floor_reached":16,"playtime":648,"items_purged":["Strike_R"],"score":209,"play_id":"56406907-26f7-4967-8852-4be12799f54c","local_time":"20190318121916","is_ascension_mode":true,"campfire_choices":[{"data":"Bash","floor":6,"key":"SMITH"},{"data":"Seeing Red","floor":12,"key":"SMITH"},{"floor":15,"key":"REST"}],"neow_cost":"TEN_PERCENT_HP_LOSS","seed_source_timestamp":12537973764742,"circlet_count":0,"master_deck":["AscendersBane","Strike_R","Strike_R","Strike_R","Strike_R","Defend_R","Defend_R","Defend_R","Defend_R","Bash+1","Battle Trance","Wild Strike","Dropkick","Seeing Red+1","Anger","Carnage","Pommel Strike","Iron Wave"],"relics":["Burning Blood","Ginger","Golden Idol","Oddly Smooth Stone","Juzu Bracelet","Bag of Preparation"],"potions_floor_usage":[7,11,16],"damage_taken":[{"damage":7,"enemies":"Small Slimes","floor":1,"turns":4},{"damage":9,"enemies":"2 Louse","floor":2,"turns":3},{"damage":1,"enemies":"Cultist","floor":3,"turns":3},{"damage":35,"enemies":"3 Sentries","floor":7,"turns":9},{"damage":8,"enemies":"Lots of Slimes","floor":8,"turns":6},{"damage":4,"enemies":"Red Slaver","floor":11,"turns":2},{"damage":28,"enemies":"Lagavulin","floor":14,"turns":5},{"damage":61,"enemies":"The Guardian","floor":16,"turns":11}],"seed_played":"-2100352115878589101","potions_obtained":[{"floor":3,"key":"Poison Potion"},{"floor":7,"key":"Ancient Potion"},{"floor":8,"key":"Weak Potion"},{"floor":14,"key":"Dexterity Potion"}],"is_trial":false,"path_per_floor":["M","M","M","?","?","R","E","M","T","$","M","R","?","E","R","B"],"character_chosen":"IRONCLAD","items_purchased":["Carnage"],"campfire_rested":1,"item_purchase_floors":[10],"current_hp_per_floor":[67,64,68,45,62,62,33,31,31,31,33,33,33,11,31,0],"gold":40,"neow_bonus":"ONE_RARE_RELIC","is_prod":false,"is_daily":false,"chose_seed":false,"campfire_upgraded":2,"win_rate":0,"timestamp":1552925956,"path_taken":["M","M","M","?","?","R","E","M","T","$","M","R","?","E","R","BOSS"],"build_version":"2019-03-15","purchased_purges":1,"victory":false,"max_hp_per_floor":[68,68,68,68,68,68,68,68,68,68,68,68,68,68,68,68],"card_choices":[{"not_picked":["Havoc","Pommel Strike"],"picked":"Battle Trance","floor":1},{"not_picked":["Havoc","Sever Soul"],"picked":"Wild Strike","floor":2},{"not_picked":["Bloodletting","Thunderclap"],"picked":"Dropkick","floor":3},{"not_picked":["Clothesline","Fire Breathing"],"picked":"Seeing Red","floor":7},{"not_picked":["Twin Strike","Bloodletting"],"picked":"Anger","floor":8},{"not_picked":["Infernal Blade","Bloodletting"],"picked":"Pommel Strike","floor":11},{"not_picked":["Combust","Seeing Red"],"picked":"Iron Wave","floor":14}],"player_experience":563387,"relics_obtained":[{"floor":7,"key":"Oddly Smooth Stone"},{"floor":9,"key":"Juzu Bracelet"},{"floor":14,"key":"Bag of Preparation"}],"event_choices":[{"damage_healed":0,"gold_gain":0,"player_choice":"Take Damage","damage_taken":23,"relics_obtained":["Golden Idol"],"max_hp_gain":0,"max_hp_loss":0,"event_name":"Golden Idol","floor":4,"gold_loss":0},{"damage_healed":17,"gold_gain":0,"player_choice":"Healed","damage_taken":0,"max_hp_gain":0,"max_hp_loss":0,"event_name":"The Cleric","floor":5,"gold_loss":35},{"damage_healed":0,"gold_gain":0,"player_choice":"Left Gold","damage_taken":0,"max_hp_gain":0,"max_hp_loss":0,"event_name":"World of Goop","floor":13,"gold_loss":44}],"is_beta":true,"boss_relics":[],"items_purged_floors":[10],"is_endless":false,"potions_floor_spawned":[3,7,8,14],"killed_by":"The Guardian","ascension_level":18}