{"gold_per_floor":[117,132,151,168,183,211,211,227,254,254,404,404,417,432,432,432],"floor_reached":16,"playtime":418,"items_purged":[],"score":212,"play_id":"facae79a-6ddf-4ec6-9d1d-c885d9092b86","local_time":"20181104160605","is_ascension_mode":true,"campfire_choices":[{"floor":7,"key":"REST"},{"data":"Backflip","floor":15,"key":"SMITH"}],"neow_cost":"NONE","seed_source_timestamp":112488869487374,"circlet_count":0,"master_deck":["AscendersBane","Defend_G","Defend_G","Defend_G","Defend_G","Defend_G","Strike_G","Strike_G","Strike_G","Strike_G","Strike_G","Survivor","Neutralize+1","Dagger Spray","Cloak And Dagger","Catalyst","All Out Attack","Blur","Noxious Fumes+1","Flying Knee","Doubt","Backflip+1"],"special_seed":0,"relics":["Ring of the Snake","NeowsBlessing","Boot","Blood Vial"],"potions_floor_usage":[5,6,8],"damage_taken":[{"damage":0.0,"enemies":"Cultist","floor":1.0,"turns":1.0},{"damage":0.0,"enemies":"Small Slimes","floor":2.0,"turns":1.0},{"damage":0.0,"enemies":"2 Louse","floor":3.0,"turns":1.0},{"damage":3.0,"enemies":"Red Slaver","floor":4.0,"turns":5.0},{"damage":2,"enemies":"Looter","floor":5,"turns":5},{"damage":52,"enemies":"Lagavulin","floor":6,"turns":8},{"damage":0,"enemies":"Lots of Slimes","floor":8,"turns":1},{"damage":11,"enemies":"Large Slime","floor":13,"turns":5},{"damage":0,"enemies":"2 Fungi Beasts","floor":14,"turns":4},{"damage":31,"enemies":"The Guardian","floor":16,"turns":2}],"seed_played":"1463078078822566821","potions_obtained":[{"floor":1.0,"key":"Regen Potion"},{"floor":2.0,"key":"SteroidPotion"},{"floor":5,"key":"SteroidPotion"},{"floor":14,"key":"Strength Potion"}],"is_trial":false,"path_per_floor":["M","M","M","M","M","E","R","M","T","?","?","?","M","M","R","B"],"character_chosen":"THE_SILENT","items_purchased":[],"campfire_rested":1,"item_purchase_floors":[],"current_hp_per_floor":[59,59,59,56,66,14,33,33,33,33,33,33,24,26,26,0],"gold":432,"neow_bonus":"THREE_ENEMY_KILL","is_prod":false,"is_daily":false,"chose_seed":false,"campfire_upgraded":1,"win_rate":0,"timestamp":1541365565,"path_taken":["M","M","?","M","M","E","R","M","T","?","?","?","?","M","R","BOSS"],"build_version":"2018-11-02","purchased_purges":0,"victory":false,"max_hp_per_floor":[66,66,66,66,66,66,66,66,66,66,66,66,66,66,66,66],"card_choices":[{"not_picked":["Masterful Stab","Cloak And Dagger"],"picked":"Dagger Spray","floor":1.0},{"not_picked":["Quick Slash","Deflect"],"picked":"Cloak And Dagger","floor":2.0},{"not_picked":["Acrobatics","Masterful Stab"],"picked":"Catalyst","floor":3.0},{"not_picked":["Cloak And Dagger","Prepared"],"picked":"All Out Attack","floor":4.0},{"not_picked":["Deadly Poison","Sucker Punch"],"picked":"Blur","floor":5},{"not_picked":["Bullet Time","Grand Finale"],"picked":"Noxious Fumes","floor":6},{"not_picked":["Sucker Punch","Riddle With Holes"],"picked":"Flying Knee","floor":8},{"not_picked":["Noxious Fumes","Concentrate","Expertise"],"picked":"SKIP","floor":13},{"not_picked":["Poisoned Stab","Blade Dance"],"picked":"Backflip","floor":14}],"player_experience":844361,"relics_obtained":[{"floor":6,"key":"Boot"},{"floor":9,"key":"Blood Vial"}],"event_choices":[{"damage_healed":0,"gold_gain":0,"player_choice":"Grow","damage_taken":0,"max_hp_gain":0,"max_hp_loss":0,"event_name":"Living Wall","floor":10,"gold_loss":0,"cards_upgraded":["Neutralize"]},{"damage_healed":0,"gold_gain":150,"player_choice":"AGREE","damage_taken":0,"max_hp_gain":0,"max_hp_loss":0,"event_name":"Liars Game","floor":11,"gold_loss":0,"cards_obtained":["Doubt"]},{"damage_healed":0,"gold_gain":0,"player_choice":"Upgraded","damage_taken":0,"max_hp_gain":0,"max_hp_loss":0,"event_name":"Upgrade Shrine","floor":12,"gold_loss":0,"cards_upgraded":["Noxious Fumes"]}],"is_beta":true,"boss_relics":[],"items_purged_floors":[],"is_endless":false,"potions_floor_spawned":[1,2,5,14],"killed_by":"The Guardian","ascension_level":20}