{"gold_per_floor":[367,382,130,148,30,63,63,95,95,95,126,126,145,70,70,167,167,182,97,109,169,181,228,252,277,289,301,331,90,90],"floor_reached":30,"playtime":1211,"items_purged":["Parasite"],"score":319,"play_id":"6e9d5d1a-ba3d-4d18-ae07-36e959e21774","local_time":"20181110040551","is_ascension_mode":true,"campfire_choices":[{"floor":7,"key":"RECALL"},{"floor":15,"key":"REST"},{"data":"Barricade","floor":27,"key":"SMITH"}],"neow_cost":"CURSE","seed_source_timestamp":25484480392283,"circlet_count":0,"master_deck":["Strike_R","Strike_R","Strike_R","Strike_R","Strike_R","Defend_R","Defend_R","Defend_R","Defend_R","Bash","Spot Weakness","Corruption","The Bomb+1","Thunderclap","Metallicize","Battle Trance","Demon Form","True Grit","Parasite","Pommel Strike","Whirlwind","Flame Barrier","Barricade+1","Shrug It Off","The Bomb+1","Ghostly Armor+1","Metallicize","Pommel Strike+1"],"relics":["Burning Blood","Potion Belt","Red Skull","Torii","Runic Dome","MawBank","Lantern","Ginger","Molten Egg 2","Sundial"],"potions_floor_usage":[6,6,6,23,25,30],"damage_taken":[{"damage":11,"enemies":"2 Louse","floor":1,"turns":2},{"damage":11,"enemies":"Cultist","floor":2,"turns":4},{"damage":8,"enemies":"Small Slimes","floor":4,"turns":4},{"damage":16,"enemies":"3 Sentries","floor":6,"turns":5},{"damage":55,"enemies":"Lagavulin","floor":8,"turns":7},{"damage":29,"enemies":"3 Sentries","floor":11,"turns":7},{"damage":6,"enemies":"Looter","floor":13,"turns":3},{"damage":28,"enemies":"The Guardian","floor":16,"turns":12},{"damage":3,"enemies":"Spheric Guardian","floor":18,"turns":5},{"damage":45,"enemies":"Slavers","floor":23,"turns":5},{"damage":0,"enemies":"3 Byrds","floor":24,"turns":3},{"damage":8,"enemies":"Centurion and Healer","floor":25,"turns":6},{"damage":39,"enemies":"Cultist and Chosen","floor":28,"turns":8},{"damage":19,"enemies":"Book of Stabbing","floor":30,"turns":3}],"seed_played":"-674059010642156234","potions_obtained":[{"floor":1,"key":"Regen Potion"},{"floor":2,"key":"Weak Potion"},{"floor":4,"key":"Swift Potion"},{"floor":13,"key":"Explosive Potion"},{"floor":23,"key":"EssenceOfSteel"},{"floor":28,"key":"BloodPotion"}],"is_trial":false,"path_per_floor":["M","M","$","M","$","E","R","E","T","?","E","?","M","$","R","B",null,"M","?","?","T","?","E","M","M","T","R","M","$","E"],"character_chosen":"IRONCLAD","items_purchased":["The Bomb","Metallicize","Battle Trance","Flame Barrier","Sundial"],"campfire_rested":1,"item_purchase_floors":[3,5,5,14,29],"current_hp_per_floor":[75,70,70,68,68,72,72,23,23,42,19,19,19,19,42,20,77,77,77,77,77,77,38,44,42,42,42,9,9,0],"gold":90,"neow_bonus":"TWO_FIFTY_GOLD","is_prod":false,"is_daily":false,"chose_seed":false,"campfire_upgraded":1,"win_rate":0,"timestamp":1541840751,"path_taken":["M","M","$","M","$","E","R","E","T","?","E","?","?","?","R","BOSS","M","?","?","?","?","E","M","?","T","R","?","$","E"],"build_version":"2018-11-08","purchased_purges":1,"victory":false,"max_hp_per_floor":[80,80,77,77,77,77,77,77,77,77,77,77,77,77,77,77,77,77,77,77,77,77,77,77,77,77,77,77,77,77],"card_choices":[{"not_picked":["Warcry","Seeing Red"],"picked":"Spot Weakness","floor":1},{"not_picked":["Entrench","Shockwave"],"picked":"Corruption","floor":2},{"not_picked":["Body Slam","Heavy Blade"],"picked":"Thunderclap","floor":4},{"not_picked":["Anger","Rage"],"picked":"Demon Form","floor":6},{"not_picked":["Corruption","Warcry"],"picked":"True Grit","floor":8},{"not_picked":["Hemokinesis","Bloodletting"],"picked":"Pommel Strike","floor":11},{"not_picked":["Havoc","Flex"],"picked":"Whirlwind","floor":13},{"not_picked":["Impervious","Fiend Fire"],"picked":"Barricade","floor":16},{"not_picked":["Sword Boomerang+1","Heavy Blade"],"picked":"Shrug It Off","floor":18},{"not_picked":["Entrench","Armaments"],"picked":"Ghostly Armor+1","floor":23},{"not_picked":["Sword Boomerang","Clothesline","Twin Strike"],"picked":"SKIP","floor":24},{"not_picked":["Shrug It Off","Body Slam"],"picked":"Metallicize","floor":25},{"not_picked":["Seeing Red+1","Headbutt+1"],"picked":"Pommel Strike+1","floor":28}],"player_experience":122806,"relics_obtained":[{"floor":6,"key":"Potion Belt"},{"floor":8,"key":"Red Skull"},{"floor":11,"key":"Torii"},{"floor":21,"key":"Lantern"},{"floor":23,"key":"Ginger"},{"floor":26,"key":"Molten Egg 2"}],"event_choices":[{"damage_healed":19,"gold_gain":0,"player_choice":"Healed and dodged fight","damage_taken":0,"max_hp_gain":0,"max_hp_loss":0,"event_name":"Mushrooms","floor":10,"gold_loss":0,"cards_obtained":["Parasite"]},{"damage_healed":0,"gold_gain":0,"player_choice":"Upgraded","damage_taken":0,"max_hp_gain":0,"max_hp_loss":0,"event_name":"Upgrade Shrine","floor":12,"gold_loss":0,"cards_upgraded":["The Bomb"]},{"damage_healed":0,"gold_gain":0,"player_choice":"Obtained Relic","damage_taken":0,"relics_obtained":["MawBank"],"max_hp_gain":0,"max_hp_loss":0,"event_name":"Addict","floor":19,"gold_loss":85},{"damage_healed":0,"gold_gain":0,"player_choice":"Ignored","damage_taken":0,"max_hp_gain":0,"max_hp_loss":0,"event_name":"Vampires","floor":20,"gold_loss":0},{"damage_healed":0,"gold_gain":0,"player_choice":"Copied","damage_taken":0,"max_hp_gain":0,"max_hp_loss":0,"event_name":"Duplicator","floor":22,"gold_loss":0,"cards_obtained":["The Bomb"]}],"is_beta":true,"boss_relics":[{"not_picked":["White Beast Statue","Black Blood"],"picked":"Runic Dome"}],"items_purged_floors":[3],"is_endless":false,"potions_floor_spawned":[1,2,4,13,23,28],"killed_by":"Book of Stabbing","ascension_level":4}