{"gold_per_floor":[111,131,29,46,46,46,80,103,140,168,180,192,204,226,238,328,340,371,383,408,420,432,469,481,493,505,517,563,575,587,35,35,107,107,124,171,171,171,27,55,55,71,119,119,132,145,9,22,22,22],"floor_reached":51,"playtime":3530,"items_purged":["Strike_B"],"score":1182,"play_id":"06d5f3c1-7d0d-4394-aa12-ca50044f67d7","local_time":"20190108002227","is_ascension_mode":true,"campfire_choices":[{"data":"Redo","floor":6.0,"key":"SMITH"},{"data":"Loop","floor":12.0,"key":"SMITH"},{"data":"Rainbow","floor":15.0,"key":"SMITH"},{"data":"Fission","floor":25.0,"key":"SMITH"},{"data":"Creative AI","floor":27.0,"key":"SMITH"},{"data":"Coolheaded","floor":29.0,"key":"SMITH"},{"data":"Defragment","floor":32.0,"key":"SMITH"},{"data":"Defragment","floor":41.0,"key":"SMITH"},{"data":"Secret Technique","floor":44.0,"key":"SMITH"},{"data":"Defragment","floor":49,"key":"SMITH"}],"neow_cost":"TEN_PERCENT_HP_LOSS","seed_source_timestamp":0,"circlet_count":0,"master_deck":["AscendersBane","Defend_B","Defend_B","Zap","Dualcast","Rainbow+1","Hyperbeam","Leap","Coolheaded+1","Conserve Battery","Redo+1","Go for the Eyes","Loop+1","Core Surge","Fission+1","FTL+1","Leap","Creative AI+1","Defragment+1","Glacier","Rainbow","White Noise+1","Defragment+1","Secret Technique+1","Darkness","Defragment+1","Heatsinks","Leap","Defragment"],"special_seed":0,"relics":["Cracked Core","MawBank","Juzu Bracelet","Happy Flower","Coffee Dripper","Ancient Tea Set","Gremlin Horn","Darkstone Periapt","ClockworkSouvenir","Omamori","Inserter","Incense Burner","Art of War","Dream Catcher","Pen Nib"],"potions_floor_usage":[46,50],"damage_taken":[{"damage":0.0,"enemies":"Small Slimes","floor":1.0,"turns":2.0},{"damage":1.0,"enemies":"Cultist","floor":2.0,"turns":3.0},{"damage":0.0,"enemies":"2 Louse","floor":4.0,"turns":2.0},{"damage":15.0,"enemies":"3 Sentries","floor":7.0,"turns":4.0},{"damage":0.0,"enemies":"2 Fungi Beasts","floor":8.0,"turns":1.0},{"damage":0.0,"enemies":"Blue Slaver","floor":10.0,"turns":1.0},{"damage":3.0,"enemies":"Looter","floor":14.0,"turns":3.0},{"damage":14.0,"enemies":"Slime Boss","floor":16.0,"turns":7.0},{"damage":2.0,"enemies":"Shell Parasite","floor":18.0,"turns":6.0},{"damage":5.0,"enemies":"3 Byrds","floor":20.0,"turns":3.0},{"damage":6.0,"enemies":"Colosseum Slavers","floor":21.0,"turns":5.0},{"damage":24.0,"enemies":"Gremlin Leader","floor":28.0,"turns":6.0},{"damage":1.0,"enemies":"Collector","floor":33.0,"turns":7.0},{"damage":0.0,"enemies":"3 Darklings","floor":35.0,"turns":4.0},{"damage":13.0,"enemies":"2 Orb Walkers","floor":36.0,"turns":8.0},{"damage":4.0,"enemies":"Giant Head","floor":40.0,"turns":8.0},{"damage":2.0,"enemies":"Orb Walker","floor":42.0,"turns":4.0},{"damage":8,"enemies":"Jaw Worm Horde","floor":45,"turns":3},{"damage":8,"enemies":"Maw","floor":46,"turns":6},{"damage":0,"enemies":"4 Shapes","floor":48,"turns":5},{"damage":23,"enemies":"Donu and Deca","floor":50,"turns":5}],"seed_played":"-3245306943015909696","potions_obtained":[{"floor":2.0,"key":"Weak Potion"},{"floor":7.0,"key":"Swift Potion"},{"floor":20.0,"key":"Block Potion"},{"floor":35.0,"key":"SkillPotion"},{"floor":36.0,"key":"Swift Potion"},{"floor":46,"key":"Fruit Juice"}],"is_trial":false,"path_per_floor":["M","M","$","M","?","R","E","M","T","M","?","R","$","M","R","B",null,"M","?","M","?","?","T","?","R","T","R","E","R","?","$","R","B",null,"M","?","?","$","$","E","R","M","T","R","M","M","$","M","R","B",null],"character_chosen":"DEFECT","items_purchased":["Conserve Battery","Defragment","ClockworkSouvenir","Omamori","Glacier","FairyPotion","Art of War","PowerPotion","Heatsinks","Leap"],"campfire_rested":0,"item_purchase_floors":[3,31,31,31,31,31,39,47,47,47],"current_hp_per_floor":[64,63,63,63,63,63,48,48,48,48,36,36,36,33,33,19,53,51,51,46,40,40,40,40,40,40,40,16,16,16,16,16,15,52,52,39,39,39,39,35,35,33,33,33,25,22,22,22,22,6],"gold":22,"neow_bonus":"TRANSFORM_TWO_CARDS","is_prod":false,"is_daily":false,"chose_seed":false,"campfire_upgraded":10,"win_rate":0,"timestamp":1546924947,"path_taken":["M","M","$","M","?","R","E","M","T","M","?","R","$","M","R","BOSS","M","?","M","?","?","?","?","R","T","R","E","R","?","?","R","BOSS","M","?","?","?","$","E","R","M","T","R","M","M","$","M","R","BOSS"],"build_version":"2019-01-03v4","purchased_purges":1,"victory":true,"max_hp_per_floor":[64,64,64,64,64,64,64,64,64,64,64,64,64,64,64,64,64,64,64,64,64,64,64,64,64,64,64,64,64,64,64,64,64,64,64,64,64,64,64,64,64,64,64,64,64,69,69,69,69,69],"card_choices":[{"not_picked":["Compile Driver","Doom and Gloom"],"picked":"Leap","floor":1.0},{"not_picked":["Rebound","Streamline"],"picked":"Coolheaded","floor":2.0},{"not_picked":["Barrage","Static Discharge"],"picked":"Redo","floor":4.0},{"not_picked":["Rebound","Leap"],"picked":"Go for the Eyes","floor":7.0},{"not_picked":["Streamline","Undo","Barrage"],"picked":"SKIP","floor":8.0},{"not_picked":["Redo","Conserve Battery"],"picked":"Loop","floor":10.0},{"not_picked":["Auto Shields","Stack"],"picked":"Core Surge","floor":14.0},{"not_picked":["Thunder Strike","Rainbow"],"picked":"Fission","floor":16.0},{"not_picked":["Reinforced Body","Rip and Tear"],"picked":"FTL+1","floor":18.0},{"not_picked":["Beam Cell","Auto Shields"],"picked":"Leap","floor":20.0},{"not_picked":["Conserve Battery","Beam Cell","Stack"],"picked":"SKIP","floor":28.0},{"not_picked":["Hyperbeam","Creative AI"],"picked":"Rainbow","floor":33.0},{"not_picked":["Rebound","Go for the Eyes"],"picked":"White Noise+1","floor":35.0},{"not_picked":["Rebound","Lockon"],"picked":"Defragment","floor":36.0},{"not_picked":["Mayhem","Finesse"],"picked":"Secret Technique","floor":37.0},{"not_picked":["Force Field","Ball Lightning"],"picked":"Darkness","floor":40.0},{"not_picked":["Chaos","Steam Power+1","Stack"],"picked":"SKIP","floor":42.0},{"not_picked":["Doom and Gloom","Cold Snap"],"picked":"Defragment","floor":45},{"not_picked":["Beam Cell","Doom and Gloom","Sweeping Beam"],"picked":"SKIP","floor":46},{"not_picked":["Coolheaded","Barrage"],"picked":"Defragment","floor":48}],"player_experience":416722,"relics_obtained":[{"floor":7.0,"key":"MawBank"},{"floor":9.0,"key":"Juzu Bracelet"},{"floor":23.0,"key":"Ancient Tea Set"},{"floor":26.0,"key":"Gremlin Horn"},{"floor":28.0,"key":"Darkstone Periapt"},{"floor":36.0,"key":"Incense Burner"},{"floor":40.0,"key":"Dream Catcher"},{"floor":43.0,"key":"Pen Nib"}],"event_choices":[{"cards_removed":["Strike_B"],"damage_healed":0.0,"max_hp_gain":0.0,"max_hp_loss":0.0,"gold_gain":0.0,"event_name":"Bonfire Elementals","player_choice":"Offered Basic","floor":5.0,"gold_loss":0.0,"damage_taken":0.0},{"damage_healed":0.0,"max_hp_gain":0.0,"max_hp_loss":0.0,"gold_gain":0.0,"event_name":"Scrap Ooze","player_choice":"Success","floor":11.0,"gold_loss":0.0,"damage_taken":12.0,"relics_obtained":["Happy Flower"]},{"damage_healed":0.0,"max_hp_gain":0.0,"max_hp_loss":0.0,"gold_gain":0.0,"event_name":"Ghosts","player_choice":"Ignored","floor":19.0,"gold_loss":0.0,"damage_taken":0.0},{"damage_healed":0.0,"max_hp_gain":0.0,"max_hp_loss":0.0,"gold_gain":0.0,"event_name":"Colosseum","player_choice":"Fight","floor":21.0,"gold_loss":0.0,"damage_taken":0.0},{"damage_healed":0.0,"max_hp_gain":0.0,"max_hp_loss":0.0,"gold_gain":0.0,"event_name":"Colosseum","player_choice":"Fled From Nobs","floor":21.0,"gold_loss":0.0,"damage_taken":0.0},{"damage_healed":0.0,"max_hp_gain":0.0,"max_hp_loss":0.0,"gold_gain":0.0,"cards_transformed":["Strike_B","Defend_B"],"event_name":"Drug Dealer","player_choice":"Became Test Subject","floor":22.0,"gold_loss":0.0,"damage_taken":0.0,"cards_obtained":["Force Field","Creative AI"]},{"cards_removed":["Force Field"],"damage_healed":0.0,"max_hp_gain":0.0,"max_hp_loss":0.0,"gold_gain":0.0,"event_name":"Back to Basics","player_choice":"Elegance","floor":24.0,"gold_loss":0.0,"damage_taken":0.0},{"damage_healed":0.0,"max_hp_gain":0.0,"max_hp_loss":0.0,"gold_gain":0.0,"event_name":"Vampires","player_choice":"Ignored","floor":30.0,"gold_loss":0.0,"damage_taken":0.0},{"damage_healed":0.0,"max_hp_gain":0.0,"max_hp_loss":0.0,"gold_gain":0.0,"event_name":"Mysterious Sphere","player_choice":"Fight","floor":36.0,"gold_loss":0.0,"damage_taken":0.0},{"damage_healed":0.0,"max_hp_gain":0.0,"max_hp_loss":0.0,"gold_gain":0.0,"event_name":"SensoryStone","player_choice":"Memory 1","floor":37.0,"gold_loss":0.0,"damage_taken":0.0}],"is_beta":false,"boss_relics":[{"not_picked":["Philosopher\u0027s Stone","Pandora\u0027s Box"],"picked":"Coffee Dripper"},{"not_picked":["Eternal Feather","Nuclear Battery"],"picked":"Inserter"}],"items_purged_floors":[3],"is_endless":false,"potions_floor_spawned":[2,7,20,35,36,46,48],"ascension_level":14}