{"gold_per_floor":[110,126,126,201,35,35,54,92,92,116,134,159,159,174,174,174],"floor_reached":16,"playtime":582,"items_purged":[],"score":208,"play_id":"4b2aec31-d74c-45a7-9c4d-325947168066","local_time":"20181019090207","is_ascension_mode":true,"campfire_choices":[{"floor":6.0,"key":"REST"},{"floor":13,"key":"REST"},{"data":"Go for the Eyes","floor":15,"key":"SMITH"}],"neow_cost":"NONE","seed_source_timestamp":656394979585086,"circlet_count":0,"master_deck":["Strike_B","Strike_B","Strike_B","Strike_B","Defend_B","Defend_B","Defend_B","Defend_B","Zap","Dualcast","AscendersBane","Cold Snap","Cold Snap","Sunder","Reinforced Body","Go for the Eyes+1","FTL","Cold Snap"],"special_seed":0,"relics":["Cracked Core","NeowsBlessing","Golden Idol","Lantern","Pocketwatch","Unceasing Top"],"potions_floor_usage":[12,16],"damage_taken":[{"damage":0.0,"enemies":"2 Louse","floor":1.0,"turns":1.0},{"damage":0.0,"enemies":"Jaw Worm","floor":2.0,"turns":1.0},{"damage":0,"enemies":"Small Slimes","floor":7,"turns":1},{"damage":24,"enemies":"Lagavulin","floor":8,"turns":11},{"damage":0,"enemies":"2 Fungi Beasts","floor":10,"turns":2},{"damage":7,"enemies":"Blue Slaver","floor":11,"turns":2},{"damage":15,"enemies":"Exordium Thugs","floor":12,"turns":4},{"damage":10,"enemies":"Lots of Slimes","floor":14,"turns":4},{"damage":21,"enemies":"The Guardian","floor":16,"turns":11}],"seed_played":"-3431222297032743943","potions_obtained":[{"floor":8,"key":"FocusPotion"},{"floor":10,"key":"SpeedPotion"},{"floor":12,"key":"FocusPotion"}],"is_trial":false,"path_per_floor":["M","M","?","?","$","R","M","E","T","M","M","M","R","M","R"],"character_chosen":"DEFECT","items_purchased":["Lantern"],"campfire_rested":2,"item_purchase_floors":[5],"current_hp_per_floor":[64,64,40,29,29,50,50,26,26,26,19,4,25,15,15,0],"gold":174,"neow_bonus":"THREE_ENEMY_KILL","is_prod":false,"is_daily":false,"chose_seed":false,"campfire_upgraded":1,"win_rate":0,"timestamp":1539954127,"path_taken":["M","M","?","?","$","R","M","E","T","M","?","M","R","M","R","BOSS"],"build_version":"2018-10-18","purchased_purges":0,"victory":false,"max_hp_per_floor":[71,71,71,71,71,71,71,71,71,71,71,71,71,71,71,71],"card_choices":[{"not_picked":["Leap","Barrage"],"picked":"Cold Snap","floor":1.0},{"not_picked":["Chaos","Streamline"],"picked":"Cold Snap","floor":2.0},{"not_picked":["Coolheaded","Turbo"],"picked":"Sunder","floor":7},{"not_picked":["Reboot","Barrage"],"picked":"Reinforced Body","floor":8},{"not_picked":["Double Energy","Sweeping Beam"],"picked":"Go for the Eyes","floor":10},{"not_picked":["Streamline","Go for the Eyes","Compile Driver"],"picked":"SKIP","floor":11},{"not_picked":["Compile Driver","Barrage"],"picked":"FTL","floor":12},{"not_picked":["Static Discharge","Go for the Eyes"],"picked":"Cold Snap","floor":14}],"player_experience":982355,"relics_obtained":[{"floor":8,"key":"Pocketwatch"},{"floor":9,"key":"Unceasing Top"}],"event_choices":[{"damage_healed":0.0,"max_hp_gain":0.0,"max_hp_loss":0.0,"gold_gain":0.0,"event_name":"Golden Idol","player_choice":"Take Damage","floor":3.0,"gold_loss":0.0,"damage_taken":24.0,"relics_obtained":["Golden Idol"]},{"damage_healed":0.0,"max_hp_gain":0.0,"max_hp_loss":0.0,"gold_gain":75.0,"event_name":"World of Goop","player_choice":"Gather Gold","floor":4.0,"gold_loss":0.0,"damage_taken":11.0}],"is_beta":false,"boss_relics":[],"items_purged_floors":[],"is_endless":false,"potions_floor_spawned":[8,10,11,12],"killed_by":"The Guardian","ascension_level":20}