{"path_per_floor":["M","M","$","?","M","R","M","R","T","E","M","M","?","M","R","B",null,"M","M","?","M","$","R","T","R","T","E","$","E","?","E","R","B",null,"M","$","?","T","M","R","E","R","T","M","M","M","$","E","R"],"character_chosen":"THE_SILENT","items_purchased":["Flying Knee","Acrobatics","Footwork","Acrobatics","Footwork"],"gold_per_floor":[115,127,52,52,62,62,73,73,100,127,146,157,107,125,125,226,226,236,255,255,266,71,71,97,97,97,129,39,65,65,92,92,197,197,217,52,52,52,65,65,97,97,123,142,158,172,22,48,48],"floor_reached":50,"campfire_rested":1,"playtime":2561,"current_hp_per_floor":[60,60,60,65,65,65,63,63,63,51,49,49,49,49,49,31,68,50,50,50,48,48,48,48,48,48,48,48,44,44,46,46,48,68,68,68,68,68,68,68,68,68,68,57,52,28,28,30,50],"items_purged":["Strike_G","Strike_G","Defend_G","Doubt"],"gold":48,"score":720,"play_id":"d003cb16-fc12-48f9-9191-8ffc08b540f1","is_prod":false,"is_daily":false,"is_ascension_mode":true,"campfire_upgraded":8,"path_taken":["M","M","$","?","M","R","M","R","T","E","M","M","?","M","R","BOSS","M","M","?","M","$","R","?","R","T","E","$","E","?","E","R","BOSS","M","?","?","?","M","R","E","R","T","?","M","M","$","E","R","BOSS"],"build_version":"2018-02-21-BETA5","purchased_purges":4,"victory":false,"master_deck":["Defend_G","Defend_G","Defend_G","Survivor","Neutralize+1","Backflip+1","Caltrops+1","Backstab","Footwork+1","Flechettes+1","Backstab","Backstab+1","Bullet Time+1","Noxious Fumes+1","Backflip+1","Terror","Flying Knee+1","Acrobatics","A Thousand Cuts+1","Footwork+1","Acrobatics","A Thousand Cuts","Predator+1","Burst+1","Flying Knee+1","Footwork","Injury","PiercingWail","Die Die Die","Outmaneuver","Leg Sweep+1","Backstab","Footwork+1"],"max_hp_per_floor":[63,63,63,68,68,68,68,68,68,68,68,68,68,68,68,68,68,68,68,68,68,68,68,68,68,68,68,68,68,68,68,68,68,68,68,68,68,68,68,68,68,68,68,68,68,68,68,68,68],"relics":["Ring of the Snake","Dream Catcher","Bag of Preparation","Sozu","Anchor","Mummified Hand","Blood Vial","Toolbox","War Paint","Cursed Key","Whetstone","Ancient Tea Set","Happy Flower","Ginger"],"card_choices":[{"not_picked":["Blur","Dodge and Roll"],"picked":"Backflip"},{"not_picked":["Catalyst","Underhanded Strike"],"picked":"Caltrops"},{"not_picked":["Prepared","Cloak And Dagger"],"picked":"Backstab"},{"not_picked":["Blur","Dash"],"picked":"Footwork"},{"not_picked":["Venomology","Blade Dance"],"picked":"Flechettes"},{"not_picked":["Dagger Throw","Slice"],"picked":"Backstab"},{"not_picked":["Catalyst","Slice"],"picked":"Backstab"},{"not_picked":["Tools of the Trade","Envenom"],"picked":"Bullet Time"},{"not_picked":["Underhanded Strike","Flying Knee"],"picked":"Noxious Fumes"},{"not_picked":["Endless Agony","Infinite Blades"],"picked":"Backflip"},{"not_picked":["Underhanded Strike","Crippling Poison"],"picked":"Terror"},{"not_picked":["Eviscerate","Quick Slash"],"picked":"A Thousand Cuts"},{"not_picked":["Slice","Skewer"],"picked":"A Thousand Cuts"},{"not_picked":["Dagger Spray","Deadly Poison"],"picked":"Predator"},{"not_picked":["Venomology","Envenom"],"picked":"Burst"},{"not_picked":["Dagger Spray","Deflect"],"picked":"Flying Knee"},{"not_picked":["Dagger Spray","Underhanded Strike"],"picked":"PiercingWail"},{"not_picked":["Flechettes","Accuracy"],"picked":"Die Die Die"},{"not_picked":["Skewer","Terror"],"picked":"Outmaneuver"},{"not_picked":["All Out Attack","Masterful Stab"],"picked":"Leg Sweep"},{"not_picked":["Cloak And Dagger","Prepared"],"picked":"Backstab"},{"not_picked":["Infinite Blades","Cloak And Dagger"],"picked":"Footwork"}],"player_experience":45512,"potions_floor_usage":[16],"damage_taken":[{"damage":3,"enemies":"Jaw Worm","floor":1,"turns":4},{"damage":0,"enemies":"2 Louse","floor":2,"turns":3},{"damage":0,"enemies":"Small Slimes","floor":5,"turns":5},{"damage":2,"enemies":"Looter","floor":7,"turns":4},{"damage":12,"enemies":"Lagavulin","floor":10,"turns":10},{"damage":2,"enemies":"Blue Slaver","floor":11,"turns":3},{"damage":0,"enemies":"3 Louse","floor":12,"turns":3},{"damage":0,"enemies":"Looter","floor":14,"turns":1},{"damage":33,"enemies":"Slime Boss","floor":16,"turns":13},{"damage":18,"enemies":"3 Byrds","floor":18,"turns":4},{"damage":0,"enemies":"Spheric Guardian","floor":19,"turns":3},{"damage":2,"enemies":"Snake Plant","floor":21,"turns":4},{"damage":0,"enemies":"Gremlin Leader","floor":27,"turns":6},{"damage":6,"enemies":"Slavers","floor":29,"turns":4},{"damage":0,"enemies":"Gremlin Leader","floor":31,"turns":6},{"damage":0,"enemies":"Collector","floor":33,"turns":6},{"damage":0,"enemies":"3 Shapes","floor":35,"turns":2},{"damage":0,"enemies":"Flame Bruiser 1 Orb","floor":39,"turns":4},{"damage":0,"enemies":"2 Orb Walkers","floor":41,"turns":4},{"damage":11,"enemies":"3 Darklings","floor":44,"turns":4},{"damage":7,"enemies":"4 Shapes","floor":45,"turns":3},{"damage":26,"enemies":"Spire Growth","floor":46,"turns":5},{"damage":0,"enemies":"Giant Head","floor":48,"turns":5},{"damage":56,"enemies":"Awakened One","floor":50,"turns":3}],"event_choices":[{"event_name":"Big Fish","player_choice":"Donut","floor":4,"damage_taken":0},{"event_name":"The Cleric","player_choice":"Card Removal","floor":13,"damage_taken":0},{"event_name":"Back to Basics","player_choice":"Elegance","floor":20,"damage_taken":0},{"event_name":"Addict","player_choice":"Ignored","floor":30,"damage_taken":0},{"event_name":"Accursed Blacksmith","player_choice":"Forge","floor":37,"damage_taken":0}],"boss_relics":[{"not_picked":["Question Card","Ectoplasm"],"picked":"Sozu"},{"not_picked":["Runic Dome","Velvet Choker"],"picked":"Cursed Key"}],"potions_floor_spawned":[1,5,7,14,18,31,44,48],"seed_played":"5964832243773138929","killed_by":"Awakened One","ascension_level":1,"is_trial":false}