{"gold_per_floor":[111,111,121,135,11,11,45,60,60,9,9,21,32,47,47,145,145,163,175,0,0,20,20,54,54,54,54,153,3,13,40,40,145,145,157,157,173,0,0,0,0,15,15,15,15,30,30],"floor_reached":47,"playtime":3427,"items_purged":["Shame","Pain","Strike_R"],"score":445,"play_id":"ab5d70d7-596c-4315-b379-c528d927c776","local_time":"20190317223952","is_ascension_mode":false,"campfire_choices":[{"data":"Rupture","floor":6,"key":"SMITH"},{"floor":11,"key":"REST"},{"floor":15,"key":"REST"},{"data":"True Grit","floor":23,"key":"SMITH"},{"floor":32,"key":"REST"},{"floor":40,"key":"REST"},{"floor":45,"key":"REST"}],"neow_cost":"NONE","seed_source_timestamp":25456610084600,"circlet_count":0,"master_deck":["Strike_R","Strike_R","Strike_R","Defend_R","Defend_R","Defend_R","Defend_R","Bash","Rupture+1","Bloodletting","Battle Trance","Sword Boomerang","Fiend Fire","Twin Strike","Iron Wave","Blood for Blood","Inflame","True Grit+1","Juggernaut","Battle Trance","Rage","Clothesline","True Grit","Flame Barrier","J.A.X.","Shrug It Off","Brutality","Madness","Madness","Carnage+1","Impatience"],"relics":["Calling Bell","Bronze Scales","Shuriken","Nunchaku","Ornamental Fan","Kunai","Busted Crown","Happy Flower","Blood Vial","Strawberry","White Beast Statue","Red Mask","Anchor"],"potions_floor_usage":[8,16,33,33,33,46,47],"damage_taken":[{"damage":11,"enemies":"Cultist","floor":1,"turns":4},{"damage":4,"enemies":"Jaw Worm","floor":3,"turns":3},{"damage":11,"enemies":"Small Slimes","floor":4,"turns":4},{"damage":42,"enemies":"Lagavulin","floor":7,"turns":6},{"damage":6,"enemies":"Blue Slaver","floor":8,"turns":3},{"damage":3,"enemies":"Looter","floor":12,"turns":2},{"damage":4,"enemies":"Exordium Wildlife","floor":13,"turns":3},{"damage":12,"enemies":"3 Louse","floor":14,"turns":2},{"damage":10,"enemies":"The Guardian","floor":16,"turns":6},{"damage":13,"enemies":"Chosen","floor":18,"turns":3},{"damage":13,"enemies":"Shell Parasite","floor":19,"turns":4},{"damage":23,"enemies":"Snecko","floor":22,"turns":4},{"damage":25,"enemies":"Book of Stabbing","floor":24,"turns":5},{"damage":7,"enemies":"3 Cultists","floor":30,"turns":6},{"damage":29,"enemies":"Collector","floor":33,"turns":8},{"damage":33,"enemies":"3 Darklings","floor":35,"turns":6},{"damage":11,"enemies":"3 Shapes","floor":37,"turns":7},{"damage":28,"enemies":"3 Darklings","floor":42,"turns":5},{"damage":6,"enemies":"4 Shapes","floor":46,"turns":6},{"damage":54,"enemies":"Nemesis","floor":47,"turns":6}],"seed_played":"-3294326422810485","potions_obtained":[{"floor":7,"key":"Regen Potion"},{"floor":8,"key":"Block Potion"},{"floor":12,"key":"SkillPotion"},{"floor":13,"key":"EssenceOfSteel"},{"floor":16,"key":"Ancient Potion"},{"floor":35,"key":"Swift Potion"},{"floor":37,"key":"SneckoOil"},{"floor":42,"key":"Ancient Potion"},{"floor":46,"key":"Explosive Potion"}],"is_trial":false,"path_per_floor":["M","?","M","M","$","R","E","M","T","$","R","M","M","M","R","B",null,"M","M","$","?","M","R","E","$","T","?","?","$","M","T","R","B",null,"M","?","M","?","$","R","?","M","T","?","R","M","E"],"character_chosen":"IRONCLAD","items_purchased":["Sword Boomerang","Iron Wave","Rage","Shrug It Off"],"campfire_rested":5,"item_purchase_floors":[5,10,20,29],"current_hp_per_floor":[69,62,58,47,47,47,5,8,8,8,32,29,25,13,37,27,80,67,54,54,54,31,31,6,6,6,6,6,6,1,8,34,7,87,54,43,34,34,34,60,55,29,29,29,55,51,0],"gold":30,"neow_bonus":"BOSS_RELIC","is_prod":false,"is_daily":false,"chose_seed":false,"campfire_upgraded":2,"win_rate":0.0,"timestamp":1552842592,"path_taken":["M","?","M","M","$","R","E","M","T","$","R","M","M","M","R","BOSS","M","M","$","?","M","R","E","$","T","?","?","?","M","?","R","BOSS","M","?","M","?","?","R","?","?","T","?","R","M","E"],"build_version":"2019-01-23","purchased_purges":3,"victory":false,"max_hp_per_floor":[80,80,80,80,80,80,80,80,80,80,80,80,80,80,80,80,80,80,80,80,80,80,80,80,80,80,80,80,80,80,87,87,87,87,87,87,87,87,87,87,87,87,87,87,87,87,87],"card_choices":[{"not_picked":["Perfected Strike","Cleave"],"picked":"Rupture","floor":1},{"not_picked":["Cleave","Anger"],"picked":"Bloodletting","floor":3},{"not_picked":["Uppercut","Rage"],"picked":"Battle Trance","floor":4},{"not_picked":["Impervious","Anger"],"picked":"Fiend Fire","floor":7},{"not_picked":["Burning Pact","Headbutt"],"picked":"Twin Strike","floor":8},{"not_picked":["Flex","Corruption"],"picked":"Blood for Blood","floor":12},{"not_picked":["Perfected Strike","Searing Blow"],"picked":"Inflame","floor":13},{"not_picked":["Metallicize","Warcry"],"picked":"True Grit","floor":14},{"not_picked":["Dark Embrace","Impervious"],"picked":"Juggernaut","floor":16},{"not_picked":[],"picked":"Battle Trance","floor":18},{"not_picked":["Perfected Strike"],"picked":"SKIP","floor":19},{"not_picked":[],"picked":"True Grit","floor":22},{"not_picked":[],"picked":"Flame Barrier","floor":24},{"not_picked":["Perfected Strike"],"picked":"SKIP","floor":30},{"not_picked":[],"picked":"Brutality","floor":33},{"not_picked":["Cleave+1"],"picked":"SKIP","floor":35},{"not_picked":[],"picked":"Carnage+1","floor":37},{"not_picked":[],"picked":"Impatience","floor":41},{"not_picked":["Warcry"],"picked":"SKIP","floor":42},{"not_picked":["Twin Strike+1"],"picked":"SKIP","floor":46}],"player_experience":15809,"relics_obtained":[{"floor":0,"key":"Bronze Scales"},{"floor":0,"key":"Shuriken"},{"floor":0,"key":"Nunchaku"},{"floor":7,"key":"Ornamental Fan"},{"floor":9,"key":"Kunai"},{"floor":24,"key":"Happy Flower"},{"floor":26,"key":"Blood Vial"},{"floor":31,"key":"Strawberry"},{"floor":43,"key":"Anchor"}],"event_choices":[{"cards_removed":["Normality"],"damage_healed":0,"gold_gain":0,"player_choice":"Card Removal","damage_taken":7,"max_hp_gain":0,"max_hp_loss":0,"event_name":"Golden Wing","floor":2,"gold_loss":0},{"damage_healed":0,"gold_gain":0,"player_choice":"Read","damage_taken":0,"max_hp_gain":0,"max_hp_loss":0,"event_name":"The Library","floor":21,"gold_loss":0,"cards_obtained":["Clothesline"]},{"damage_healed":0,"gold_gain":0,"player_choice":"Obtain J.A.X.","damage_taken":0,"max_hp_gain":0,"max_hp_loss":0,"event_name":"Drug Dealer","floor":27,"gold_loss":0,"cards_obtained":["J.A.X."]},{"damage_healed":0,"gold_gain":99,"player_choice":"Stole From Cult","damage_taken":0,"max_hp_gain":0,"max_hp_loss":0,"event_name":"Nest","floor":28,"gold_loss":0},{"damage_healed":0,"gold_gain":0,"player_choice":"Embrace Madness","damage_taken":11,"max_hp_gain":0,"max_hp_loss":0,"event_name":"Winding Halls","floor":36,"gold_loss":0,"cards_obtained":["Madness","Madness"]},{"damage_healed":0,"gold_gain":0,"player_choice":"Paid","damage_taken":0,"relics_obtained":["Red Mask"],"max_hp_gain":0,"max_hp_loss":0,"event_name":"Tomb of Lord Red Mask","floor":38,"gold_loss":173},{"damage_healed":0,"gold_gain":0,"player_choice":"Memory 2","damage_taken":5,"max_hp_gain":0,"max_hp_loss":0,"event_name":"SensoryStone","floor":41,"gold_loss":0},{"cards_removed":["Strike_R"],"damage_healed":0,"gold_gain":0,"player_choice":"Removed Attack","damage_taken":0,"max_hp_gain":0,"max_hp_loss":0,"event_name":"Falling","floor":44,"gold_loss":0}],"is_beta":false,"boss_relics":[{"not_picked":["Sozu","Coffee Dripper"],"picked":"Busted Crown"},{"not_picked":["Velvet Choker","Eternal Feather"],"picked":"White Beast Statue"}],"items_purged_floors":[5,20,29],"is_endless":false,"potions_floor_spawned":[7,8,12,13,16,19,35,37,42,46],"killed_by":"Nemesis","ascension_level":0}