{"gold_per_floor":[16,26,26,26,42,42,77,34,34,34,44,77,96,96],"floor_reached":14,"playtime":441,"items_purged":[],"score":200,"play_id":"86aec897-bdac-4068-9f23-2d99e36e59fb","local_time":"20181117111058","is_ascension_mode":true,"campfire_choices":[{"data":"Hemokinesis","floor":6.0,"key":"SMITH"},{"data":"Spot Weakness","floor":10.0,"key":"SMITH"}],"neow_cost":"NO_GOLD","seed_source_timestamp":227661422651255,"circlet_count":0,"master_deck":["AscendersBane","Strike_R","Strike_R","Strike_R","Strike_R","Defend_R","Defend_R","Defend_R","Defend_R","Bash","Inflame","Thunderclap","Hemokinesis+1","Headbutt","Spot Weakness+1","True Grit","Cleave","Iron Wave"],"special_seed":0,"relics":["Burning Blood","Champion Belt","Self Forming Clay","Unceasing Top"],"potions_floor_usage":[11,13,14],"damage_taken":[{"damage":8.0,"enemies":"2 Louse","floor":1.0,"turns":4.0},{"damage":9.0,"enemies":"Jaw Worm","floor":2.0,"turns":4.0},{"damage":13.0,"enemies":"Small Slimes","floor":5.0,"turns":5.0},{"damage":26.0,"enemies":"Gremlin Nob","floor":7.0,"turns":4.0},{"damage":6,"enemies":"3 Louse","floor":11,"turns":4},{"damage":19,"enemies":"Lagavulin","floor":12,"turns":6},{"damage":12,"enemies":"Large Slime","floor":13,"turns":5},{"damage":17,"enemies":"3 Sentries","floor":14,"turns":3}],"seed_played":"-631509187333568850","potions_obtained":[{"floor":5.0,"key":"BloodPotion"},{"floor":7.0,"key":"SteroidPotion"},{"floor":12,"key":"LiquidBronze"}],"is_trial":false,"path_per_floor":["M","M","?","?","M","R","E","$","T","R","M","E","M","E"],"character_chosen":"IRONCLAD","items_purchased":["Spot Weakness"],"campfire_rested":0,"item_purchase_floors":[8],"current_hp_per_floor":[66,63,56,56,49,49,29,29,29,29,36,23,17,0],"gold":96,"neow_bonus":"ONE_RARE_RELIC","is_prod":false,"is_daily":false,"chose_seed":false,"campfire_upgraded":2,"win_rate":0,"timestamp":1542471058,"path_taken":["M","M","?","?","M","R","E","?","T","R","M","E","M","E"],"build_version":"2018-11-15","purchased_purges":0,"victory":false,"max_hp_per_floor":[75,75,75,75,75,75,75,75,75,75,75,75,75,75],"card_choices":[{"not_picked":["True Grit","Pommel Strike"],"picked":"Inflame","floor":1.0},{"not_picked":["Warcry","Hemokinesis"],"picked":"Thunderclap","floor":2.0},{"not_picked":["Carnage","Body Slam"],"picked":"Hemokinesis","floor":5.0},{"not_picked":["Intimidate","Bloodletting"],"picked":"Headbutt","floor":7.0},{"not_picked":["Spot Weakness","Pommel Strike"],"picked":"True Grit","floor":11},{"not_picked":["Double Tap","Hemokinesis"],"picked":"Cleave","floor":12},{"not_picked":["Dual Wield","Body Slam"],"picked":"Iron Wave","floor":13}],"player_experience":875020,"relics_obtained":[{"floor":7.0,"key":"Self Forming Clay"},{"floor":12,"key":"Unceasing Top"}],"event_choices":[{"cards_removed":["Strike_R"],"damage_healed":0.0,"max_hp_gain":0.0,"max_hp_loss":0.0,"gold_gain":0.0,"event_name":"Golden Wing","player_choice":"Card Removal","floor":3.0,"gold_loss":0.0,"damage_taken":7.0},{"damage_healed":0.0,"max_hp_gain":0.0,"max_hp_loss":0.0,"gold_gain":0.0,"event_name":"The Cleric","player_choice":"Leave","floor":4.0,"gold_loss":0.0,"damage_taken":0.0}],"is_beta":true,"boss_relics":[],"items_purged_floors":[],"is_endless":false,"potions_floor_spawned":[5,7,12],"killed_by":"3 Sentries","ascension_level":20}