{"gold_per_floor":[116,66,78,3,103,138,153,163,188,205,129,156,156,171,171,275,275,294,219,219,80,97,97,128,128,154,172,172,172],"floor_reached":29,"playtime":629,"items_purged":["Strike_R"],"score":306,"play_id":"dafdd974-5801-49a3-8ceb-1a6cd0ee8ecf","local_time":"20190312073735","is_ascension_mode":true,"campfire_choices":[{"data":"Clothesline","floor":13,"key":"SMITH"},{"data":"Twin Strike","floor":15,"key":"SMITH"},{"data":"Feed","floor":23,"key":"SMITH"},{"data":"Limit Break","floor":25,"key":"SMITH"}],"neow_cost":"NONE","seed_source_timestamp":348900390097793,"circlet_count":0,"master_deck":["Strike_R","Strike_R","Defend_R","Defend_R","Defend_R","Defend_R","Bash","Clothesline+1","Anger","Flex","Clash","Inflame","Cleave","Twin Strike+1","Feed","Heavy Blade","Feed+1","Shockwave+1","Limit Break+1"],"relics":["Burning Blood","NeowsBlessing","Art of War","Vajra","Boot","Happy Flower","White Beast Statue","Kunai","Oddly Smooth Stone"],"potions_floor_usage":[10,12,16,24,24,27,28,29],"damage_taken":[{"damage":0,"enemies":"2 Louse","floor":1,"turns":1},{"damage":0,"enemies":"Small Slimes","floor":3,"turns":1},{"damage":0,"enemies":"3 Sentries","floor":6,"turns":1},{"damage":0,"enemies":"Cultist","floor":7,"turns":3},{"damage":11,"enemies":"3 Louse","floor":8,"turns":3},{"damage":0,"enemies":"Red Slaver","floor":10,"turns":1},{"damage":8,"enemies":"Gremlin Nob","floor":12,"turns":4},{"damage":0,"enemies":"Large Slime","floor":14,"turns":4},{"damage":49,"enemies":"Hexaghost","floor":16,"turns":5},{"damage":8,"enemies":"Chosen","floor":18,"turns":4},{"damage":11,"enemies":"Spheric Guardian","floor":22,"turns":3},{"damage":49,"enemies":"Gremlin Leader","floor":24,"turns":5},{"damage":24,"enemies":"Shelled Parasite and Fungi","floor":27,"turns":4},{"damage":27,"enemies":"Colosseum Slavers","floor":28,"turns":3},{"damage":18,"enemies":"Snake Plant","floor":29,"turns":1}],"seed_played":"4777230099121983033","potions_obtained":[{"floor":7,"key":"Poison Potion"},{"floor":8,"key":"Swift Potion"},{"floor":10,"key":"Block Potion"},{"floor":14,"key":"Explosive Potion"},{"floor":18,"key":"GamblersBrew"},{"floor":22,"key":"Regen Potion"},{"floor":24,"key":"Energy Potion"},{"floor":27,"key":"Fire Potion"}],"is_trial":false,"path_per_floor":["M","?","M","$","?","E","M","M","T","M","?","E","R","M","R","B",null,"M","?","?","$","M","R","E","R","T","M","?","M"],"character_chosen":"IRONCLAD","items_purchased":["Feed"],"campfire_rested":0,"item_purchase_floors":[21],"current_hp_per_floor":[80,80,80,80,80,80,80,75,75,80,80,78,78,80,80,37,80,81,81,81,81,76,76,50,50,50,36,18,0],"gold":172,"neow_bonus":"THREE_ENEMY_KILL","is_prod":false,"is_daily":false,"chose_seed":false,"campfire_upgraded":4,"win_rate":0,"timestamp":1552401455,"path_taken":["M","?","M","$","?","E","M","M","T","?","?","E","R","M","R","BOSS","M","?","?","$","M","R","E","R","T","?","?","M"],"build_version":"2019-01-23","purchased_purges":1,"victory":false,"max_hp_per_floor":[80,80,80,80,80,80,80,80,80,80,80,80,80,80,80,80,80,83,83,83,83,83,83,86,86,86,90,93,93],"card_choices":[{"not_picked":["Flex","Armaments"],"picked":"Clothesline","floor":1},{"not_picked":["Shrug It Off","Ghostly Armor"],"picked":"Anger","floor":3},{"not_picked":["Whirlwind","True Grit","Second Wind"],"picked":"SKIP","floor":6},{"not_picked":["Wild Strike","Burning Pact"],"picked":"Flex","floor":7},{"not_picked":["Dropkick","Sword Boomerang"],"picked":"Clash","floor":8},{"not_picked":["Cleave","Disarm"],"picked":"Inflame","floor":10},{"not_picked":["Havoc","Whirlwind"],"picked":"Cleave","floor":12},{"not_picked":["Wild Strike","Corruption"],"picked":"Twin Strike","floor":14},{"not_picked":["Dark Embrace","Reaper"],"picked":"Feed","floor":16},{"not_picked":["True Grit","Shrug It Off"],"picked":"Heavy Blade","floor":18},{"not_picked":["Sword Boomerang","Cleave"],"picked":"Shockwave+1","floor":22},{"not_picked":["Heavy Blade","Flex"],"picked":"Limit Break","floor":24},{"not_picked":["Battle Trance","Clash","Wild Strike"],"picked":"SKIP","floor":27}],"player_experience":339738,"relics_obtained":[{"floor":6,"key":"Art of War"},{"floor":9,"key":"Vajra"},{"floor":12,"key":"Happy Flower"},{"floor":24,"key":"Kunai"},{"floor":26,"key":"Oddly Smooth Stone"}],"event_choices":[{"cards_removed":["Strike_R"],"damage_healed":0,"gold_gain":0,"player_choice":"Card Removal","damage_taken":0,"max_hp_gain":0,"max_hp_loss":0,"event_name":"The Cleric","floor":2,"gold_loss":50},{"damage_healed":0,"gold_gain":100,"player_choice":"Gold","damage_taken":0,"max_hp_gain":0,"max_hp_loss":0,"event_name":"Wheel of Change","floor":5,"gold_loss":0},{"damage_healed":0,"gold_gain":0,"player_choice":"Paid Gold","damage_taken":0,"relics_obtained":["Boot"],"max_hp_gain":0,"max_hp_loss":0,"event_name":"WeMeetAgain","floor":11,"gold_loss":76},{"cards_removed":["Strike_R"],"damage_healed":0,"gold_gain":0,"player_choice":"Gave Gold","damage_taken":0,"max_hp_gain":0,"max_hp_loss":0,"event_name":"Beggar","floor":19,"gold_loss":75},{"damage_healed":0,"gold_gain":0,"player_choice":"0 cards matched","damage_taken":0,"max_hp_gain":0,"max_hp_loss":0,"event_name":"Match and Keep!","floor":20,"gold_loss":0,"cards_obtained":[]},{"damage_healed":0,"gold_gain":0,"player_choice":"Fight","damage_taken":0,"max_hp_gain":0,"max_hp_loss":0,"event_name":"Colosseum","floor":28,"gold_loss":0},{"damage_healed":0,"gold_gain":0,"player_choice":"Fled From Nobs","damage_taken":0,"max_hp_gain":0,"max_hp_loss":0,"event_name":"Colosseum","floor":28,"gold_loss":0}],"is_beta":false,"boss_relics":[{"not_picked":["Astrolabe","Orrery"],"picked":"White Beast Statue"}],"items_purged_floors":[4],"is_endless":false,"potions_floor_spawned":[7,8,10,14,18,22,24,27,28],"killed_by":"Snake Plant","ascension_level":2}