{"gold_per_floor":[119,119,119,132,27,58,74,74,129,129,143,143,182,201,201,296,296,316,316,334,334,355,355,154,69,108,120,132,163,175],"floor_reached":30,"playtime":1358,"items_purged":["Regret"],"score":526,"play_id":"3edfc7a6-dbd8-40cf-a575-f600b64a11e4","local_time":"20181124131454","is_ascension_mode":true,"campfire_choices":[{"data":"Sunder","floor":10,"key":"SMITH"},{"data":"Go for the Eyes","floor":15,"key":"SMITH"},{"floor":23,"key":"REST"},{"floor":27,"key":"REST"}],"neow_cost":"NONE","seed_source_timestamp":839015428184770,"circlet_count":0,"master_deck":["AscendersBane","Strike_B","Strike_B","Strike_B","Defend_B","Defend_B","Defend_B","Defend_B","Zap+1","Dualcast","Conserve Battery","Leap","Compile Driver","Coolheaded","Sunder+1","Biased Cognition","Go for the Eyes+1","Undo","Echo Form","Melter","Undo","Echo Form","Ball Lightning","Steam","Steam"],"relics":["Cracked Core","NeowsBlessing","Omamori","Letter Opener","Bloody Idol","Bronze Scales","Potion Belt","Inserter","DataDisk","MawBank"],"potions_floor_usage":[13,16,22,22],"damage_taken":[{"damage":0,"enemies":"2 Louse","floor":1,"turns":1},{"damage":0,"enemies":"Small Slimes","floor":4,"turns":1},{"damage":0,"enemies":"3 Sentries","floor":6,"turns":1},{"damage":2,"enemies":"Jaw Worm","floor":7,"turns":2},{"damage":16,"enemies":"Exordium Thugs","floor":11,"turns":4},{"damage":5,"enemies":"Gremlin Nob","floor":13,"turns":3},{"damage":2,"enemies":"Large Slime","floor":14,"turns":4},{"damage":5,"enemies":"Slime Boss","floor":16,"turns":10},{"damage":28,"enemies":"2 Thieves","floor":18,"turns":4},{"damage":29,"enemies":"Shell Parasite","floor":20,"turns":6},{"damage":14,"enemies":"Chosen and Byrds","floor":22,"turns":5},{"damage":12,"enemies":"Centurion and Healer","floor":29,"turns":8},{"damage":53,"enemies":"Slavers","floor":30,"turns":2}],"seed_played":"-7261492160342657470","potions_obtained":[{"floor":6,"key":"Energy Potion"},{"floor":11,"key":"Poison Potion"},{"floor":14,"key":"SkillPotion"},{"floor":20,"key":"Regen Potion"}],"is_trial":false,"path_per_floor":["M","?","?","M","$","E","M","?","T","R","M","$","E","M","R","B",null,"M","?","M","?","M","R","$","?","T","R","?","M","E"],"character_chosen":"DEFECT","items_purchased":["Compile Driver","DataDisk","Steam"],"campfire_rested":2,"item_purchase_floors":[5,24,24],"current_hp_per_floor":[64,64,64,64,64,64,62,62,62,62,46,46,41,39,39,34,62,34,34,5,5,6,27,27,27,27,48,48,46,0],"gold":175,"neow_bonus":"THREE_ENEMY_KILL","is_prod":false,"is_daily":false,"chose_seed":false,"campfire_upgraded":2,"win_rate":0,"timestamp":1543083294,"path_taken":["M","?","?","M","$","E","M","?","T","R","M","?","E","?","R","BOSS","M","?","M","?","?","R","$","?","T","R","?","M","E"],"build_version":"2018-11-15","purchased_purges":1,"victory":false,"max_hp_per_floor":[71,71,71,71,71,71,71,71,71,71,71,71,71,71,71,71,71,71,71,71,71,71,71,71,71,71,71,71,71,71],"card_choices":[{"not_picked":["Turbo","Gash"],"picked":"Conserve Battery","floor":1},{"not_picked":["Stack","Meteor Strike"],"picked":"Leap","floor":4},{"not_picked":["Gash","Reprogram"],"picked":"Coolheaded","floor":6},{"not_picked":["Stack","Force Field"],"picked":"Sunder","floor":7},{"not_picked":["Defragment","Self Repair"],"picked":"Biased Cognition","floor":11},{"not_picked":["Cold Snap","Turbo"],"picked":"Go for the Eyes","floor":13},{"not_picked":["Go for the Eyes","Gash"],"picked":"Undo","floor":14},{"not_picked":["All For One","Fission"],"picked":"Echo Form","floor":16},{"not_picked":["Steam Power","Stack"],"picked":"Melter","floor":18},{"not_picked":["Leap","Blizzard"],"picked":"Undo","floor":20},{"not_picked":["Rip and Tear","Double Energy"],"picked":"Ball Lightning","floor":22},{"not_picked":["Aggregate","Redo"],"picked":"Steam","floor":29}],"player_experience":900618,"relics_obtained":[{"floor":6,"key":"Letter Opener"},{"floor":9,"key":"Bronze Scales"},{"floor":13,"key":"Potion Belt"}],"event_choices":[{"damage_healed":0,"gold_gain":0,"player_choice":"Grow","damage_taken":0,"max_hp_gain":0,"max_hp_loss":0,"event_name":"Living Wall","floor":2,"gold_loss":0,"cards_upgraded":["Zap"]},{"damage_healed":0,"gold_gain":0,"player_choice":"Box","damage_taken":0,"relics_obtained":["Omamori"],"max_hp_gain":0,"max_hp_loss":0,"event_name":"Big Fish","floor":3,"gold_loss":0,"cards_obtained":["Regret"]},{"damage_healed":0,"gold_gain":0,"player_choice":"Take Wound","damage_taken":0,"relics_obtained":["Golden Idol"],"max_hp_gain":0,"max_hp_loss":0,"event_name":"Golden Idol","floor":8,"gold_loss":0,"cards_obtained":["Injury"]},{"damage_healed":0,"gold_gain":0,"player_choice":"Ignored","damage_taken":0,"max_hp_gain":0,"max_hp_loss":0,"event_name":"Beggar","floor":19,"gold_loss":0},{"damage_healed":0,"gold_gain":0,"cards_transformed":["Strike_B"],"player_choice":"Transformed","damage_taken":0,"max_hp_gain":0,"max_hp_loss":0,"event_name":"Transmorgrifier","floor":21,"gold_loss":0,"cards_obtained":["Echo Form"]},{"damage_healed":0,"gold_gain":0,"player_choice":"Obtained Relic","damage_taken":0,"relics_obtained":["MawBank"],"max_hp_gain":0,"max_hp_loss":0,"event_name":"Addict","floor":25,"gold_loss":85},{"damage_healed":0,"gold_gain":0,"player_choice":"Gave Idol","damage_taken":0,"relics_obtained":["Bloody Idol"],"max_hp_gain":0,"max_hp_loss":0,"event_name":"Forgotten Altar","floor":28,"relics_lost":["Golden Idol"],"gold_loss":0}],"is_beta":true,"boss_relics":[{"not_picked":["Pandora\u0027s Box","White Beast Statue"],"picked":"Inserter"}],"items_purged_floors":[5],"is_endless":false,"potions_floor_spawned":[6,11,14,20],"killed_by":"Slavers","ascension_level":20}