{"gold_per_floor":[112,187,198,98,111,111,140,140,166,181,181,181,181,204,204,297,297,315,315,217,279,291,303,330,342,435,472,464,476,220,296,296,296],"floor_reached":33,"playtime":1109,"items_purged":["Shame","Shame"],"score":482,"play_id":"64494332-f7aa-40f2-a50e-80c29147bde3","local_time":"20181023085214","is_ascension_mode":true,"campfire_choices":[{"floor":6.0,"key":"REST"},{"floor":8.0,"key":"REST"},{"data":"Defragment","floor":12.0,"key":"SMITH"},{"floor":15.0,"key":"REST"},{"data":"Capacitor","floor":23.0,"key":"SMITH"},{"data":"Go for the Eyes","floor":25.0,"key":"SMITH"},{"floor":29.0,"key":"REST"},{"data":"Defragment","floor":32.0,"key":"SMITH"}],"neow_cost":"CURSE","seed_source_timestamp":1000636364547851,"circlet_count":0,"master_deck":["Strike_B","Strike_B","Strike_B","Strike_B","Defend_B","Defend_B","Defend_B","Defend_B","Zap","Dualcast","AscendersBane","Defragment+1","Conserve Battery","Undo","Go for the Eyes+1","Conserve Battery","Barrage","Ball Lightning","Capacitor+1","Electrodynamics+1","Glacier","Go for the Eyes+1","Leap+1","Self Repair+1","Blizzard","Coolheaded","Defragment+1","Injury"],"special_seed":0,"relics":["Cracked Core","Prayer Wheel","Anchor","Bronze Scales","Golden Idol","Oddly Smooth Stone","Cursed Key","MawBank","Tiny Chest","Molten Egg 2"],"potions_floor_usage":[33],"damage_taken":[{"damage":6.0,"enemies":"Cultist","floor":1.0,"turns":3.0},{"damage":9.0,"enemies":"Small Slimes","floor":3.0,"turns":4.0},{"damage":7.0,"enemies":"Jaw Worm","floor":5.0,"turns":4.0},{"damage":41.0,"enemies":"3 Sentries","floor":7.0,"turns":8.0},{"damage":1.0,"enemies":"Looter","floor":10.0,"turns":2.0},{"damage":0.0,"enemies":"Large Slime","floor":14.0,"turns":5.0},{"damage":16.0,"enemies":"Slime Boss","floor":16.0,"turns":9.0},{"damage":15.0,"enemies":"Spheric Guardian","floor":18.0,"turns":4.0},{"damage":0.0,"enemies":"Shell Parasite","floor":24.0,"turns":5.0},{"damage":7.0,"enemies":"Sentry and Sphere","floor":27.0,"turns":6.0},{"damage":62,"enemies":"Collector","floor":33,"turns":9}],"seed_played":"250095851027351739","potions_obtained":[{"floor":1.0,"key":"Poison Potion"},{"floor":5.0,"key":"LiquidBronze"},{"floor":10.0,"key":"Strength Potion"},{"floor":16.0,"key":"LiquidBronze"},{"floor":28.0,"key":"Swift Potion"}],"is_trial":false,"path_per_floor":["M","?","M","$","M","R","E","R","T","M","?","R","?","M","R","B",null,"M","?","?","?","$","R","M","R","T","M","?","R","$","T","R"],"character_chosen":"DEFECT","items_purchased":["Go for the Eyes","Blizzard","Coolheaded","Defragment"],"campfire_rested":4,"item_purchase_floors":[4,30,30,30],"current_hp_per_floor":[58,47,38,38,31,52,11,32,32,31,31,31,20,20,39,23,54,39,39,39,39,39,39,39,39,39,32,32,51,51,51,51,0],"gold":296,"neow_bonus":"ONE_RARE_RELIC","is_prod":false,"is_daily":false,"chose_seed":false,"campfire_upgraded":4,"win_rate":0,"timestamp":1540299134,"path_taken":["M","?","M","$","?","R","E","R","T","M","?","R","?","M","R","BOSS","M","?","?","?","$","R","M","R","T","M","?","R","$","?","R","BOSS"],"build_version":"2018-10-18","purchased_purges":2,"victory":false,"max_hp_per_floor":[71,71,71,71,71,71,71,71,71,71,64,64,64,64,64,64,64,64,64,64,64,64,64,64,64,64,64,64,64,64,64,64,64],"card_choices":[{"not_picked":["Tempest","Coolheaded"],"picked":"Defragment","floor":1.0},{"not_picked":["Stack","Gash"],"picked":"Conserve Battery","floor":1.0},{"not_picked":["All For One","Coolheaded"],"picked":"Undo","floor":3.0},{"not_picked":["Gash","Scrape","Stack"],"picked":"SKIP","floor":3.0},{"not_picked":["Leap","Darkness"],"picked":"Conserve Battery","floor":5.0},{"not_picked":["Leap","Ball Lightning"],"picked":"Barrage","floor":5.0},{"not_picked":["Coolheaded","Lockon","Heatsinks"],"picked":"SKIP","floor":7.0},{"not_picked":["Hologram","Rip and Tear","White Noise"],"picked":"SKIP","floor":10.0},{"not_picked":["Recycle","Steam","Hello World"],"picked":"SKIP","floor":10.0},{"not_picked":["Skim","Storm"],"picked":"Ball Lightning","floor":14.0},{"not_picked":["Reinforced Body","Aggregate"],"picked":"Capacitor","floor":14.0},{"not_picked":["Buffer","Core Surge"],"picked":"Electrodynamics","floor":16.0},{"not_picked":["Steam","Lockon"],"picked":"Glacier","floor":18.0},{"not_picked":["Ball Lightning","Turbo"],"picked":"Go for the Eyes+1","floor":18.0},{"not_picked":["Chaos","Turbo"],"picked":"Leap+1","floor":24.0},{"not_picked":["Rebound","Rip and Tear","Leap"],"picked":"SKIP","floor":24.0},{"not_picked":["Streamline","Ball Lightning"],"picked":"Self Repair+1","floor":27.0},{"not_picked":["Beam Cell","Streamline","Redo"],"picked":"SKIP","floor":27.0}],"player_experience":1002825,"relics_obtained":[{"floor":7.0,"key":"Anchor"},{"floor":9.0,"key":"Bronze Scales"},{"floor":26.0,"key":"Tiny Chest"},{"floor":31.0,"key":"Molten Egg 2"}],"event_choices":[{"damage_healed":0.0,"max_hp_gain":0.0,"max_hp_loss":0.0,"gold_gain":75.0,"event_name":"World of Goop","player_choice":"Gather Gold","floor":2.0,"gold_loss":0.0,"damage_taken":11.0},{"damage_healed":0.0,"max_hp_gain":0.0,"max_hp_loss":7.0,"gold_gain":0.0,"event_name":"Golden Idol","player_choice":"Lose Max HP","floor":11.0,"gold_loss":0.0,"damage_taken":0.0,"relics_obtained":["Golden Idol"]},{"damage_healed":0.0,"max_hp_gain":0.0,"max_hp_loss":0.0,"gold_gain":0.0,"event_name":"Scrap Ooze","player_choice":"Success","floor":13.0,"gold_loss":0.0,"damage_taken":11.0,"relics_obtained":["Oddly Smooth Stone"]},{"damage_healed":0.0,"max_hp_gain":0.0,"max_hp_loss":0.0,"gold_gain":0.0,"event_name":"The Mausoleum","player_choice":"Opened","floor":19.0,"gold_loss":0.0,"damage_taken":0.0,"relics_obtained":["MawBank"],"cards_obtained":["Writhe"]},{"cards_removed":["Writhe"],"damage_healed":0.0,"max_hp_gain":0.0,"max_hp_loss":0.0,"gold_gain":0.0,"event_name":"Designer","player_choice":"Upgrade and Remove","floor":20.0,"gold_loss":110.0,"damage_taken":0.0,"cards_upgraded":["Electrodynamics"]},{"damage_healed":0.0,"max_hp_gain":0.0,"max_hp_loss":0.0,"gold_gain":50.0,"event_name":"Nest","player_choice":"Stole From Cult","floor":21.0,"gold_loss":0.0,"damage_taken":0.0},{"damage_healed":0.0,"max_hp_gain":0.0,"max_hp_loss":0.0,"gold_gain":0.0,"event_name":"The Woman in Blue","player_choice":"Bought 1 Potion","floor":28.0,"gold_loss":0.0,"damage_taken":0.0}],"is_beta":false,"boss_relics":[{"not_picked":["Astrolabe","Lizard Tail"],"picked":"Cursed Key"}],"items_purged_floors":[4,30],"is_endless":false,"potions_floor_spawned":[1,5,10,16,27],"killed_by":"Collector","ascension_level":20}