{"gold_per_floor":[114,114,138,157,174,207,207,207,207,48,73,73,100,120,120,199,199,211,211,211,222,1,30,30,42,67,67,94,94,94,110,110,188,188,199,99,99,99,199,228,228,255,255,287,298,330,330,361,361,361],"floor_reached":50,"playtime":2278,"items_purged":["Strike_B","Shame"],"score":1555,"play_id":"47dc99e3-efdf-4098-b3ec-e9aec6fba347","local_time":"20181027211900","is_ascension_mode":true,"campfire_choices":[{"data":"Zap","floor":7.0,"key":"SMITH"},{"floor":12.0,"key":"REST"},{"data":"Go for the Eyes","floor":15.0,"key":"SMITH"},{"floor":27.0,"key":"REST"},{"data":"Defragment","floor":30.0,"key":"SMITH"},{"data":"Hologram","floor":32.0,"key":"SMITH"},{"floor":41.0,"key":"REST"},{"floor":49,"key":"REST"}],"neow_cost":"NONE","seed_source_timestamp":1389846739033845,"circlet_count":0,"master_deck":["Strike_B","Strike_B","Strike_B","Defend_B","Defend_B","Defend_B","Defend_B","Zap+1","Dualcast","AscendersBane","Thunder Strike","BootSequence","Auto Shields","Ball Lightning","Conserve Battery","Conserve Battery","Glacier","Go for the Eyes+1","BootSequence","Electrodynamics","Self Repair","Hologram+1","Cold Snap+1","Defragment+1","FTL+1","Multi-Cast","Conserve Battery+1","Panacea","Blind","Reinforced Body","Conserve Battery","Clumsy","Leap+1","Hologram+1","Lockon","Compile Driver+1"],"special_seed":0,"relics":["Cracked Core","Bronze Scales","Art of War","FaceOfCleric","Mercury Hourglass","PreservedInsect","Sundial","Inserter","Lantern","Bottled Tornado","Anchor","Happy Flower","Pantograph","Ornamental Fan","Cursed Key","Bird Faced Urn","Ancient Tea Set","Dream Catcher","Du-Vu Doll","Blood Vial","Juzu Bracelet","Calipers"],"potions_floor_usage":[48,48],"damage_taken":[{"damage":12.0,"enemies":"Small Slimes","floor":1.0,"turns":2.0},{"damage":1.0,"enemies":"Cultist","floor":4.0,"turns":3.0},{"damage":9.0,"enemies":"Jaw Worm","floor":5.0,"turns":4.0},{"damage":19.0,"enemies":"3 Sentries","floor":6.0,"turns":5.0},{"damage":5.0,"enemies":"Lagavulin","floor":11.0,"turns":5.0},{"damage":4.0,"enemies":"3 Sentries","floor":13.0,"turns":4.0},{"damage":4.0,"enemies":"Large Slime","floor":14.0,"turns":6.0},{"damage":0.0,"enemies":"Slime Boss","floor":16.0,"turns":6.0},{"damage":12.0,"enemies":"Chosen","floor":18.0,"turns":5.0},{"damage":1.0,"enemies":"Shell Parasite","floor":21.0,"turns":7.0},{"damage":21.0,"enemies":"Gremlin Leader","floor":23.0,"turns":5.0},{"damage":13.0,"enemies":"Snake Plant","floor":25.0,"turns":3.0},{"damage":0.0,"enemies":"Slavers","floor":28.0,"turns":2.0},{"damage":2.0,"enemies":"Sentry and Sphere","floor":31.0,"turns":6.0},{"damage":57.0,"enemies":"Champ","floor":33.0,"turns":12.0},{"damage":11.0,"enemies":"3 Darklings","floor":35.0,"turns":4.0},{"damage":0.0,"enemies":"Mind Bloom Boss Battle","floor":39.0,"turns":6.0},{"damage":70.0,"enemies":"Giant Head","floor":40.0,"turns":9.0},{"damage":24.0,"enemies":"Reptomancer","floor":42.0,"turns":5.0},{"damage":37.0,"enemies":"Nemesis","floor":44.0,"turns":6.0},{"damage":0.0,"enemies":"3 Shapes","floor":45.0,"turns":5.0},{"damage":0.0,"enemies":"Reptomancer","floor":46.0,"turns":5.0},{"damage":70,"enemies":"Giant Head","floor":48,"turns":8},{"damage":72,"enemies":"Time Eater","floor":50,"turns":11}],"seed_played":"4825817380130461403","potions_obtained":[{"floor":1.0,"key":"Explosive Potion"},{"floor":2.0,"key":"SmokeBomb"},{"floor":2.0,"key":"Weak Potion"},{"floor":14.0,"key":"AttackPotion"},{"floor":16.0,"key":"Fruit Juice"},{"floor":21.0,"key":"Poison Potion"},{"floor":25.0,"key":"Fire Potion"},{"floor":31.0,"key":"SteroidPotion"},{"floor":39.0,"key":"PowerPotion"},{"floor":42.0,"key":"LiquidBronze"},{"floor":44.0,"key":"Regen Potion"},{"floor":46.0,"key":"Fruit Juice"},{"floor":48,"key":"SteroidPotion"}],"is_trial":false,"path_per_floor":["M","?","T","M","M","E","R","?","T","$","E","R","E","M","R","B",null,"M","?","?","M","$","E","?","M","T","R","E","T","R","M","R","B",null,"M","$","?","?","?","E","R","E","T","E","M","E","?","E","R"],"character_chosen":"DEFECT","items_purchased":["Conserve Battery","Fire Potion","Lantern","Fire Potion"],"campfire_rested":4,"item_purchase_floors":[10,10,22,22],"current_hp_per_floor":[52,52,52,51,42,23,23,23,23,23,19,40,37,34,34,35,65,54,32,32,39,44,31,31,26,26,52,53,53,53,52,52,28,76,73,73,73,63,89,31,58,48,48,25,44,60,60,11,41,2],"gold":361,"neow_bonus":"ONE_RANDOM_RARE_CARD","is_prod":false,"is_daily":false,"chose_seed":false,"campfire_upgraded":4,"win_rate":0,"timestamp":1540689540,"path_taken":["M","?","?","M","M","E","R","?","T","?","E","R","E","?","R","BOSS","M","?","?","M","$","E","?","M","T","R","E","?","R","M","R","BOSS","M","$","?","?","?","E","R","E","T","E","M","E","?","E","R","BOSS"],"build_version":"2018-10-25v2","purchased_purges":2,"victory":false,"max_hp_per_floor":[71,71,71,71,71,71,71,71,71,71,72,72,73,74,74,75,75,76,81,81,82,87,88,88,89,89,89,90,90,90,91,91,92,92,93,93,88,88,89,90,90,91,91,92,93,94,94,100,100,100],"card_choices":[{"not_picked":["Auto Shields","Leap"],"picked":"BootSequence","floor":1.0},{"not_picked":["Barrage","Chill"],"picked":"Auto Shields","floor":4.0},{"not_picked":["Rebound","Barrage"],"picked":"Ball Lightning","floor":5.0},{"not_picked":["Creative AI","Rebound"],"picked":"Conserve Battery","floor":6.0},{"not_picked":["Capacitor","Chill"],"picked":"Glacier","floor":11.0},{"not_picked":["Compile Driver","Gash"],"picked":"Go for the Eyes","floor":13.0},{"not_picked":["Skim","Turbo"],"picked":"BootSequence","floor":14.0},{"not_picked":["Machine Learning","Rainbow"],"picked":"Electrodynamics","floor":16.0},{"not_picked":["Stack","Leap"],"picked":"Self Repair","floor":18.0},{"not_picked":["Conserve Battery","Gash"],"picked":"Hologram","floor":21.0},{"not_picked":["Darkness+1","Auto Shields"],"picked":"Cold Snap+1","floor":23.0},{"not_picked":["Cold Snap","Lockon"],"picked":"Defragment","floor":25.0},{"not_picked":["Multi-Cast","Storm+1","Rip and Tear"],"picked":"SKIP","floor":28.0},{"not_picked":["Genetic Algorithm+1","Compile Driver"],"picked":"FTL+1","floor":31.0},{"not_picked":["Machine Learning","Fission"],"picked":"Multi-Cast","floor":33.0},{"not_picked":["Rebound","Go for the Eyes+1"],"picked":"Conserve Battery+1","floor":35.0},{"not_picked":["Jack Of All Trades","Deep Breath"],"picked":"Panacea","floor":38.0},{"not_picked":["Dramatic Entrance","Mind Blast"],"picked":"Panacea","floor":38.0},{"not_picked":["Flash of Steel","HandOfGreed"],"picked":"Blind","floor":38.0},{"not_picked":["Ball Lightning+1","Coolheaded"],"picked":"Reinforced Body","floor":39.0},{"not_picked":["Genetic Algorithm","Static Discharge","Capacitor"],"picked":"SKIP","floor":40.0},{"not_picked":["Streamline+1","Rebound"],"picked":"Conserve Battery","floor":42.0},{"not_picked":["Reprogram+1","Coolheaded"],"picked":"Leap+1","floor":44.0},{"not_picked":["Leap","Electrodynamics"],"picked":"Hologram+1","floor":45.0},{"not_picked":["Ball Lightning","Genetic Algorithm"],"picked":"Lockon","floor":46.0},{"not_picked":["Beam Cell","Cold Snap","Reprogram+1"],"picked":"SKIP","floor":48},{"not_picked":["Streamline","Leap"],"picked":"Compile Driver+1","floor":49}],"player_experience":1037254,"relics_obtained":[{"floor":3.0,"key":"Bronze Scales"},{"floor":6.0,"key":"Art of War"},{"floor":9.0,"key":"Mercury Hourglass"},{"floor":11.0,"key":"PreservedInsect"},{"floor":13.0,"key":"Sundial"},{"floor":23.0,"key":"Bottled Tornado"},{"floor":26.0,"key":"Happy Flower"},{"floor":28.0,"key":"Pantograph"},{"floor":29.0,"key":"Ornamental Fan"},{"floor":39.0,"key":"Bird Faced Urn"},{"floor":40.0,"key":"Ancient Tea Set"},{"floor":42.0,"key":"Dream Catcher"},{"floor":43.0,"key":"Du-Vu Doll"},{"floor":44.0,"key":"Blood Vial"},{"floor":46.0,"key":"Juzu Bracelet"},{"floor":48,"key":"Calipers"}],"event_choices":[{"damage_healed":0.0,"max_hp_gain":0.0,"max_hp_loss":0.0,"gold_gain":0.0,"event_name":"The Lab","player_choice":"Got Potions","floor":2.0,"gold_loss":0.0,"damage_taken":0.0},{"damage_healed":0.0,"max_hp_gain":0.0,"max_hp_loss":0.0,"gold_gain":0.0,"event_name":"FaceTrader","player_choice":"Trade","floor":8.0,"gold_loss":0.0,"damage_taken":0.0,"relics_obtained":["FaceOfCleric"]},{"damage_healed":0.0,"max_hp_gain":5.0,"max_hp_loss":0.0,"gold_gain":0.0,"event_name":"Forgotten Altar","player_choice":"Shed Blood","floor":19.0,"gold_loss":0.0,"damage_taken":27.0},{"damage_healed":0.0,"max_hp_gain":0.0,"max_hp_loss":0.0,"gold_gain":0.0,"event_name":"Match and Keep!","player_choice":"0 cards matched","floor":20.0,"gold_loss":0.0,"damage_taken":0.0,"cards_obtained":[]},{"damage_healed":0.0,"max_hp_gain":0.0,"max_hp_loss":0.0,"gold_gain":0.0,"event_name":"Addict","player_choice":"Stole Relic","floor":24.0,"gold_loss":0.0,"damage_taken":0.0,"relics_obtained":["Anchor"],"cards_obtained":["Shame"]},{"damage_healed":0.0,"max_hp_gain":0.0,"max_hp_loss":5.0,"gold_gain":0.0,"event_name":"Winding Halls","player_choice":"Max HP","floor":37.0,"gold_loss":0.0,"damage_taken":0.0},{"damage_healed":0.0,"max_hp_gain":0.0,"max_hp_loss":0.0,"gold_gain":0.0,"event_name":"SensoryStone","player_choice":"Memory 3","floor":38.0,"gold_loss":0.0,"damage_taken":10.0},{"damage_healed":0.0,"max_hp_gain":0.0,"max_hp_loss":0.0,"gold_gain":0.0,"event_name":"MindBloom","player_choice":"Fight","floor":39.0,"gold_loss":0.0,"damage_taken":0.0},{"cards_removed":["Panacea"],"damage_healed":0.0,"max_hp_gain":0.0,"max_hp_loss":0.0,"gold_gain":0.0,"event_name":"Falling","player_choice":"Removed Skill","floor":47.0,"gold_loss":0.0,"damage_taken":0.0}],"is_beta":false,"boss_relics":[{"not_picked":["Black Star","Eternal Feather"],"picked":"Inserter"},{"not_picked":["Pandora\u0027s Box","Philosopher\u0027s Stone"],"picked":"Cursed Key"}],"items_purged_floors":[10,36],"is_endless":false,"potions_floor_spawned":[1,4,14,16,21,25,31,39,42,44,46,48],"killed_by":"Time Eater","ascension_level":20}