{"path_per_floor":["M","?","?","$","?","R","E","M","T","$","R","M","M","M","R","B",null,"M","?","?","M","M","R","M","E","T","?","R","$","R","M","R","B",null,"M","?","?","?","M","R","M","R","T","$","E","?","E","M","R"],"character_chosen":"IRONCLAD","items_purchased":["Pommel Strike","Inflame","Molten Egg"],"gold_per_floor":[118,118,118,20,20,20,50,60,87,20,20,34,53,65,65,160,160,176,176,176,163,180,180,191,218,218,118,118,18,18,35,35,140,140,158,158,158,158,169,169,180,180,225,69,97,97,124,140,140],"floor_reached":50,"campfire_rested":1,"playtime":5735,"current_hp_per_floor":[80,80,73,73,73,73,60,65,65,65,65,71,77,80,80,74,80,67,67,67,61,27,27,24,24,24,24,48,48,48,82,82,62,83,86,86,86,86,89,89,41,41,48,48,64,64,44,82,82],"items_purged":["Strike_R","Strike_R"],"gold":140,"play_id":"022a57f0-ba07-4aa1-a428-345add1156a5","is_prod":false,"is_daily":false,"campfire_rituals":0,"campfire_upgraded":9,"is_hardmode":false,"path_taken":["M","?","?","$","?","R","E","M","T","?","R","M","M","M","R","BOSS","M","?","?","?","M","R","M","E","T","?","R","$","R","M","R","BOSS","M","?","?","?","M","R","M","R","T","$","E","?","E","?","R","BOSS"],"build_version":"2018-01-11-PROD2","purchased_purges":2,"victory":false,"master_deck":["Strike_R","Defend_R","Defend_R","Bash","Uppercut","Pommel Strike","Seeing Red","Inflame","Inflame","Inflame","Reaper","Dual Wield","Iron Wave","Flame Barrier","Twin Strike","Feed","J.A.X.","Barricade","Reaper","Blood for Blood","Disarm","Seeing Red","Shrug It Off","Demon Form"],"max_hp_per_floor":[80,80,80,80,80,80,80,80,80,80,80,80,80,80,80,80,80,80,80,80,80,80,80,80,80,80,80,80,80,80,83,83,83,83,86,86,86,86,89,89,92,92,99,99,99,99,99,103,103],"relics":["Burning Blood","War Paint","Shuriken","Lantern","Oddly Smooth Stone","Question Card","Letter Opener","Pen Nib","Orichalcum","Astrolabe","Strawberry","Molten Egg","Bag of Marbles","Happy Flower"],"campfire_meditates":0,"card_choices":[{"not_picked":["Spot Weakness","Flex"],"picked":"Uppercut"},{"not_picked":["Headbutt","Juggernaut"],"picked":"Seeing Red"},{"not_picked":["True Grit","Anger"],"picked":"Inflame"},{"not_picked":["Twin Strike","Disarm"],"picked":"Inflame"},{"not_picked":["Berserk","Juggernaut"],"picked":"Reaper"},{"not_picked":["Armaments","True Grit","Pummel"],"picked":"Dual Wield"},{"not_picked":["Armaments","Twin Strike","Warcry"],"picked":"Iron Wave"},{"not_picked":["Dual Wield","Battle Trance","Bloodletting"],"picked":"Flame Barrier"},{"not_picked":["Clash","Rage","Iron Wave"],"picked":"Twin Strike"},{"not_picked":["Heavy Blade","Iron Wave","Second Wind"],"picked":"Feed"},{"not_picked":["Dark Embrace","Brutality","Berserk"],"picked":"Barricade"},{"not_picked":["Clothesline","Sword Boomerang","Clash"],"picked":"Anger"},{"not_picked":["Pommel Strike","Feed","Blood for Blood"],"picked":"Shrug It Off"},{"not_picked":["Heavy Blade","Sword Boomerang","Blood for Blood"],"picked":"Demon Form"}],"player_experience":32414,"potions_floor_usage":[16,18,21,21,25,25,39,41,48,48,50],"damage_taken":[{"damage":0,"enemies":"Cultist","floor":1,"turns":3},{"damage":19,"enemies":"Gremlin Nob","floor":7,"turns":4},{"damage":1,"enemies":"Blue Slaver","floor":8,"turns":3},{"damage":0,"enemies":"Small Slimes","floor":12,"turns":2},{"damage":0,"enemies":"3 Louse","floor":13,"turns":3},{"damage":0,"enemies":"Large Slime","floor":14,"turns":2},{"damage":12,"enemies":"The Guardian","floor":16,"turns":8},{"damage":19,"enemies":"Spheric Guardian","floor":18,"turns":5},{"damage":19,"enemies":"2 Thieves","floor":21,"turns":4},{"damage":47,"enemies":"Slaver and Parasite","floor":22,"turns":8},{"damage":9,"enemies":"Snecko","floor":24,"turns":6},{"damage":36,"enemies":"Gremlin Leader","floor":25,"turns":6},{"damage":5,"enemies":"3 Cultists","floor":31,"turns":5},{"damage":43,"enemies":"Collector","floor":33,"turns":9},{"damage":13,"enemies":"3 Darklings","floor":35,"turns":8},{"damage":3,"enemies":"3 Shapes","floor":39,"turns":97},{"damage":70,"enemies":"Sphere and 2 Shapes","floor":41,"turns":7},{"damage":32,"enemies":"Giant Head","floor":45,"turns":8},{"damage":26,"enemies":"Nemesis","floor":47,"turns":7},{"damage":33,"enemies":"4 Shapes","floor":48,"turns":7},{"damage":173,"enemies":"Donu and Deca","floor":50,"turns":9}],"event_choices":[{"event_name":"Bonfire Elementals","player_choice":"BASIC","floor":2,"damage_taken":0},{"event_name":"Scrap Ooze","player_choice":"success","floor":3,"damage_taken":7},{"event_name":"Accursed Blacksmith","player_choice":"Ignore","floor":5,"damage_taken":0},{"event_name":"The Mausoleum","player_choice":"Yes","floor":19,"damage_taken":0},{"event_name":"The Lab","player_choice":"Got Potions","floor":20,"damage_taken":0},{"event_name":"Drug Dealer","player_choice":"Got JAXXED","floor":27,"damage_taken":0},{"event_name":"Duplicator","player_choice":"One dupe","floor":36,"damage_taken":0},{"event_name":"The Woman in Blue","player_choice":"Bought 0 Potions","floor":38,"damage_taken":0},{"event_name":"Match and Keep!","player_choice":"0 cards matched","floor":46,"damage_taken":0}],"boss_relics":[{"not_picked":["Ectoplasm","Cursed Key"],"picked":"Question Card"},{"not_picked":["Snecko Eye","Black Star"],"picked":"Astrolabe"}],"potions_floor_spawned":[1,7,13,16,18,24,25,31,35,41,45],"seed_played":"2590391869533134937","killed_by":"Donu and Deca","is_trial":false}