{"gold_per_floor":[115,215,49,63,78,113,263,263,313,332,348,348,36,71,71,166,166,182,182,18,37,87,87],"floor_reached":23,"playtime":826,"items_purged":[],"score":398,"play_id":"a1fd655a-ff8e-456b-a2e0-6f1fea121d2a","local_time":"20190327182156","is_ascension_mode":true,"campfire_choices":[{"data":"Loop","floor":8,"key":"SMITH"},{"floor":15,"key":"REST"}],"neow_cost":"NONE","seed_source_timestamp":64863826038415,"circlet_count":0,"master_deck":["AscendersBane","Strike_B","Strike_B","Strike_B","Strike_B","Defend_B","Defend_B","Defend_B","Defend_B","Zap","Dualcast","Gash","Go for the Eyes","BootSequence","Loop+1","Steam","Cold Snap","Loop","Consume","Creative AI","Steam","Self Repair","Leap"],"relics":["FrozenCore","NeowsBlessing","DataDisk","Omamori","Potion Belt","Golden Idol","Oddly Smooth Stone","Symbiotic Virus","Anchor"],"potions_floor_usage":[6,14,14,16,16],"damage_taken":[{"damage":0,"enemies":"Jaw Worm","floor":1,"turns":1},{"damage":0,"enemies":"Cultist","floor":4,"turns":1},{"damage":0,"enemies":"Small Slimes","floor":5,"turns":1},{"damage":26,"enemies":"Gremlin Nob","floor":6,"turns":4},{"damage":15,"enemies":"3 Louse","floor":10,"turns":3},{"damage":8,"enemies":"Looter","floor":11,"turns":3},{"damage":1,"enemies":"3 Sentries","floor":14,"turns":6},{"damage":13,"enemies":"The Guardian","floor":16,"turns":12},{"damage":13,"enemies":"3 Byrds","floor":18,"turns":4},{"damage":11,"enemies":"Shell Parasite","floor":21,"turns":11},{"damage":48,"enemies":"Book of Stabbing","floor":23,"turns":7}],"seed_played":"-7796415915426502750","potions_obtained":[{"floor":5,"key":"AttackPotion"},{"floor":6,"key":"EssenceOfSteel"},{"floor":11,"key":"Explosive Potion"},{"floor":14,"key":"EssenceOfSteel"}],"is_trial":false,"path_per_floor":["M","?","$","M","M","E","?","R","T","M","M","?","$","E","R","B",null,"M","?","$","M","?","E"],"character_chosen":"DEFECT","items_purchased":["DataDisk","Oddly Smooth Stone","Cold Snap","Loop","Fire Potion","Anchor"],"campfire_rested":1,"item_purchase_floors":[3,13,13,13,13,20],"current_hp_per_floor":[64,64,64,64,64,38,38,38,38,23,15,15,15,14,35,22,59,46,46,46,42,42,0],"gold":87,"neow_bonus":"THREE_ENEMY_KILL","is_prod":false,"is_daily":false,"chose_seed":false,"campfire_upgraded":1,"win_rate":0,"timestamp":1553725316,"path_taken":["M","?","$","M","?","E","?","R","T","M","M","?","$","E","R","BOSS","M","?","$","M","?","E"],"build_version":"2019-03-15","purchased_purges":0,"victory":false,"max_hp_per_floor":[71,71,71,71,71,71,71,71,71,71,71,71,71,71,71,71,71,71,71,71,71,71,71],"card_choices":[{"not_picked":["Hello World","Hologram"],"picked":"Gash","floor":1},{"not_picked":["Sweeping Beam","Barrage"],"picked":"Go for the Eyes","floor":4},{"not_picked":["Fusion","Aggregate"],"picked":"BootSequence","floor":5},{"not_picked":["Stack","Streamline"],"picked":"Loop","floor":6},{"not_picked":["Storm","Reprogram","Steam Power"],"picked":"SKIP","floor":10},{"not_picked":["Turbo","Redo"],"picked":"Steam","floor":11},{"not_picked":["Coolheaded","Sunder"],"picked":"Consume","floor":14},{"not_picked":["Multi-Cast","Amplify"],"picked":"Creative AI","floor":16},{"not_picked":["Beam Cell","Redo"],"picked":"Steam","floor":18},{"not_picked":["Rip and Tear","Ball Lightning"],"picked":"Leap","floor":21}],"player_experience":620903,"relics_obtained":[{"floor":6,"key":"Omamori"},{"floor":9,"key":"Potion Belt"},{"floor":14,"key":"Symbiotic Virus"}],"event_choices":[{"damage_healed":0,"gold_gain":100,"player_choice":"Gold","damage_taken":0,"max_hp_gain":0,"max_hp_loss":0,"event_name":"Wheel of Change","floor":2,"gold_loss":0},{"damage_healed":0,"gold_gain":150,"player_choice":"AGREE","damage_taken":0,"max_hp_gain":0,"max_hp_loss":0,"event_name":"Liars Game","floor":7,"gold_loss":0,"cards_obtained":["Doubt"]},{"damage_healed":0,"gold_gain":0,"player_choice":"Take Wound","damage_taken":0,"relics_obtained":["Golden Idol"],"max_hp_gain":0,"max_hp_loss":0,"event_name":"Golden Idol","floor":12,"gold_loss":0,"cards_obtained":["Injury"]},{"damage_healed":0,"gold_gain":0,"player_choice":"Read","damage_taken":0,"max_hp_gain":0,"max_hp_loss":0,"event_name":"The Library","floor":19,"gold_loss":0,"cards_obtained":["Self Repair"]},{"damage_healed":0,"gold_gain":50,"player_choice":"Stole From Cult","damage_taken":0,"max_hp_gain":0,"max_hp_loss":0,"event_name":"Nest","floor":22,"gold_loss":0}],"is_beta":true,"boss_relics":[{"not_picked":["Astrolabe","Sozu"],"picked":"FrozenCore"}],"items_purged_floors":[],"is_endless":false,"potions_floor_spawned":[5,6,11,14],"killed_by":"Book of Stabbing","ascension_level":20}