{"gold_per_floor":[116,39,59,59,59,59,86,86,86,102,127,127,1,15,15,90,90,90,90,0,0,0,0,0],"floor_reached":24,"playtime":992,"items_purged":[],"score":458,"play_id":"ef94c2c4-bf55-4598-b460-7ae4aeca4501","local_time":"20181103232818","is_ascension_mode":true,"campfire_choices":[{"data":"Armaments","floor":6,"key":"SMITH"},{"data":"Bash","floor":8,"key":"SMITH"},{"data":"Armaments","floor":15,"key":"SMITH"},{"floor":23,"key":"REST"}],"neow_cost":"NONE","seed_source_timestamp":48497753536925,"circlet_count":0,"master_deck":["AscendersBane","Strike_R","Strike_R","Strike_R","Defend_R","Defend_R","Defend_R","Defend_R","Bash+1","Havoc","Shockwave","Armaments+1","Feel No Pain","Flame Barrier","Shrug It Off","Offering","Evolve","Whirlwind","Armaments+1","Demon Form","True Grit","Flame Barrier"],"relics":["Burning Blood","NeowsBlessing","Centennial Puzzle","Bottled Flame","Self Forming Clay","Darkstone Periapt","Ectoplasm"],"potions_floor_usage":[10,11,24],"damage_taken":[{"damage":0,"enemies":"Jaw Worm","floor":1,"turns":1},{"damage":0,"enemies":"Small Slimes","floor":3,"turns":1},{"damage":0,"enemies":"Lagavulin","floor":7,"turns":1},{"damage":1,"enemies":"Cultist","floor":10,"turns":4},{"damage":5,"enemies":"3 Sentries","floor":11,"turns":9},{"damage":0,"enemies":"2 Fungi Beasts","floor":14,"turns":3},{"damage":23,"enemies":"Slime Boss","floor":16,"turns":10},{"damage":15,"enemies":"Shell Parasite","floor":18,"turns":6},{"damage":28,"enemies":"2 Thieves","floor":20,"turns":5},{"damage":21,"enemies":"Centurion and Healer","floor":22,"turns":7},{"damage":38,"enemies":"Gremlin Leader","floor":24,"turns":8}],"seed_played":"4397450241761986635","potions_obtained":[{"floor":1,"key":"Poison Potion"},{"floor":3,"key":"SteroidPotion"},{"floor":18,"key":"Energy Potion"}],"is_trial":false,"path_per_floor":["M","$","M","?","?","R","E","R","T","M","E","?","$","M","R","B",null,"M","$","M","$","M","R","E"],"character_chosen":"IRONCLAD","items_purchased":["Shockwave","Evolve","Whirlwind"],"campfire_rested":1,"item_purchase_floors":[2,13,13],"current_hp_per_floor":[74,74,75,64,64,64,70,70,70,75,75,75,75,75,75,58,71,62,62,40,40,25,47,9],"gold":0,"neow_bonus":"THREE_ENEMY_KILL","is_prod":false,"is_daily":false,"chose_seed":false,"campfire_upgraded":3,"win_rate":0,"timestamp":1541302098,"path_taken":["M","$","M","?","?","R","E","R","T","?","E","?","$","M","R","BOSS","M","$","M","?","M","R","E"],"build_version":"2018-11-02","purchased_purges":0,"victory":false,"max_hp_per_floor":[75,75,75,75,75,75,75,75,75,75,75,75,75,75,75,75,75,75,75,75,75,75,75,75],"card_choices":[{"not_picked":["Entrench","Flex"],"picked":"Havoc","floor":1},{"not_picked":["Blood for Blood","Sword Boomerang"],"picked":"Armaments","floor":3},{"not_picked":["True Grit","Warcry"],"picked":"Flame Barrier","floor":7},{"not_picked":["Flex","Pommel Strike"],"picked":"Shrug It Off","floor":10},{"not_picked":["Metallicize","Reckless Charge"],"picked":"Offering","floor":11},{"not_picked":["Sword Boomerang","Clash"],"picked":"Armaments","floor":14},{"not_picked":["Exhume","Juggernaut"],"picked":"Demon Form","floor":16},{"not_picked":["Carnage","Heavy Blade"],"picked":"True Grit","floor":18},{"not_picked":["Uppercut","Clash+1"],"picked":"Flame Barrier","floor":20},{"not_picked":["Reckless Charge+1","Fire Breathing","Ghostly Armor"],"picked":"SKIP","floor":22}],"player_experience":829495,"relics_obtained":[{"floor":7,"key":"Bottled Flame"},{"floor":9,"key":"Self Forming Clay"},{"floor":11,"key":"Darkstone Periapt"}],"event_choices":[{"damage_healed":0,"gold_gain":0,"player_choice":"Success","damage_taken":11,"relics_obtained":["Centennial Puzzle"],"max_hp_gain":0,"max_hp_loss":0,"event_name":"Scrap Ooze","floor":4,"gold_loss":0},{"damage_healed":0,"gold_gain":0,"cards_transformed":["Strike_R"],"player_choice":"Transformed","damage_taken":0,"max_hp_gain":0,"max_hp_loss":0,"event_name":"Transmorgrifier","floor":5,"gold_loss":0,"cards_obtained":["Feel No Pain"]},{"cards_removed":["Strike_R"],"damage_healed":0,"gold_gain":0,"player_choice":"Offered Basic","damage_taken":0,"max_hp_gain":0,"max_hp_loss":0,"event_name":"Bonfire Elementals","floor":12,"gold_loss":0}],"is_beta":true,"boss_relics":[{"not_picked":["Eternal Feather","Runic Pyramid"],"picked":"Ectoplasm"}],"items_purged_floors":[],"is_endless":false,"potions_floor_spawned":[1,3,18],"killed_by":"Gremlin Leader","ascension_level":20}