{"gold_per_floor":[110,124,142,158,158,158,191,191,214,240,240,256,256,285,285,364,364,377,395,121,36,36,69,69,104,104,132,149,149,149,161,161,236,236,255,155,167,178,103,103,116,116,116,116,131,231,257,257,257,257],"floor_reached":50,"playtime":2957,"items_purged":["Strike_B","Strike_B"],"score":1196,"play_id":"ec871e5d-538a-4333-806e-081be926e44f","local_time":"20181125153146","is_ascension_mode":true,"campfire_choices":[{"data":"Ball Lightning","floor":6.0,"key":"SMITH"},{"data":"Ball Lightning","floor":8.0,"key":"SMITH"},{"data":"Leap","floor":11,"key":"SMITH"},{"data":"Static Discharge","floor":15,"key":"SMITH"},{"data":"1","floor":24,"key":"LIFT"},{"data":"2","floor":29,"key":"LIFT"},{"data":"Defragment","floor":32,"key":"SMITH"},{"data":"3","floor":40,"key":"LIFT"},{"floor":42,"key":"RECALL"},{"data":"Seek","floor":44,"key":"SMITH"},{"data":"Hologram","floor":49,"key":"SMITH"}],"neow_cost":"NONE","seed_source_timestamp":931994453148944,"circlet_count":0,"master_deck":["AscendersBane","Strike_B","Defend_B","Defend_B","Defend_B","Defend_B","Zap","Dualcast","Self Repair","Ball Lightning+1","Conserve Battery+1","Ball Lightning+1","Glacier","Leap+1","FTL","Static Discharge+1","Electrodynamics","Cold Snap","Seek+1","Chill","Echo Form","Loop+1","Chill","FTL+1","Defragment+1","Core Surge","Sweeping Beam","Coolheaded+1","BootSequence+1","Glacier","Skim","Hologram+1","Glacier+1","FTL"],"special_seed":0,"relics":["Cracked Core","NeowsBlessing","Bag of Preparation","Pen Nib","Boot","Girya","Coffee Dripper","PreservedInsect","Vajra","Blood Vial","Bronze Scales","Matryoshka","Bottled Lightning","Runic Dome","Sundial","Peace Pipe","Emotion Chip"],"potions_floor_usage":[10,14,16,33,38],"damage_taken":[{"damage":0.0,"enemies":"Cultist","floor":1.0,"turns":1.0},{"damage":0.0,"enemies":"2 Louse","floor":2.0,"turns":1.0},{"damage":0.0,"enemies":"Jaw Worm","floor":3.0,"turns":1.0},{"damage":11.0,"enemies":"Looter","floor":4.0,"turns":3.0},{"damage":28.0,"enemies":"3 Sentries","floor":7.0,"turns":5.0},{"damage":9,"enemies":"Lagavulin","floor":10,"turns":4},{"damage":13,"enemies":"Exordium Thugs","floor":12,"turns":4},{"damage":0,"enemies":"Gremlin Nob","floor":14,"turns":3},{"damage":15,"enemies":"Hexaghost","floor":16,"turns":9},{"damage":7,"enemies":"Spheric Guardian","floor":18,"turns":5},{"damage":8,"enemies":"Chosen","floor":19,"turns":3},{"damage":21,"enemies":"Slavers","floor":23,"turns":4},{"damage":0,"enemies":"Gremlin Leader","floor":25,"turns":4},{"damage":20,"enemies":"Slavers","floor":27,"turns":3},{"damage":6,"enemies":"Snake Plant","floor":28,"turns":3},{"damage":22,"enemies":"Shelled Parasite and Fungi","floor":31,"turns":4},{"damage":21,"enemies":"Collector","floor":33,"turns":7},{"damage":4,"enemies":"3 Shapes","floor":35,"turns":4},{"damage":1,"enemies":"Orb Walker","floor":37,"turns":3},{"damage":1,"enemies":"Transient","floor":38,"turns":6},{"damage":0,"enemies":"Sphere and 2 Shapes","floor":41,"turns":2},{"damage":5,"enemies":"4 Shapes","floor":45,"turns":3},{"damage":6,"enemies":"Mind Bloom Boss Battle","floor":46,"turns":7},{"damage":11,"enemies":"Nemesis","floor":47,"turns":5},{"damage":78,"enemies":"Awakened One","floor":50,"turns":10}],"seed_played":"8591307838623450567","potions_obtained":[{"floor":1.0,"key":"FocusPotion"},{"floor":2.0,"key":"FearPotion"},{"floor":7.0,"key":"PowerPotion"},{"floor":12,"key":"PowerPotion"},{"floor":25,"key":"Strength Potion"},{"floor":27,"key":"EssenceOfSteel"},{"floor":28,"key":"PowerPotion"},{"floor":35,"key":"Weak Potion"},{"floor":45,"key":"FearPotion"}],"is_trial":false,"path_per_floor":["M","M","M","M","?","R","E","R","T","E","R","M","?","E","R","B",null,"M","M","$","?","?","E","R","E","T","E","M","R","?","M","R","B",null,"M","$","M","M","$","R","M","R","T","R","M","?","E","?","R","B"],"character_chosen":"DEFECT","items_purchased":["PreservedInsect","Chill","Glacier"],"campfire_rested":0,"item_purchase_floors":[20,20,39],"current_hp_per_floor":[64,71,71,67,60,60,39,39,39,37,37,31,31,38,38,30,61,61,60,60,60,60,46,46,55,55,44,47,47,61,48,48,29,61,71,71,71,70,70,70,71,71,71,71,66,71,67,67,67,0],"gold":257,"neow_bonus":"THREE_ENEMY_KILL","is_prod":false,"is_daily":false,"chose_seed":false,"campfire_upgraded":7,"win_rate":0,"timestamp":1543177906,"path_taken":["M","?","M","M","?","R","E","R","T","E","R","M","?","E","R","BOSS","M","M","$","?","?","E","R","E","T","E","M","R","?","?","R","BOSS","M","?","M","?","$","R","M","R","T","R","?","?","E","?","R","BOSS"],"build_version":"2018-11-15","purchased_purges":2,"victory":false,"max_hp_per_floor":[71,71,71,71,71,71,71,71,71,71,71,71,71,71,71,71,71,71,71,71,71,71,71,71,71,71,71,71,71,71,71,71,71,71,71,71,71,71,71,71,71,71,71,71,71,71,71,71,71,71],"card_choices":[{"not_picked":["Defragment","Consume"],"picked":"Self Repair","floor":1.0},{"not_picked":["Rip and Tear","Sweeping Beam"],"picked":"Ball Lightning","floor":2.0},{"not_picked":["Redo","Skim"],"picked":"Conserve Battery","floor":3.0},{"not_picked":["Skim","Beam Cell"],"picked":"Ball Lightning","floor":4.0},{"not_picked":["Barrage","Streamline"],"picked":"Glacier","floor":7.0},{"not_picked":["Tempest","Streamline"],"picked":"Leap","floor":10},{"not_picked":["Stack","Steam"],"picked":"FTL","floor":12},{"not_picked":["Meteor Strike","Hello World"],"picked":"Static Discharge","floor":14},{"not_picked":["All For One","Meteor Strike"],"picked":"Electrodynamics","floor":16},{"not_picked":["Beam Cell","Static Discharge"],"picked":"Cold Snap","floor":18},{"not_picked":["Hologram","Coolheaded"],"picked":"Seek","floor":19},{"not_picked":["Coolheaded","Conserve Battery"],"picked":"Echo Form","floor":23},{"not_picked":["Coolheaded+1","Hologram"],"picked":"Loop+1","floor":25},{"not_picked":["Gash+1","Force Field"],"picked":"Chill","floor":27},{"not_picked":["Ball Lightning+1","Fusion"],"picked":"FTL+1","floor":28},{"not_picked":["Static Discharge","Conserve Battery+1"],"picked":"Defragment","floor":31},{"not_picked":["Reboot","Hyperbeam"],"picked":"Core Surge","floor":33},{"not_picked":["Aggregate+1","BootSequence"],"picked":"Sweeping Beam","floor":35},{"not_picked":["Barrage","Steam"],"picked":"Coolheaded+1","floor":37},{"not_picked":["Tempest","Steam"],"picked":"BootSequence+1","floor":38},{"not_picked":["Hello World","Reprogram"],"picked":"Skim","floor":41},{"not_picked":["Streamline","Aggregate"],"picked":"Hologram","floor":45},{"not_picked":["Darkness","Machine Learning"],"picked":"Glacier+1","floor":46},{"not_picked":["Hello World","Buffer"],"picked":"FTL","floor":47}],"player_experience":904191,"relics_obtained":[{"floor":7.0,"key":"Bag of Preparation"},{"floor":9.0,"key":"Pen Nib"},{"floor":10,"key":"Boot"},{"floor":14,"key":"Girya"},{"floor":23,"key":"Blood Vial"},{"floor":25,"key":"Bronze Scales"},{"floor":26,"key":"Matryoshka"},{"floor":27,"key":"Bottled Lightning"},{"floor":43,"key":"Sundial"},{"floor":46,"key":"Peace Pipe"},{"floor":47,"key":"Emotion Chip"}],"event_choices":[{"cards_removed":["Strike_B"],"damage_healed":0.0,"max_hp_gain":0.0,"max_hp_loss":0.0,"gold_gain":0.0,"event_name":"Golden Wing","player_choice":"Card Removal","floor":5.0,"gold_loss":0.0,"damage_taken":7.0},{"damage_healed":0,"gold_gain":0,"player_choice":"Grow","damage_taken":0,"max_hp_gain":0,"max_hp_loss":0,"event_name":"Living Wall","floor":13,"gold_loss":0,"cards_upgraded":["Conserve Battery"]},{"damage_healed":0,"gold_gain":0,"player_choice":"Obtained Relic","damage_taken":0,"relics_obtained":["Vajra"],"max_hp_gain":0,"max_hp_loss":0,"event_name":"Addict","floor":21,"gold_loss":85},{"damage_healed":0,"gold_gain":0,"player_choice":"Ignored","damage_taken":0,"max_hp_gain":0,"max_hp_loss":0,"event_name":"Ghosts","floor":22,"gold_loss":0},{"damage_healed":14,"gold_gain":0,"player_choice":"Heal","damage_taken":0,"max_hp_gain":0,"max_hp_loss":0,"event_name":"The Library","floor":30,"gold_loss":0},{"damage_healed":0,"gold_gain":0,"player_choice":"Fight","damage_taken":0,"max_hp_gain":0,"max_hp_loss":0,"event_name":"MindBloom","floor":46,"gold_loss":0},{"damage_healed":0,"gold_gain":0,"player_choice":"Ignored","damage_taken":0,"max_hp_gain":0,"max_hp_loss":0,"event_name":"Tomb of Lord Red Mask","floor":48,"gold_loss":0}],"is_beta":true,"boss_relics":[{"not_picked":["White Beast Statue","Orrery"],"picked":"Coffee Dripper"},{"not_picked":["Lizard Tail","Runic Pyramid"],"picked":"Runic Dome"}],"items_purged_floors":[20,36],"is_endless":false,"potions_floor_spawned":[1,2,7,12,25,27,28,35,45],"killed_by":"Awakened One","ascension_level":20}