{"gold_per_floor":[110,35,35,35,49,49,77,93,93,128,128,128],"floor_reached":12,"playtime":350,"items_purged":[],"score":172,"play_id":"f564ff95-d5df-4155-8f5d-8f644d621232","local_time":"20181103173531","is_ascension_mode":true,"campfire_choices":[{"data":"Zap","floor":6.0,"key":"SMITH"},{"data":"Loop","floor":11,"key":"SMITH"}],"neow_cost":"NONE","seed_source_timestamp":27946964721375,"circlet_count":0,"master_deck":["AscendersBane","Strike_B","Strike_B+1","Strike_B+1","Defend_B","Defend_B","Defend_B","Defend_B","Zap+1","Dualcast","Barrage","Streamline","Chill","Loop+1"],"special_seed":0,"relics":["Cracked Core","Cables","Peace Pipe","Bottled Tornado","Whetstone"],"potions_floor_usage":[10],"damage_taken":[{"damage":3.0,"enemies":"2 Louse","floor":1.0,"turns":3.0},{"damage":7.0,"enemies":"Jaw Worm","floor":5.0,"turns":3.0},{"damage":44.0,"enemies":"Gremlin Nob","floor":7.0,"turns":4.0},{"damage":0,"enemies":"Small Slimes","floor":8,"turns":3},{"damage":2,"enemies":"3 Sentries","floor":10,"turns":11},{"damage":17,"enemies":"Gremlin Gang","floor":12,"turns":3}],"seed_played":"-7997772578265864879","potions_obtained":[{"floor":5.0,"key":"SkillPotion"}],"is_trial":false,"path_per_floor":["M","?","?","?","M","R","E","M","T","E","R","M"],"character_chosen":"DEFECT","items_purchased":[],"campfire_rested":0,"item_purchase_floors":[],"current_hp_per_floor":[68,68,68,68,61,61,17,17,17,15,15,0],"gold":128,"neow_bonus":"TEN_PERCENT_HP_BONUS","is_prod":false,"is_daily":false,"chose_seed":false,"campfire_upgraded":2,"win_rate":0,"timestamp":1541280931,"path_taken":["M","?","?","?","M","R","E","M","T","E","R","?"],"build_version":"2018-11-02","purchased_purges":0,"victory":false,"max_hp_per_floor":[78,78,78,78,78,78,78,78,78,78,78,78],"card_choices":[{"not_picked":["Streamline","Aggregate"],"picked":"Barrage","floor":1.0},{"not_picked":["Steam Power","Rip and Tear"],"picked":"Streamline","floor":5.0},{"not_picked":["White Noise","Defragment"],"picked":"Chill","floor":7.0},{"not_picked":["Turbo","Steam Power"],"picked":"Loop","floor":8},{"not_picked":["Turbo","Chaos","Gash"],"picked":"SKIP","floor":10}],"player_experience":820690,"relics_obtained":[{"floor":7.0,"key":"Peace Pipe"},{"floor":9,"key":"Bottled Tornado"},{"floor":10,"key":"Whetstone"}],"event_choices":[{"cards_removed":["Strike_B"],"damage_healed":0.0,"max_hp_gain":0.0,"max_hp_loss":0.0,"gold_gain":0.0,"event_name":"The Cleric","player_choice":"Card Removal","floor":2.0,"gold_loss":75.0,"damage_taken":0.0},{"damage_healed":0.0,"max_hp_gain":0.0,"max_hp_loss":0.0,"gold_gain":0.0,"event_name":"Big Fish","player_choice":"Box","floor":3.0,"gold_loss":0.0,"damage_taken":0.0,"relics_obtained":["Cables"],"cards_obtained":["Regret"]},{"cards_removed":["Regret"],"damage_healed":0.0,"max_hp_gain":0.0,"max_hp_loss":0.0,"gold_gain":0.0,"event_name":"Purifier","player_choice":"Purged","floor":4.0,"gold_loss":0.0,"damage_taken":0.0}],"is_beta":true,"boss_relics":[],"items_purged_floors":[],"is_endless":false,"potions_floor_spawned":[5],"killed_by":"Gremlin Gang","ascension_level":20}