{"gold_per_floor":[114,125,143,160,160,26,26,51,63,75,118,140,152,37,37,139,139,157,168,195,195,18,44,144,172,197,214,243,263,327,344,344,444,444,455,455,455,28,41,75,75,75,75,75,106,22,41,41,41,41],"floor_reached":51,"playtime":2921,"items_purged":["Strike_G","Strike_G"],"score":1000,"play_id":"01f0b18a-3330-43ca-8efa-22401757c768","local_time":"20181110034007","is_ascension_mode":true,"campfire_choices":[{"data":"Bullet Time","floor":7,"key":"SMITH"},{"data":"Survivor","floor":10,"key":"SMITH"},{"data":"Noxious Fumes","floor":13,"key":"SMITH"},{"data":"Malaise","floor":15,"key":"SMITH"},{"data":"Discovery","floor":32,"key":"SMITH"},{"data":"After Image","floor":41,"key":"SMITH"},{"data":"Catalyst","floor":44,"key":"SMITH"},{"floor":49,"key":"REST"}],"neow_cost":"PERCENT_DAMAGE","seed_source_timestamp":22206036706360,"circlet_count":0,"master_deck":["Defend_G+1","Defend_G","Defend_G","Defend_G","Defend_G+1","Strike_G","Strike_G","Strike_G","Survivor+1","Neutralize","Caltrops","Bouncing Flask","Deadly Poison","Bullet Time+1","Noxious Fumes+1","Discovery+1","All Out Attack","Malaise+1","Deadly Poison","Backflip","Corpse Explosion","Backstab","Footwork","Terror+1","Catalyst+1","Dash+1","PiercingWail+1","Dodge and Roll+1","Backflip+1","After Image+1","Backflip+1","Apotheosis+1","Backflip+1","Backflip+1","Metamorphosis+1","Blur+1","Finesse+1"],"relics":["Ring of the Snake","MawBank","War Paint","Shuriken","Black Star","Orichalcum","Meat on the Bone","Sundial","Anchor","Snake Skull","Pen Nib","Question Card","Toxic Egg 2","Tiny Chest","Potion Belt","Cursed Key","Kunai","Bottled Flame","Juzu Bracelet","Art of War","Bronze Scales","PreservedInsect"],"potions_floor_usage":[8,23,28,28,33,33,40,50],"damage_taken":[{"damage":0,"enemies":"2 Louse","floor":1,"turns":3},{"damage":1,"enemies":"Cultist","floor":2,"turns":4},{"damage":1,"enemies":"Jaw Worm","floor":3,"turns":4},{"damage":7,"enemies":"2 Fungi Beasts","floor":4,"turns":4},{"damage":16,"enemies":"Gremlin Nob","floor":8,"turns":3},{"damage":18,"enemies":"3 Sentries","floor":11,"turns":7},{"damage":7,"enemies":"Exordium Thugs","floor":12,"turns":4},{"damage":0,"enemies":"Hexaghost","floor":16,"turns":8},{"damage":33,"enemies":"3 Byrds","floor":18,"turns":3},{"damage":12,"enemies":"Shell Parasite","floor":19,"turns":5},{"damage":27,"enemies":"Slavers","floor":23,"turns":4},{"damage":28,"enemies":"Gremlin Leader","floor":25,"turns":7},{"damage":3,"enemies":"Snecko","floor":27,"turns":6},{"damage":30,"enemies":"Slavers","floor":28,"turns":4},{"damage":0,"enemies":"Snake Plant","floor":29,"turns":4},{"damage":15,"enemies":"Book of Stabbing","floor":30,"turns":6},{"damage":1,"enemies":"Shelled Parasite and Fungi","floor":31,"turns":6},{"damage":39,"enemies":"Automaton","floor":33,"turns":11},{"damage":3,"enemies":"Orb Walker","floor":35,"turns":4},{"damage":0,"enemies":"3 Shapes","floor":39,"turns":3},{"damage":40,"enemies":"Nemesis","floor":40,"turns":11},{"damage":0,"enemies":"Giant Head","floor":45,"turns":6},{"damage":21,"enemies":"Transient","floor":47,"turns":5},{"damage":45,"enemies":"Awakened One","floor":50,"turns":17}],"seed_played":"-1583631478364988484","potions_obtained":[{"floor":4,"key":"Fire Potion"},{"floor":8,"key":"Ancient Potion"},{"floor":12,"key":"SpeedPotion"},{"floor":18,"key":"SpeedPotion"},{"floor":23,"key":"SteroidPotion"},{"floor":27,"key":"EssenceOfSteel"},{"floor":30,"key":"Weak Potion"},{"floor":31,"key":"Regen Potion"},{"floor":35,"key":"SkillPotion"},{"floor":40,"key":"Weak Potion"}],"is_trial":false,"path_per_floor":["M","M","M","M","?","$","R","E","T","R","E","M","R","$","R","B",null,"M","M","T","?","$","E","?","E","T","M","E","M","E","M","R","B",null,"M","T","?","$","M","E","R","?","T","R","E","$","M","$","R","B",null],"character_chosen":"THE_SILENT","items_purchased":["Noxious Fumes","Discovery","Backflip","Footwork","Apotheosis+1","Bottled Flame","Finesse+1"],"campfire_rested":1,"item_purchase_floors":[6,6,14,22,38,38,46],"current_hp_per_floor":[63,62,61,54,54,54,54,38,38,38,20,13,13,13,13,13,84,51,39,39,67,67,40,40,24,24,33,15,27,24,35,35,23,84,81,81,81,81,81,53,53,53,53,53,53,53,44,44,69,36],"gold":41,"neow_bonus":"TWENTY_PERCENT_HP_BONUS","is_prod":false,"is_daily":false,"chose_seed":false,"campfire_upgraded":7,"win_rate":0,"timestamp":1541839207,"path_taken":["M","M","M","M","?","$","R","E","T","R","E","?","R","$","R","BOSS","M","?","?","?","$","E","?","E","T","?","E","M","E","M","R","BOSS","M","?","?","$","?","E","R","?","T","R","E","$","M","$","R","BOSS"],"build_version":"2018-11-08","purchased_purges":2,"victory":true,"max_hp_per_floor":[84,84,84,84,84,84,84,84,84,84,84,84,84,84,84,84,84,84,84,84,84,84,84,84,84,84,84,84,84,84,84,84,84,84,84,84,84,84,84,84,84,84,84,84,84,84,84,84,84,84],"card_choices":[{"not_picked":["Deflect","Outmaneuver"],"picked":"Caltrops","floor":1},{"not_picked":["Deflect","Underhanded Strike"],"picked":"Bouncing Flask","floor":2},{"not_picked":["Flechettes","Calculated Gamble"],"picked":"Deadly Poison","floor":3},{"not_picked":["Masterful Stab","Acrobatics"],"picked":"Bullet Time","floor":4},{"not_picked":["Slice","Distraction"],"picked":"All Out Attack","floor":8},{"not_picked":["All Out Attack","Flechettes"],"picked":"Malaise","floor":11},{"not_picked":["Infinite Blades","Flechettes"],"picked":"Deadly Poison","floor":12},{"not_picked":["Envenom","Wraith Form v2"],"picked":"Corpse Explosion","floor":16},{"not_picked":["PiercingWail","Blur+1"],"picked":"Backstab","floor":18},{"not_picked":["Heel Hook","Deadly Poison","Outmaneuver"],"picked":"SKIP","floor":19},{"not_picked":["Dodge and Roll","Underhanded Strike"],"picked":"Terror+1","floor":23},{"not_picked":["Underhanded Strike","Concentrate","Riddle With Holes"],"picked":"SKIP","floor":25},{"not_picked":["Outmaneuver","Tactician"],"picked":"Catalyst","floor":27},{"not_picked":["Well Laid Plans","Backflip"],"picked":"Dash+1","floor":28},{"not_picked":["Deadly Poison+1","Bane+1","Finisher"],"picked":"PiercingWail+1","floor":29},{"not_picked":["Terror+1","Dagger Throw","Riddle With Holes"],"picked":"Dodge and Roll+1","floor":30},{"not_picked":["Dagger Spray+1","A Thousand Cuts","Dagger Throw"],"picked":"Backflip+1","floor":31},{"not_picked":["Tools of the Trade","Die Die Die","Storm of Steel+1"],"picked":"After Image","floor":33},{"not_picked":["Dagger Spray","Flying Knee","Slice"],"picked":"Backflip+1","floor":35},{"not_picked":["Flechettes","Masterful Stab","Deflect+1"],"picked":"Backflip+1","floor":39},{"not_picked":["Slice+1","Distraction+1","Accuracy+1"],"picked":"Backflip+1","floor":40},{"not_picked":["Master of Strategy+1","PanicButton+1","Dark Shackles+1"],"picked":"Metamorphosis+1","floor":42},{"not_picked":["A Thousand Cuts","Cloak And Dagger+1","Dagger Spray"],"picked":"Blur+1","floor":45},{"not_picked":["Riddle With Holes","Blade Dance+1","Slice","Deflect+1"],"picked":"SKIP","floor":47}],"player_experience":119672,"relics_obtained":[{"floor":8,"key":"MawBank"},{"floor":9,"key":"War Paint"},{"floor":11,"key":"Shuriken"},{"floor":20,"key":"Orichalcum"},{"floor":23,"key":"Meat on the Bone"},{"floor":23,"key":"Sundial"},{"floor":25,"key":"Anchor"},{"floor":25,"key":"Snake Skull"},{"floor":26,"key":"Pen Nib"},{"floor":28,"key":"Question Card"},{"floor":28,"key":"Toxic Egg 2"},{"floor":30,"key":"Tiny Chest"},{"floor":30,"key":"Potion Belt"},{"floor":36,"key":"Kunai"},{"floor":40,"key":"Juzu Bracelet"},{"floor":40,"key":"Art of War"},{"floor":45,"key":"Bronze Scales"},{"floor":45,"key":"PreservedInsect"}],"event_choices":[{"damage_healed":0,"gold_gain":0,"player_choice":"Bought 0 Potions","damage_taken":0,"max_hp_gain":0,"max_hp_loss":0,"event_name":"The Woman in Blue","floor":5,"gold_loss":0},{"damage_healed":28,"gold_gain":0,"player_choice":"Heal","damage_taken":0,"max_hp_gain":0,"max_hp_loss":0,"event_name":"The Library","floor":21,"gold_loss":0},{"damage_healed":0,"gold_gain":100,"player_choice":"Pray","damage_taken":0,"max_hp_gain":0,"max_hp_loss":0,"event_name":"Golden Shrine","floor":24,"gold_loss":0},{"cards_removed":["Decay"],"damage_healed":0,"gold_gain":0,"player_choice":"Purged","damage_taken":0,"max_hp_gain":0,"max_hp_loss":0,"event_name":"Purifier","floor":37,"gold_loss":0},{"damage_healed":0,"gold_gain":0,"player_choice":"Memory 1","damage_taken":0,"max_hp_gain":0,"max_hp_loss":0,"event_name":"SensoryStone","floor":42,"gold_loss":0}],"is_beta":true,"boss_relics":[{"not_picked":["Calling Bell","Philosopher\u0027s Stone"],"picked":"Black Star"},{"not_picked":["Coffee Dripper","Ring of the Serpent"],"picked":"Cursed Key"}],"items_purged_floors":[14,22],"is_endless":false,"potions_floor_spawned":[4,8,12,18,19,23,27,30,31,35,40],"ascension_level":2}