{"gold_per_floor":[113,113,38,38,56,56,83,101,127,127,142,20,195,211,211,211],"floor_reached":16,"playtime":372,"items_purged":["Defend_R","Defend_R"],"score":100,"play_id":"15832c7b-8578-4537-bccd-00eb5814d313","local_time":"20190129054756","is_ascension_mode":false,"campfire_choices":[{"data":"Bash","floor":6,"key":"SMITH"},{"floor":10,"key":"REST"},{"floor":15,"key":"REST"}],"neow_cost":"NONE","seed_source_timestamp":168779725756190,"circlet_count":0,"master_deck":["Strike_R","Strike_R","Strike_R","Strike_R","Strike_R","Defend_R+1","Defend_R+1","Bash+1","Armaments","Armaments","Doubt","Flex"],"relics":["Burning Blood","War Paint","Red Skull"],"potions_floor_usage":[14],"damage_taken":[{"damage":1,"enemies":"Cultist","floor":1,"turns":3},{"damage":7,"enemies":"2 Louse","floor":5,"turns":3},{"damage":54,"enemies":"Lagavulin","floor":7,"turns":6},{"damage":0,"enemies":"Small Slimes","floor":8,"turns":3},{"damage":20,"enemies":"Looter","floor":11,"turns":3},{"damage":25,"enemies":"3 Louse","floor":14,"turns":3},{"damage":85,"enemies":"Slime Boss","floor":16,"turns":8}],"seed_played":"-5947449207387398770","potions_obtained":[{"floor":7,"key":"Weak Potion"},{"floor":11,"key":"BloodPotion"},{"floor":14,"key":"Poison Potion"}],"is_trial":false,"path_per_floor":["M","?","$","?","M","R","E","M","T","R","M","$","?","M","R","B"],"character_chosen":"IRONCLAD","items_purchased":["Armaments"],"campfire_rested":2,"item_purchase_floors":[12],"current_hp_per_floor":[88,88,88,88,87,87,39,45,45,71,57,57,57,46,72,0],"gold":211,"neow_bonus":"TEN_PERCENT_HP_BONUS","is_prod":false,"is_daily":false,"chose_seed":false,"campfire_upgraded":1,"win_rate":0,"timestamp":1548769676,"path_taken":["M","?","?","?","M","R","E","M","T","R","M","$","?","M","R","BOSS"],"build_version":"2019-01-23","purchased_purges":2,"victory":false,"max_hp_per_floor":[88,88,88,88,88,88,88,88,88,88,88,88,88,88,88,88],"card_choices":[{"not_picked":["Warcry","Havoc","Body Slam"],"picked":"SKIP","floor":1},{"not_picked":["Thunderclap","Infernal Blade","Wild Strike"],"picked":"SKIP","floor":5},{"not_picked":["Reckless Charge","Headbutt","Rupture"],"picked":"SKIP","floor":7},{"not_picked":["Havoc","True Grit","Iron Wave"],"picked":"SKIP","floor":8},{"not_picked":["Rupture","Demon Form"],"picked":"Armaments","floor":11},{"not_picked":["Perfected Strike","Pommel Strike"],"picked":"Flex","floor":14}],"player_experience":221488,"relics_obtained":[{"floor":7,"key":"War Paint"},{"floor":9,"key":"Red Skull"}],"event_choices":[{"damage_healed":0,"gold_gain":0,"player_choice":"Ignored","damage_taken":0,"max_hp_gain":0,"max_hp_loss":0,"event_name":"NoteForYourself","floor":2,"gold_loss":0},{"damage_healed":0,"gold_gain":0,"player_choice":"Leave","damage_taken":0,"max_hp_gain":0,"max_hp_loss":0,"event_name":"The Cleric","floor":4,"gold_loss":0},{"damage_healed":0,"gold_gain":175,"player_choice":"AGREE","damage_taken":0,"max_hp_gain":0,"max_hp_loss":0,"event_name":"Liars Game","floor":13,"gold_loss":0,"cards_obtained":["Doubt"]}],"is_beta":false,"boss_relics":[],"items_purged_floors":[3,12],"is_endless":false,"potions_floor_spawned":[7,11,14],"killed_by":"Slime Boss","ascension_level":0}