{"gold_per_floor":[19,31,45,45,58,58,84,84,84,145,161,161,177,46,46,125,125,138,154,56,75,92,92,92],"floor_reached":24,"playtime":1342,"items_purged":["Pain"],"score":380,"play_id":"f00fb3c7-e9df-4170-9dbf-c5a44cac066a","local_time":"20190318160540","is_ascension_mode":true,"campfire_choices":[{"data":"Bash","floor":6,"key":"SMITH"},{"data":"Barricade","floor":8,"key":"SMITH"},{"data":"Shrug It Off","floor":15,"key":"SMITH"},{"floor":23,"key":"REST"}],"neow_cost":"NO_GOLD","seed_source_timestamp":25424439176578,"circlet_count":0,"master_deck":["AscendersBane","Strike_R","Strike_R","Strike_R","Strike_R","Defend_R","Defend_R","Defend_R","Bash+1","Thunderclap","Rampage","Barricade+1","Shrug It Off+1","Power Through","Headbutt","Feed","Armaments","Shrug It Off","Finesse","Warcry+1","True Grit"],"relics":["Burning Blood","Anchor","Art of War","WarpedTongs","Mark of Pain"],"potions_floor_usage":[7,7,24,24],"damage_taken":[{"damage":2,"enemies":"Small Slimes","floor":1,"turns":5},{"damage":6,"enemies":"Cultist","floor":2,"turns":3},{"damage":12,"enemies":"Jaw Worm","floor":3,"turns":3},{"damage":8,"enemies":"Red Slaver","floor":5,"turns":5},{"damage":40,"enemies":"Lagavulin","floor":7,"turns":4},{"damage":3,"enemies":"Lots of Slimes","floor":11,"turns":4},{"damage":4,"enemies":"Large Slime","floor":13,"turns":5},{"damage":18,"enemies":"The Guardian","floor":16,"turns":16},{"damage":24,"enemies":"Spheric Guardian","floor":18,"turns":5},{"damage":12,"enemies":"Chosen","floor":19,"turns":6},{"damage":27,"enemies":"Centurion and Healer","floor":21,"turns":9},{"damage":13,"enemies":"Snake Plant","floor":22,"turns":8},{"damage":58,"enemies":"Book of Stabbing","floor":24,"turns":6}],"seed_played":"-7350993050686921201","potions_obtained":[{"floor":1,"key":"Poison Potion"},{"floor":2,"key":"Strength Potion"},{"floor":13,"key":"Strength Potion"},{"floor":21,"key":"AttackPotion"}],"is_trial":false,"path_per_floor":["M","M","M","$","M","R","E","R","T","?","M","?","M","$","R","B",null,"M","M","$","M","M","R","E"],"character_chosen":"IRONCLAD","items_purchased":["Headbutt","Finesse"],"campfire_rested":1,"item_purchase_floors":[14,20],"current_hp_per_floor":[72,72,66,66,64,64,30,30,30,30,33,33,35,35,35,23,62,44,42,42,25,22,48,0],"gold":92,"neow_bonus":"REMOVE_TWO","is_prod":false,"is_daily":false,"chose_seed":false,"campfire_upgraded":3,"win_rate":0,"timestamp":1552939540,"path_taken":["M","M","M","$","M","R","E","R","T","?","M","?","?","$","R","BOSS","M","M","$","M","?","R","E"],"build_version":"2019-03-15","purchased_purges":1,"victory":false,"max_hp_per_floor":[75,75,75,75,75,75,75,75,75,75,75,75,75,75,75,75,75,75,79,79,83,87,87,87],"card_choices":[{"not_picked":["Clash","Perfected Strike","Infernal Blade"],"picked":"SKIP","floor":1},{"not_picked":["Pommel Strike","Warcry"],"picked":"Thunderclap","floor":2},{"not_picked":["Evolve","Seeing Red"],"picked":"Rampage","floor":3},{"not_picked":["Wild Strike","Twin Strike","Sentinel"],"picked":"SKIP","floor":5},{"not_picked":["Power Through","Feel No Pain"],"picked":"Barricade","floor":7},{"not_picked":["Whirlwind","Clash"],"picked":"Shrug It Off","floor":11},{"not_picked":["Wild Strike","Clothesline"],"picked":"Power Through","floor":13},{"not_picked":["Reaper","Brutality"],"picked":"Feed","floor":16},{"not_picked":["Headbutt+1","Perfected Strike"],"picked":"Armaments","floor":18},{"not_picked":["Flex+1","Wild Strike"],"picked":"Shrug It Off","floor":19},{"not_picked":["Anger","Fire Breathing"],"picked":"Warcry+1","floor":21},{"not_picked":["Sever Soul","Cleave+1"],"picked":"True Grit","floor":22}],"player_experience":572114,"relics_obtained":[{"floor":7,"key":"Anchor"},{"floor":9,"key":"Art of War"}],"event_choices":[{"damage_healed":0,"gold_gain":61,"player_choice":"Gained Gold","damage_taken":0,"max_hp_gain":0,"max_hp_loss":0,"event_name":"Golden Wing","floor":10,"gold_loss":0},{"damage_healed":0,"gold_gain":0,"player_choice":"Rummage","damage_taken":0,"relics_obtained":["WarpedTongs"],"max_hp_gain":0,"max_hp_loss":0,"event_name":"Accursed Blacksmith","floor":12,"gold_loss":0,"cards_obtained":["Pain"]}],"is_beta":true,"boss_relics":[{"not_picked":["Snecko Eye","Black Blood"],"picked":"Mark of Pain"}],"items_purged_floors":[14],"is_endless":false,"potions_floor_spawned":[1,2,5,13,21,22],"killed_by":"Book of Stabbing","ascension_level":18}