{"gold_per_floor":[119,119,119,129,79,98,116,116,116,136,136,170,170,50,50,148,148,165,165,165,22,22],"floor_reached":22,"playtime":832,"items_purged":["Strike_R"],"score":273,"play_id":"e45fe707-60b9-45bb-9d24-dfc3276e9a44","local_time":"20190129235619","is_ascension_mode":true,"campfire_choices":[{"data":"True Grit","floor":8,"key":"SMITH"},{"data":"Spot Weakness","floor":11,"key":"SMITH"},{"data":"Sword Boomerang","floor":13,"key":"SMITH"},{"data":"Armaments","floor":15,"key":"SMITH"}],"neow_cost":"NONE","seed_source_timestamp":26496657191018,"circlet_count":0,"master_deck":["AscendersBane","Strike_R","Strike_R","Strike_R","Defend_R","Defend_R","Defend_R","Defend_R","Bash","True Grit+1","Anger","Spot Weakness+1","Clothesline","Sword Boomerang+1","Headbutt","Armaments+1","Dark Embrace","Cleave"],"relics":["Burning Blood","Juzu Bracelet","Self Forming Clay","Ancient Tea Set","Black Star","Happy Flower"],"potions_floor_usage":[10,10,12,16],"damage_taken":[{"damage":5,"enemies":"Small Slimes","floor":1,"turns":4},{"damage":1,"enemies":"Cultist","floor":4,"turns":4},{"damage":0,"enemies":"2 Louse","floor":6,"turns":2},{"damage":2,"enemies":"Blue Slaver","floor":7,"turns":4},{"damage":9,"enemies":"Exordium Wildlife","floor":10,"turns":6},{"damage":18,"enemies":"Lagavulin","floor":12,"turns":5},{"damage":40,"enemies":"Hexaghost","floor":16,"turns":9},{"damage":19,"enemies":"2 Thieves","floor":18,"turns":4},{"damage":53,"enemies":"Colosseum Slavers","floor":19,"turns":5},{"damage":45,"enemies":"Masked Bandits","floor":22,"turns":3}],"seed_played":"666424663586543948","potions_obtained":[{"floor":1,"key":"Regen Potion"},{"floor":3,"key":"EssenceOfSteel"},{"floor":3,"key":"Block Potion"},{"floor":7,"key":"Fire Potion"},{"floor":12,"key":"LiquidBronze"}],"is_trial":false,"path_per_floor":["M","?","?","M","?","M","M","R","T","M","R","E","R","$","R","B",null,"M","?","?","$","?"],"character_chosen":"IRONCLAD","items_purchased":["Armaments","Happy Flower"],"campfire_rested":0,"item_purchase_floors":[14,21],"current_hp_per_floor":[73,73,73,78,78,80,80,80,80,77,77,74,74,74,74,40,70,57,10,36,36,0],"gold":22,"neow_bonus":"RANDOM_COMMON_RELIC","is_prod":false,"is_daily":false,"chose_seed":false,"campfire_upgraded":4,"win_rate":0,"timestamp":1548824179,"path_taken":["M","?","?","M","?","M","M","R","T","M","R","E","R","$","R","BOSS","M","?","?","?","?"],"build_version":"2019-01-23","purchased_purges":1,"victory":false,"max_hp_per_floor":[80,80,80,80,80,80,80,80,80,80,80,80,80,80,80,80,80,80,80,80,80,80],"card_choices":[{"not_picked":["Evolve","Heavy Blade"],"picked":"True Grit","floor":1},{"not_picked":["Anger","Dual Wield"],"picked":"Spot Weakness","floor":4},{"not_picked":["Hemokinesis","Havoc"],"picked":"Clothesline","floor":6},{"not_picked":["True Grit","Clothesline","Flex"],"picked":"SKIP","floor":7},{"not_picked":["Pummel","Searing Blow"],"picked":"Sword Boomerang","floor":10},{"not_picked":["Juggernaut","Searing Blow"],"picked":"Headbutt","floor":12},{"not_picked":["Feed","Reaper"],"picked":"Dark Embrace","floor":16},{"not_picked":["Armaments","Anger+1"],"picked":"Cleave","floor":18}],"player_experience":299283,"relics_obtained":[{"floor":9,"key":"Self Forming Clay"},{"floor":12,"key":"Ancient Tea Set"}],"event_choices":[{"damage_healed":0,"gold_gain":0,"player_choice":"1 cards matched","damage_taken":0,"max_hp_gain":0,"max_hp_loss":0,"event_name":"Match and Keep!","floor":2,"gold_loss":0,"cards_obtained":["Anger"]},{"damage_healed":0,"gold_gain":0,"player_choice":"Got Potions","damage_taken":0,"max_hp_gain":0,"max_hp_loss":0,"event_name":"Lab","floor":3,"gold_loss":0},{"cards_removed":["Strike_R"],"damage_healed":0,"gold_gain":0,"player_choice":"Card Removal","damage_taken":0,"max_hp_gain":0,"max_hp_loss":0,"event_name":"The Cleric","floor":5,"gold_loss":50},{"damage_healed":0,"gold_gain":0,"player_choice":"Fight","damage_taken":0,"max_hp_gain":0,"max_hp_loss":0,"event_name":"Colosseum","floor":19,"gold_loss":0},{"damage_healed":0,"gold_gain":0,"player_choice":"Fled From Nobs","damage_taken":0,"max_hp_gain":0,"max_hp_loss":0,"event_name":"Colosseum","floor":19,"gold_loss":0},{"damage_healed":26,"gold_gain":0,"player_choice":"Heal","damage_taken":0,"max_hp_gain":0,"max_hp_loss":0,"event_name":"The Library","floor":20,"gold_loss":0},{"damage_healed":0,"gold_gain":0,"player_choice":"Fought Bandits","damage_taken":0,"max_hp_gain":0,"max_hp_loss":0,"event_name":"Masked Bandits","floor":22,"gold_loss":0}],"is_beta":true,"boss_relics":[{"not_picked":["Sozu","Black Blood"],"picked":"Black Star"}],"items_purged_floors":[14],"is_endless":false,"potions_floor_spawned":[1,6,7,12],"killed_by":"Masked Bandits","ascension_level":10}