{"gold_per_floor":[111,186,186,199,45,45,45,45,68,80,104,216,239,261,273,390,402,430,517,539,61,61,61,81,81,81,81,91,91,107,23,23,23],"floor_reached":33,"playtime":703,"items_purged":[],"score":237,"play_id":"9d3672ea-6469-499f-8b92-592eb2e7a963","local_time":"20190203052723","is_ascension_mode":false,"campfire_choices":[{"data":"Bash","floor":6,"key":"SMITH"},{"floor":8,"key":"REST"},{"floor":15,"key":"REST"},{"data":"1","floor":23,"key":"LIFT"},{"data":"Blood for Blood","floor":25,"key":"SMITH"},{"data":"2","floor":32,"key":"LIFT"}],"neow_cost":"NONE","seed_source_timestamp":599249027140353,"circlet_count":0,"master_deck":["Strike_R","Strike_R","Strike_R","Defend_R","Defend_R","Defend_R","Bash+1","Carnage+1","Bludgeon+1","Havoc+1","Parasite","Blood for Blood+1","Exhume","Carnage","The Bomb","Flex+1","Dramatic Entrance"],"relics":["Astrolabe","Happy Flower","Anchor","MawBank","Busted Crown","Girya","Dodecahedron","MutagenicStrength"],"potions_floor_usage":[13,18,27,30],"damage_taken":[{"damage":7,"enemies":"2 Louse","floor":1,"turns":2},{"damage":0,"enemies":"Jaw Worm","floor":4,"turns":1},{"damage":0,"enemies":"Small Slimes","floor":11,"turns":2},{"damage":33,"enemies":"Gremlin Gang","floor":13,"turns":5},{"damage":0,"enemies":"2 Fungi Beasts","floor":14,"turns":1},{"damage":26,"enemies":"The Guardian","floor":16,"turns":5},{"damage":5,"enemies":"2 Thieves","floor":18,"turns":2},{"damage":0,"enemies":"Chosen","floor":20,"turns":3},{"damage":3,"enemies":"Snecko","floor":24,"turns":3},{"damage":0,"enemies":"Chosen and Byrds","floor":27,"turns":1},{"damage":0,"enemies":"Snake Plant","floor":28,"turns":1},{"damage":18,"enemies":"Snecko","floor":30,"turns":4},{"damage":71,"enemies":"Champ","floor":33,"turns":7}],"seed_played":"603773238489499708","potions_obtained":[{"floor":1,"key":"FearPotion"},{"floor":4,"key":"SmokeBomb"},{"floor":14,"key":"Explosive Potion"},{"floor":24,"key":"BloodPotion"},{"floor":30,"key":"SpeedPotion"}],"is_trial":false,"path_per_floor":["M","?","?","M","$","R","$","R","T","?","M","?","M","M","R","B",null,"M","?","M","$","?","R","M","R","T","M","M","?","M","$","R","B"],"character_chosen":"IRONCLAD","items_purchased":["Anchor","Girya","The Bomb","Dramatic Entrance"],"campfire_rested":2,"item_purchase_floors":[5,21,21,31],"current_hp_per_floor":[73,62,55,55,55,55,55,79,79,80,80,80,47,47,71,45,80,75,67,67,67,67,67,64,64,64,64,64,64,54,54,54,0],"gold":23,"neow_bonus":"BOSS_RELIC","is_prod":false,"is_daily":false,"chose_seed":false,"campfire_upgraded":2,"win_rate":0,"timestamp":1549200443,"path_taken":["M","?","?","M","$","R","$","R","T","?","M","?","M","?","R","BOSS","M","?","M","?","?","R","M","R","T","M","?","?","M","$","R","BOSS"],"build_version":"2019-01-23","purchased_purges":0,"victory":false,"max_hp_per_floor":[80,80,80,80,80,80,80,80,80,80,80,80,80,80,80,80,80,80,80,80,80,80,80,80,80,80,80,80,80,80,80,80,80],"card_choices":[{"not_picked":["Battle Trance","Pommel Strike","Body Slam"],"picked":"SKIP","floor":1},{"not_picked":["Armaments","Headbutt","Warcry"],"picked":"SKIP","floor":4},{"not_picked":["Ghostly Armor","Disarm","Sword Boomerang"],"picked":"SKIP","floor":11},{"not_picked":["Sword Boomerang","Sever Soul","Perfected Strike"],"picked":"SKIP","floor":13},{"not_picked":["Cleave","True Grit"],"picked":"Blood for Blood","floor":14},{"not_picked":["Juggernaut","Limit Break"],"picked":"Exhume","floor":16},{"not_picked":[],"picked":"Carnage","floor":18},{"not_picked":["Sword Boomerang"],"picked":"SKIP","floor":20},{"not_picked":[],"picked":"Flex+1","floor":24},{"not_picked":["Combust"],"picked":"SKIP","floor":28},{"not_picked":["Clash"],"picked":"SKIP","floor":30}],"player_experience":236911,"relics_obtained":[{"floor":9,"key":"MawBank"},{"floor":26,"key":"Dodecahedron"}],"event_choices":[{"damage_healed":0,"gold_gain":75,"player_choice":"Gather Gold","damage_taken":11,"max_hp_gain":0,"max_hp_loss":0,"event_name":"World of Goop","floor":2,"gold_loss":0},{"damage_healed":0,"gold_gain":0,"player_choice":"Success","damage_taken":7,"relics_obtained":["Happy Flower"],"max_hp_gain":0,"max_hp_loss":0,"event_name":"Scrap Ooze","floor":3,"gold_loss":0},{"damage_healed":20,"gold_gain":0,"player_choice":"Healed and dodged fight","damage_taken":0,"max_hp_gain":0,"max_hp_loss":0,"event_name":"Mushrooms","floor":10,"gold_loss":0,"cards_obtained":["Parasite"]},{"damage_healed":0,"gold_gain":100,"player_choice":"Pray","damage_taken":0,"max_hp_gain":0,"max_hp_loss":0,"event_name":"Golden Shrine","floor":12,"gold_loss":0},{"damage_healed":0,"gold_gain":75,"player_choice":"Touch","damage_taken":8,"max_hp_gain":0,"max_hp_loss":0,"event_name":"FaceTrader","floor":19,"gold_loss":0},{"damage_healed":0,"gold_gain":0,"player_choice":"Inject Mutagens","damage_taken":0,"relics_obtained":["MutagenicStrength"],"max_hp_gain":0,"max_hp_loss":0,"event_name":"Drug Dealer","floor":29,"gold_loss":0}],"is_beta":false,"boss_relics":[{"not_picked":["Orrery","Fusion Hammer"],"picked":"Busted Crown"}],"items_purged_floors":[],"is_endless":false,"potions_floor_spawned":[1,4,14,24,27,30],"killed_by":"Champ","ascension_level":0}