{"gold_per_floor":[116,116,7,27,41,41,66,66,66,66,31,51,51,94,94,222,222,245,259,259,30,54,54,74,74,97,97,115,115,115,19,19,19],"floor_reached":33,"playtime":798,"items_purged":["Strike_R"],"score":278,"play_id":"1641fdf8-9464-49e7-a27e-160d1857a42c","local_time":"20190322023559","is_ascension_mode":true,"campfire_choices":[{"data":"Cleave","floor":6,"key":"SMITH"},{"data":"Bandage Up","floor":8,"key":"SMITH"},{"data":"Rampage","floor":15,"key":"SMITH"},{"floor":23,"key":"REST"},{"data":"Bludgeon","floor":25,"key":"SMITH"},{"data":"RitualDagger","floor":30,"key":"SMITH"},{"data":"Trip","floor":32,"key":"SMITH"}],"neow_cost":"NONE","seed_source_timestamp":124647760653571,"circlet_count":0,"master_deck":["Strike_R","Strike_R","Strike_R","Strike_R","Defend_R","Defend_R","Defend_R","Defend_R","Bash","Twin Strike+1","Bandage Up+1","Iron Wave","Cleave+1","Blood for Blood","Shrug It Off","Rampage+1","Bludgeon+1","Dropkick+1","Twin Strike","RitualDagger+1","Flex+1","Trip+1"],"relics":["Black Blood","NeowsBlessing","StoneCalendar","Golden Idol","Regal Pillow","Orichalcum","Anchor","MutagenicStrength"],"potions_floor_usage":[7,19,22,24,33],"damage_taken":[{"damage":0,"enemies":"Jaw Worm","floor":1,"turns":1},{"damage":0,"enemies":"Cultist","floor":4,"turns":1},{"damage":0,"enemies":"2 Louse","floor":5,"turns":1},{"damage":15,"enemies":"Gremlin Nob","floor":7,"turns":4},{"damage":0,"enemies":"Large Slime","floor":12,"turns":4},{"damage":36,"enemies":"3 Sentries","floor":14,"turns":7},{"damage":55,"enemies":"The Guardian","floor":16,"turns":9},{"damage":22,"enemies":"Chosen","floor":18,"turns":5},{"damage":43,"enemies":"2 Thieves","floor":19,"turns":4},{"damage":21,"enemies":"Snake Plant","floor":22,"turns":4},{"damage":27,"enemies":"3 Cultists","floor":24,"turns":5},{"damage":18,"enemies":"Chosen and Byrds","floor":28,"turns":5},{"damage":63,"enemies":"Champ","floor":33,"turns":7}],"seed_played":"-2883404696099661165","potions_obtained":[{"floor":1,"key":"Poison Potion"},{"floor":5,"key":"GamblersBrew"},{"floor":7,"key":"SteroidPotion"},{"floor":19,"key":"SkillPotion"},{"floor":20,"key":"SteroidPotion"},{"floor":20,"key":"Explosive Potion"}],"is_trial":false,"path_per_floor":["M","?","$","M","M","R","E","R","T","?","?","M","$","E","R","B",null,"M","M","?","$","M","R","M","R","T","?","M","?","R","$","R","B"],"character_chosen":"IRONCLAD","items_purchased":["Bandage Up","Iron Wave","Orichalcum","Trip"],"campfire_rested":1,"item_purchase_floors":[3,3,21,31],"current_hp_per_floor":[80,80,80,80,80,80,71,71,71,51,71,80,80,56,56,13,80,68,41,41,41,36,75,64,64,64,58,56,56,56,56,56,0],"gold":19,"neow_bonus":"THREE_ENEMY_KILL","is_prod":false,"is_daily":false,"chose_seed":false,"campfire_upgraded":6,"win_rate":0,"timestamp":1553247359,"path_taken":["M","?","$","?","M","R","E","R","T","?","?","M","?","E","R","BOSS","M","M","?","$","M","R","?","R","T","?","M","?","R","$","R","BOSS"],"build_version":"2019-01-23","purchased_purges":1,"victory":false,"max_hp_per_floor":[80,80,80,80,80,80,80,80,80,80,80,80,80,80,80,80,80,80,80,80,80,80,80,80,80,80,80,80,80,80,80,80,80],"card_choices":[{"not_picked":["Hemokinesis","Clothesline"],"picked":"Twin Strike","floor":1},{"not_picked":["Spot Weakness","Flex"],"picked":"Cleave","floor":4},{"not_picked":["Armaments","Feel No Pain"],"picked":"Blood for Blood","floor":5},{"not_picked":["Warcry","Heavy Blade","Flex"],"picked":"SKIP","floor":7},{"not_picked":["Clothesline","Cleave"],"picked":"Shrug It Off","floor":12},{"not_picked":["Berserk","Cleave"],"picked":"Rampage","floor":14},{"not_picked":["Immolate","Reaper"],"picked":"Bludgeon","floor":16},{"not_picked":["Reckless Charge+1","Wild Strike"],"picked":"Dropkick+1","floor":18},{"not_picked":["Flex","Sever Soul","Perfected Strike"],"picked":"SKIP","floor":19},{"not_picked":["Shrug It Off","Clothesline"],"picked":"Twin Strike","floor":22},{"not_picked":["Shrug It Off","Rampage","Clothesline"],"picked":"SKIP","floor":24},{"not_picked":["Juggernaut","Pummel"],"picked":"Flex+1","floor":28}],"player_experience":381312,"relics_obtained":[{"floor":7,"key":"StoneCalendar"},{"floor":14,"key":"Regal Pillow"},{"floor":26,"key":"Anchor"}],"event_choices":[{"damage_healed":0,"gold_gain":0,"player_choice":"Upgraded","damage_taken":0,"max_hp_gain":0,"max_hp_loss":0,"event_name":"Upgrade Shrine","floor":2,"gold_loss":0,"cards_upgraded":["Twin Strike"]},{"damage_healed":0,"gold_gain":0,"player_choice":"Take Damage","damage_taken":20,"relics_obtained":["Golden Idol"],"max_hp_gain":0,"max_hp_loss":0,"event_name":"Golden Idol","floor":10,"gold_loss":0},{"damage_healed":20,"gold_gain":0,"player_choice":"Healed","damage_taken":0,"max_hp_gain":0,"max_hp_loss":0,"event_name":"The Cleric","floor":11,"gold_loss":35},{"damage_healed":0,"gold_gain":0,"player_choice":"Got Potions","damage_taken":0,"max_hp_gain":0,"max_hp_loss":0,"event_name":"Lab","floor":20,"gold_loss":0},{"damage_healed":0,"gold_gain":0,"player_choice":"Joined the Cult","damage_taken":6,"max_hp_gain":0,"max_hp_loss":0,"event_name":"Nest","floor":27,"gold_loss":0,"cards_obtained":["RitualDagger"]},{"damage_healed":0,"gold_gain":0,"player_choice":"Inject Mutagens","damage_taken":0,"relics_obtained":["MutagenicStrength"],"max_hp_gain":0,"max_hp_loss":0,"event_name":"Drug Dealer","floor":29,"gold_loss":0}],"is_beta":false,"boss_relics":[{"not_picked":["Runic Cube","Empty Cage"],"picked":"Black Blood"}],"items_purged_floors":[21],"is_endless":false,"potions_floor_spawned":[1,5,7,19],"killed_by":"Champ","ascension_level":2}