{"gold_per_floor":[110,110,35,60,135,135,35,50,50,105,127,127,143,108,108,180,180,190,204,204,204,222,222],"floor_reached":23,"playtime":819,"items_purged":["Pain","Decay"],"score":499,"play_id":"ed544e3e-14f2-4a46-ade1-393ed4573397","local_time":"20190217173558","is_ascension_mode":true,"campfire_choices":[{"data":"Zap","floor":6.0,"key":"SMITH"},{"data":"Coolheaded","floor":12.0,"key":"SMITH"},{"data":"Consume","floor":15.0,"key":"SMITH"}],"neow_cost":"CURSE","seed_source_timestamp":344995640763842,"circlet_count":0,"master_deck":["AscendersBane","Defend_B","Defend_B+1","Defend_B+1","Defend_B","Zap+1","Dualcast","Compile Driver","Auto Shields","Consume+1","Coolheaded+1","Electrodynamics","Echo Form","Doom and Gloom","Streamline+1","Bite","Bite","Bite","Bite","Bite","Darkness+1"],"special_seed":0,"relics":["Cracked Core","FossilizedHelix","WarpedTongs","War Paint","Tiny Chest","Odd Mushroom","Sozu","MutagenicStrength"],"potions_floor_usage":[],"damage_taken":[{"damage":1.0,"enemies":"Small Slimes","floor":1.0,"turns":3.0},{"damage":0.0,"enemies":"Cultist","floor":8.0,"turns":3.0},{"damage":15.0,"enemies":"3 Sentries","floor":10.0,"turns":8.0},{"damage":9.0,"enemies":"The Mushroom Lair","floor":11.0,"turns":4.0},{"damage":0.0,"enemies":"Jaw Worm","floor":13.0,"turns":3.0},{"damage":0.0,"enemies":"The Guardian","floor":16.0,"turns":10.0},{"damage":11.0,"enemies":"Spheric Guardian","floor":18.0,"turns":4.0},{"damage":0.0,"enemies":"Chosen","floor":19.0,"turns":5.0},{"damage":12.0,"enemies":"Shelled Parasite and Fungi","floor":22.0,"turns":5.0},{"damage":62,"enemies":"Gremlin Leader","floor":23,"turns":4}],"seed_played":"4397350520563402394","potions_obtained":[{"floor":13.0,"key":"Ancient Potion"}],"is_trial":false,"path_per_floor":["M","?","$","T","?","R","$","M","T","E","?","R","M","?","R","B",null,"M","M","?","?","M","E"],"character_chosen":"DEFECT","items_purchased":[],"campfire_rested":0,"item_purchase_floors":[],"current_hp_per_floor":[63,63,63,63,52,52,52,52,52,37,28,28,28,45,45,45,65,54,54,49,49,49,0],"gold":222,"neow_bonus":"ONE_RARE_RELIC","is_prod":false,"is_daily":false,"chose_seed":false,"campfire_upgraded":3,"win_rate":0,"timestamp":1550442958,"path_taken":["M","?","$","?","?","R","?","?","T","E","?","R","M","?","R","BOSS","M","M","?","?","M","E"],"build_version":"2019-02-06","purchased_purges":2,"victory":false,"max_hp_per_floor":[71,71,71,71,71,71,71,71,71,71,71,71,71,71,71,71,71,71,71,49,49,49,49],"card_choices":[{"not_picked":["Rip and Tear","Hologram"],"picked":"Compile Driver","floor":1.0},{"not_picked":["Coolheaded","Hologram"],"picked":"Auto Shields","floor":8.0},{"not_picked":["Heatsinks","Beam Cell"],"picked":"Consume","floor":10.0},{"not_picked":["Redo","Sunder"],"picked":"Coolheaded","floor":11.0},{"not_picked":["Steam","Steam Power"],"picked":"Electrodynamics","floor":13.0},{"not_picked":["Rainbow","Creative AI"],"picked":"Echo Form","floor":16.0},{"not_picked":["Turbo","Beam Cell"],"picked":"Doom and Gloom","floor":18.0},{"not_picked":["Steam","Stack"],"picked":"Streamline+1","floor":19.0},{"not_picked":["Conserve Battery","Coolheaded"],"picked":"Darkness+1","floor":22.0}],"player_experience":931457,"relics_obtained":[{"floor":4.0,"key":"War Paint"},{"floor":10.0,"key":"Tiny Chest"},{"floor":11.0,"key":"Odd Mushroom"}],"event_choices":[{"damage_healed":0.0,"max_hp_gain":0.0,"max_hp_loss":0.0,"gold_gain":0.0,"event_name":"Accursed Blacksmith","player_choice":"Rummage","floor":2.0,"gold_loss":0.0,"damage_taken":0.0,"relics_obtained":["WarpedTongs"],"cards_obtained":["Pain"]},{"damage_healed":0.0,"max_hp_gain":0.0,"max_hp_loss":0.0,"gold_gain":75.0,"event_name":"World of Goop","player_choice":"Gather Gold","floor":5.0,"gold_loss":0.0,"damage_taken":11.0},{"damage_healed":0.0,"max_hp_gain":0.0,"max_hp_loss":0.0,"gold_gain":0.0,"event_name":"Mushrooms","player_choice":"Fought Mushrooms","floor":11.0,"gold_loss":0.0,"damage_taken":0.0},{"damage_healed":17.0,"max_hp_gain":0.0,"max_hp_loss":0.0,"gold_gain":0.0,"event_name":"The Cleric","player_choice":"Healed","floor":14.0,"gold_loss":35.0,"damage_taken":0.0},{"damage_healed":0.0,"max_hp_gain":0.0,"max_hp_loss":22.0,"gold_gain":0.0,"event_name":"Vampires","player_choice":"Became a vampire","floor":20.0,"gold_loss":0.0,"damage_taken":0.0,"cards_obtained":["Bite","Bite","Bite","Bite","Bite"]},{"damage_healed":0.0,"max_hp_gain":0.0,"max_hp_loss":0.0,"gold_gain":0.0,"event_name":"Drug Dealer","player_choice":"Inject Mutagens","floor":21.0,"gold_loss":0.0,"damage_taken":0.0,"relics_obtained":["MutagenicStrength"]}],"is_beta":true,"boss_relics":[{"not_picked":["Cursed Key","Philosopher\u0027s Stone"],"picked":"Sozu"}],"items_purged_floors":[3,7],"is_endless":false,"potions_floor_spawned":[13,22],"killed_by":"Gremlin Leader","ascension_level":20}