{"gold_per_floor":[16,91,91,61,74,74,107,107,176,208,41,41,53,115,115,115],"floor_reached":16,"playtime":486,"items_purged":[],"score":212,"play_id":"786d9cee-46d9-482d-84d1-0cf52735f38c","local_time":"20181105094954","is_ascension_mode":true,"campfire_choices":[{"data":"Streamline","floor":6,"key":"SMITH"},{"floor":8,"key":"REST"},{"floor":12,"key":"REST"},{"data":"Compile Driver","floor":15,"key":"SMITH"}],"neow_cost":"NO_GOLD","seed_source_timestamp":176296818236646,"circlet_count":0,"master_deck":["AscendersBane","Strike_B","Strike_B","Strike_B+1","Strike_B","Defend_B","Defend_B","Defend_B","Defend_B","Zap","Dualcast","Steam+1","Streamline+1","Leap","Cold Snap","Glacier","Compile Driver+1"],"relics":["Cracked Core","Gambling Chip","Juzu Bracelet","Potion Belt","PreservedInsect","Anchor"],"potions_floor_usage":[7,10,14,16,16],"damage_taken":[{"damage":1,"enemies":"Cultist","floor":1,"turns":3},{"damage":0,"enemies":"Small Slimes","floor":5,"turns":2},{"damage":15,"enemies":"Lagavulin","floor":7,"turns":5},{"damage":27,"enemies":"3 Sentries","floor":10,"turns":10},{"damage":0,"enemies":"Jaw Worm","floor":13,"turns":2},{"damage":0,"enemies":"Lagavulin Event","floor":14,"turns":3},{"damage":37,"enemies":"Hexaghost","floor":16,"turns":9}],"seed_played":"5863571975219475816","potions_obtained":[{"floor":4,"key":"SpeedPotion"},{"floor":4,"key":"SpeedPotion"},{"floor":7,"key":"Block Potion"},{"floor":10,"key":"AttackPotion"},{"floor":13,"key":"Fruit Juice"}],"is_trial":false,"path_per_floor":["M","?","?","?","M","R","E","R","T","E","$","R","M","?","R","B"],"character_chosen":"DEFECT","items_purchased":["PreservedInsect"],"campfire_rested":2,"item_purchase_floors":[11],"current_hp_per_floor":[63,52,31,31,31,31,16,37,37,10,10,31,31,31,31,0],"gold":115,"neow_bonus":"ONE_RARE_RELIC","is_prod":false,"is_daily":false,"chose_seed":false,"campfire_upgraded":2,"win_rate":0,"timestamp":1541429394,"path_taken":["M","?","?","?","?","R","E","R","T","E","?","R","M","?","R","BOSS"],"build_version":"2018-11-02","purchased_purges":0,"victory":false,"max_hp_per_floor":[71,71,71,71,71,71,71,71,71,71,71,71,71,71,71,76],"card_choices":[{"not_picked":["Hologram","Heatsinks"],"picked":"Steam","floor":1},{"not_picked":["Defragment","Chill"],"picked":"Streamline","floor":5},{"not_picked":["Rebound","Buffer"],"picked":"Leap","floor":7},{"not_picked":["Stack","Rebound"],"picked":"Cold Snap","floor":10},{"not_picked":["Static Discharge","Gash"],"picked":"Glacier","floor":13},{"not_picked":["Barrage","Multi-Cast"],"picked":"Compile Driver","floor":14}],"player_experience":851382,"relics_obtained":[{"floor":7,"key":"Juzu Bracelet"},{"floor":10,"key":"Potion Belt"},{"floor":14,"key":"Anchor"}],"event_choices":[{"damage_healed":0,"gold_gain":75,"player_choice":"Gather Gold","damage_taken":11,"max_hp_gain":0,"max_hp_loss":0,"event_name":"World of Goop","floor":2,"gold_loss":0},{"damage_healed":0,"gold_gain":0,"player_choice":"Entered Light","damage_taken":21,"max_hp_gain":0,"max_hp_loss":0,"event_name":"Shining Light","floor":3,"gold_loss":0,"cards_upgraded":["Steam","Strike_B"]},{"damage_healed":0,"gold_gain":0,"player_choice":"Bought 2 Potions","damage_taken":0,"max_hp_gain":0,"max_hp_loss":0,"event_name":"The Woman in Blue","floor":4,"gold_loss":0},{"damage_healed":0,"gold_gain":0,"player_choice":"Searched \u00271\u0027 times","damage_taken":0,"max_hp_gain":0,"max_hp_loss":0,"event_name":"Dead Adventurer","floor":14,"gold_loss":0}],"is_beta":true,"boss_relics":[],"items_purged_floors":[],"is_endless":false,"potions_floor_spawned":[7,10,13],"killed_by":"Hexaghost","ascension_level":20}