{"gold_per_floor":[110,1,31,31,31,31,49,49,75,75,90,90,103,136,136,232,232,246,11,31,31,46,79,79,79,79,108,108,120,219,239,239,337,337,357,257,269,269,269,302,322,322,322,322,337,366,378,253,253,253,253,253,6,40,40],"floor_reached":55,"playtime":2927,"items_purged":["Normality","Defend_R","Strike_R"],"score":947,"play_id":"7bc7f6e4-2c81-4251-a9fd-aa3a76834bae","local_time":"20181127020602","is_ascension_mode":true,"campfire_choices":[{"data":"Uppercut","floor":6,"key":"SMITH"},{"data":"Metallicize","floor":8,"key":"SMITH"},{"data":"Strike_R","floor":10,"key":"SMITH"},{"data":"Spot Weakness","floor":15,"key":"SMITH"},{"floor":24,"key":"RECALL"},{"floor":28,"key":"REST"},{"floor":32,"key":"REST"}],"neow_cost":"CURSE","seed_source_timestamp":432239367313778,"circlet_count":0,"master_deck":["Strike_R","Strike_R","Strike_R+1","Defend_R","Defend_R","Bash","Uppercut+1","Metallicize+1","Iron Wave","Spot Weakness+1","Clash+1","Shrug It Off","Disarm+1","Shrug It Off+1","Clash","Offering","Fire Breathing+1","Flame Barrier+1","Chrysalis","Battle Trance","Flex+1","Pommel Strike+1"],"relics":["Burning Blood","Thread and Needle","Tiny Chest","Matryoshka","Kunai","Nunchaku","Fusion Hammer","Frozen Eye","Mercury Hourglass","PreservedInsect","Pantograph","Unceasing Top","Coffee Dripper","Bottled Lightning","Molten Egg 2","Art of War","Toolbox","Mango"],"potions_floor_usage":[23,40,50,50],"damage_taken":[{"damage":7,"enemies":"Small Slimes","floor":1,"turns":6},{"damage":0,"enemies":"2 Louse","floor":7,"turns":3},{"damage":0,"enemies":"Cultist","floor":11,"turns":3},{"damage":1,"enemies":"Gremlin Gang","floor":13,"turns":6},{"damage":28,"enemies":"Lagavulin","floor":14,"turns":6},{"damage":17,"enemies":"Slime Boss","floor":16,"turns":11},{"damage":14,"enemies":"Spheric Guardian","floor":18,"turns":4},{"damage":1,"enemies":"Chosen","floor":20,"turns":4},{"damage":8,"enemies":"3 Cultists","floor":22,"turns":5},{"damage":0,"enemies":"Book of Stabbing","floor":23,"turns":7},{"damage":19,"enemies":"Gremlin Leader","floor":27,"turns":9},{"damage":9,"enemies":"Snake Plant","floor":29,"turns":2},{"damage":1,"enemies":"Sentry and Sphere","floor":31,"turns":4},{"damage":36,"enemies":"Automaton","floor":33,"turns":10},{"damage":6,"enemies":"3 Darklings","floor":35,"turns":3},{"damage":23,"enemies":"Orb Walker","floor":37,"turns":4},{"damage":59,"enemies":"Nemesis","floor":40,"turns":5},{"damage":6,"enemies":"Maw","floor":41,"turns":6},{"damage":6,"enemies":"Spire Growth","floor":45,"turns":3},{"damage":23,"enemies":"Giant Head","floor":46,"turns":7},{"damage":3,"enemies":"Sphere and 2 Shapes","floor":47,"turns":5},{"damage":14,"enemies":"Awakened One","floor":50,"turns":8},{"damage":46,"enemies":"Shield and Spear","floor":54,"turns":5},{"damage":86,"enemies":"The Heart","floor":55,"turns":6}],"seed_played":"-279435134226471014","potions_obtained":[{"floor":16,"key":"SpeedPotion"},{"floor":20,"key":"EssenceOfSteel"},{"floor":27,"key":"Regen Potion"},{"floor":29,"key":"FearPotion"},{"floor":45,"key":"EssenceOfSteel"}],"is_trial":false,"path_per_floor":["M","$","?","?","T","R","M","R","T","R","M","$","M","E","R","B",null,"M","$","M","?","M","E","R","?","T","E","R","M","?","M","R","B",null,"M","$","M","?","?","E","M","R","T","?","M","E","M","$","R","B",null,"R","$","E","B"],"character_chosen":"IRONCLAD","items_purchased":["Metallicize","Frozen Eye","Shrug It Off","Toolbox","Explosive Potion"],"campfire_rested":2,"item_purchase_floors":[2,19,19,53,53],"current_hp_per_floor":[79,79,76,76,76,76,80,80,80,80,80,80,80,58,58,47,80,72,72,77,77,75,80,80,90,90,77,90,87,87,90,90,60,90,90,90,73,73,73,35,35,35,35,35,35,18,21,21,21,38,85,85,85,59,0],"gold":40,"neow_bonus":"ONE_RARE_RELIC","is_prod":false,"is_daily":false,"chose_seed":false,"campfire_upgraded":4,"win_rate":0,"timestamp":1543302362,"path_taken":["M","$","?","?","?","R","M","R","T","R","?","$","?","E","R","BOSS","M","$","M","?","M","E","R","?","T","E","R","?","?","M","R","BOSS","M","$","M","?","?","E","?","R","T","?","M","E","M","$","R","BOSS","R","$","E","BOSS"],"build_version":"2018-11-15","purchased_purges":3,"victory":false,"max_hp_per_floor":[80,80,80,80,80,80,80,80,80,80,80,80,80,80,80,80,80,80,80,80,80,80,80,80,90,90,90,90,90,90,90,90,90,90,90,90,90,90,90,90,90,90,90,85,85,85,85,85,85,85,85,85,85,99,99],"card_choices":[{"not_picked":["Headbutt","Corruption"],"picked":"Uppercut","floor":1},{"not_picked":["Headbutt","Sword Boomerang","Wild Strike"],"picked":"SKIP","floor":7},{"not_picked":["Wild Strike","Fire Breathing","Feel No Pain"],"picked":"SKIP","floor":11},{"not_picked":["Reckless Charge","Clash"],"picked":"Iron Wave","floor":13},{"not_picked":["Entrench","Carnage"],"picked":"Spot Weakness","floor":14},{"not_picked":["Fiend Fire","Barricade"],"picked":"Bludgeon","floor":16},{"not_picked":["Corruption+1","Cleave"],"picked":"Clash+1","floor":18},{"not_picked":["Heavy Blade","Sever Soul"],"picked":"Disarm+1","floor":20},{"not_picked":["Intimidate","Wild Strike"],"picked":"Shrug It Off+1","floor":22},{"not_picked":["Havoc","Rupture","Brutality"],"picked":"SKIP","floor":23},{"not_picked":["Twin Strike+1","Thunderclap"],"picked":"Clash","floor":27},{"not_picked":["Pommel Strike","Perfected Strike","Warcry"],"picked":"SKIP","floor":29},{"not_picked":["Body Slam","Rupture","Power Through"],"picked":"SKIP","floor":31},{"not_picked":["Double Tap","Exhume"],"picked":"Offering","floor":33},{"not_picked":["Wild Strike","Twin Strike"],"picked":"Fire Breathing+1","floor":35},{"not_picked":["Evolve","Fire Breathing+1"],"picked":"Flame Barrier+1","floor":37},{"not_picked":["Good Instincts","Transmutation"],"picked":"Chrysalis","floor":38},{"not_picked":["Anger","Corruption"],"picked":"Battle Trance","floor":40},{"not_picked":["Flame Barrier+1","Cleave"],"picked":"Flex+1","floor":41},{"not_picked":["Pummel+1","Heavy Blade+1","Thunderclap+1"],"picked":"SKIP","floor":45},{"not_picked":["Warcry","Headbutt+1","Evolve+1"],"picked":"SKIP","floor":46},{"not_picked":["Battle Trance","Uppercut+1"],"picked":"Pommel Strike+1","floor":47},{"not_picked":["Perfected Strike+1","Pommel Strike+1","Second Wind+1"],"picked":"SKIP","floor":54}],"player_experience":141190,"relics_obtained":[{"floor":5,"key":"Matryoshka"},{"floor":9,"key":"Kunai"},{"floor":14,"key":"Nunchaku"},{"floor":23,"key":"Mercury Hourglass"},{"floor":26,"key":"PreservedInsect"},{"floor":26,"key":"Pantograph"},{"floor":27,"key":"Unceasing Top"},{"floor":40,"key":"Bottled Lightning"},{"floor":43,"key":"Molten Egg 2"},{"floor":46,"key":"Art of War"},{"floor":54,"key":"Mango"}],"event_choices":[{"damage_healed":0,"gold_gain":0,"player_choice":"Success","damage_taken":3,"relics_obtained":["Tiny Chest"],"max_hp_gain":0,"max_hp_loss":0,"event_name":"Scrap Ooze","floor":3,"gold_loss":0},{"cards_removed":["Strike_R"],"damage_healed":0,"gold_gain":0,"player_choice":"Forget","damage_taken":0,"max_hp_gain":0,"max_hp_loss":0,"event_name":"Living Wall","floor":4,"gold_loss":0},{"damage_healed":0,"gold_gain":0,"player_choice":"Ignored","damage_taken":0,"max_hp_gain":0,"max_hp_loss":0,"event_name":"Beggar","floor":21,"gold_loss":0},{"cards_removed":["Bludgeon"],"damage_healed":0,"gold_gain":0,"player_choice":"Offered Rare","damage_taken":0,"max_hp_gain":10,"max_hp_loss":0,"event_name":"Bonfire Elementals","floor":25,"gold_loss":0},{"damage_healed":0,"gold_gain":99,"player_choice":"Stole From Cult","damage_taken":0,"max_hp_gain":0,"max_hp_loss":0,"event_name":"Nest","floor":30,"gold_loss":0},{"damage_healed":0,"gold_gain":0,"player_choice":"Memory 1","damage_taken":0,"max_hp_gain":0,"max_hp_loss":0,"event_name":"SensoryStone","floor":38,"gold_loss":0},{"cards_removed":["Defend_R"],"damage_healed":0,"gold_gain":0,"player_choice":"Purged","damage_taken":0,"max_hp_gain":0,"max_hp_loss":0,"event_name":"Purifier","floor":39,"gold_loss":0},{"damage_healed":0,"gold_gain":0,"player_choice":"Max HP","damage_taken":0,"max_hp_gain":0,"max_hp_loss":5,"event_name":"Winding Halls","floor":44,"gold_loss":0}],"is_beta":true,"boss_relics":[{"not_picked":["Tiny House","Snecko Eye"],"picked":"Fusion Hammer"},{"not_picked":["Calling Bell","Mark of Pain"],"picked":"Coffee Dripper"}],"items_purged_floors":[2,36,48],"is_endless":false,"potions_floor_spawned":[16,20,27,29,33,37,45],"killed_by":"The Heart","ascension_level":4}