{"gold_per_floor":[17,33,33,45,59,59,119,144,168,168,187,206,5,16,16,117,117,135,58,71,71,103,103,119,129,129,148,165,165,165,178,178,276,276,291,311,60,73,73,73,73,73,73,73,90,109,119,148,148,148],"floor_reached":50,"playtime":3004,"items_purged":[],"score":505,"play_id":"9f02890b-d533-4666-8bb6-8eea6ea96f04","local_time":"20181215153527","is_ascension_mode":false,"campfire_choices":[{"data":"Crippling Poison","floor":6,"key":"SMITH"},{"data":"Footwork","floor":15,"key":"SMITH"},{"floor":23,"key":"REST"},{"floor":29,"key":"REST"},{"floor":32,"key":"REST"},{"floor":40,"key":"RECALL"},{"data":"Footwork","floor":42,"key":"SMITH"},{"floor":49,"key":"REST"}],"neow_cost":"NO_GOLD","seed_source_timestamp":1676580504892,"circlet_count":0,"master_deck":["Defend_G","Defend_G","Defend_G","Defend_G","Defend_G","Strike_G","Strike_G","Strike_G","Strike_G","Strike_G","Survivor","Neutralize","Tools of the Trade","Caltrops","Cloak And Dagger","Crippling Poison+1","Poisoned Stab","Backflip","Footwork+1","Underhanded Strike","Backflip","Poisoned Stab","Die Die Die","Quick Slash+1","Footwork+1","Crippling Poison","Flying Knee","Bullet Time+1","Leg Sweep+1","Dash+1","Envenom","Parasite","Catalyst+1","Escape Plan"],"relics":["Ring of the Snake","Boot","Snake Skull","Anchor","StoneCalendar","Lee\u0027s Waffle","Runic Pyramid","Red Mask","Singing Bowl","Busted Crown","Matryoshka","Bottled Tornado","Du-Vu Doll"],"potions_floor_usage":[7,27,28,28,33,50,50],"damage_taken":[{"damage":1,"enemies":"2 Louse","floor":1,"turns":3},{"damage":0,"enemies":"Small Slimes","floor":2,"turns":3},{"damage":1,"enemies":"Jaw Worm","floor":4,"turns":6},{"damage":0,"enemies":"Blue Slaver","floor":5,"turns":6},{"damage":19,"enemies":"Lagavulin Event","floor":7,"turns":8},{"damage":11,"enemies":"Gremlin Nob","floor":8,"turns":5},{"damage":7,"enemies":"Looter","floor":11,"turns":4},{"damage":0,"enemies":"Large Slime","floor":12,"turns":6},{"damage":0,"enemies":"Gremlin Gang","floor":14,"turns":3},{"damage":53,"enemies":"Slime Boss","floor":16,"turns":8},{"damage":27,"enemies":"Spheric Guardian","floor":18,"turns":6},{"damage":10,"enemies":"3 Byrds","floor":20,"turns":4},{"damage":38,"enemies":"Masked Bandits","floor":22,"turns":4},{"damage":8,"enemies":"Snake Plant","floor":24,"turns":5},{"damage":4,"enemies":"Cultist and Chosen","floor":25,"turns":6},{"damage":11,"enemies":"Chosen and Byrds","floor":27,"turns":5},{"damage":1,"enemies":"Centurion and Healer","floor":28,"turns":7},{"damage":0,"enemies":"Snake Plant","floor":31,"turns":4},{"damage":32,"enemies":"Collector","floor":33,"turns":9},{"damage":0,"enemies":"Orb Walker","floor":35,"turns":3},{"damage":14,"enemies":"3 Darklings","floor":36,"turns":4},{"damage":15,"enemies":"Writhing Mass","floor":38,"turns":7},{"damage":0,"enemies":"Maw","floor":45,"turns":7},{"damage":7,"enemies":"Sphere and 2 Shapes","floor":46,"turns":5},{"damage":0,"enemies":"Transient","floor":47,"turns":5},{"damage":32,"enemies":"Nemesis","floor":48,"turns":7},{"damage":50,"enemies":"Donu and Deca","floor":50,"turns":7}],"seed_played":"-6702583045033121455","potions_obtained":[{"floor":1,"key":"SpeedPotion"},{"floor":8,"key":"FearPotion"},{"floor":11,"key":"SneckoOil"},{"floor":14,"key":"Swift Potion"},{"floor":25,"key":"AttackPotion"},{"floor":27,"key":"Poison Potion"},{"floor":33,"key":"SmokeBomb"},{"floor":35,"key":"Block Potion"},{"floor":38,"key":"Ancient Potion"},{"floor":45,"key":"Swift Potion"}],"is_trial":false,"path_per_floor":["M","M","$","M","M","R","?","E","T","?","M","M","$","M","R","B",null,"M","$","M","?","?","R","M","M","T","M","M","R","?","M","R","B",null,"M","M","$","M","?","R","?","R","T","?","M","M","M","E","R","B"],"character_chosen":"THE_SILENT","items_purchased":["Lee\u0027s Waffle","Footwork","Matryoshka"],"campfire_rested":4,"item_purchase_floors":[13,19,37],"current_hp_per_floor":[69,69,69,68,68,68,49,38,38,38,31,31,77,77,77,24,77,50,50,40,40,2,25,17,13,13,2,1,24,24,26,49,17,79,81,69,69,56,58,58,58,58,58,58,60,53,55,23,50,0],"gold":148,"neow_bonus":"THREE_RARE_CARDS","is_prod":false,"is_daily":false,"chose_seed":false,"campfire_upgraded":3,"win_rate":0,"timestamp":1544906127,"path_taken":["M","M","$","M","M","R","?","E","T","?","M","M","?","M","R","BOSS","M","$","M","?","?","R","M","M","T","M","M","R","?","M","R","BOSS","M","?","$","M","?","R","?","R","T","?","?","M","M","E","R","BOSS"],"build_version":"2018-12-13","purchased_purges":0,"victory":false,"max_hp_per_floor":[70,70,70,70,70,70,70,70,70,70,70,70,77,77,77,77,77,77,77,77,77,77,77,77,77,77,77,77,77,77,79,79,79,79,81,83,83,85,87,87,87,87,87,87,89,89,91,91,91,91],"card_choices":[{"not_picked":["Doppelganger","Glass Knife"],"picked":"Tools of the Trade","floor":0},{"not_picked":["Poisoned Stab","Deflect"],"picked":"Caltrops","floor":1},{"not_picked":["Deadly Poison","Prepared"],"picked":"Cloak And Dagger","floor":2},{"not_picked":["Deadly Poison","Heel Hook"],"picked":"Crippling Poison","floor":4},{"not_picked":["Skewer","Flechettes"],"picked":"Poisoned Stab","floor":5},{"not_picked":["Cloak And Dagger","Eviscerate"],"picked":"Backflip","floor":7},{"not_picked":["After Image","Wraith Form v2"],"picked":"Footwork","floor":8},{"not_picked":["Quick Slash","Acrobatics"],"picked":"Underhanded Strike","floor":11},{"not_picked":["Setup","Distraction"],"picked":"Backflip","floor":12},{"not_picked":["Slice","Predator"],"picked":"Poisoned Stab","floor":14},{"not_picked":["Phantasmal Killer","Unload"],"picked":"Die Die Die","floor":16},{"not_picked":["Poisoned Stab","Endless Agony"],"picked":"Quick Slash+1","floor":18},{"not_picked":["Finisher","Endless Agony"],"picked":"Crippling Poison","floor":20},{"not_picked":["Poisoned Stab","Expertise"],"picked":"Flying Knee","floor":22},{"not_picked":["Dagger Throw","Poisoned Stab+1"],"picked":"Bullet Time","floor":24},{"not_picked":["Endless Agony","Sucker Punch","Deflect"],"picked":"SKIP","floor":25},{"not_picked":["Dagger Spray","Eviscerate"],"picked":"Leg Sweep+1","floor":27},{"not_picked":["Quick Slash","Deflect+1"],"picked":"Dash+1","floor":28},{"not_picked":["Setup","Dodge and Roll","Dagger Spray+1"],"picked":"Singing Bowl","floor":31},{"not_picked":["Night Terror","Venomology"],"picked":"Envenom","floor":33},{"not_picked":["Dodge and Roll"],"picked":"Singing Bowl","floor":35},{"not_picked":["Dagger Spray+1"],"picked":"Singing Bowl","floor":36},{"not_picked":["Accuracy"],"picked":"Singing Bowl","floor":38},{"not_picked":["Mind Blast"],"picked":"Singing Bowl","floor":39},{"not_picked":["Setup+1"],"picked":"Singing Bowl","floor":45},{"not_picked":[],"picked":"Catalyst+1","floor":46},{"not_picked":["Underhanded Strike"],"picked":"Singing Bowl","floor":47},{"not_picked":[],"picked":"Escape Plan","floor":48}],"player_experience":151917,"relics_obtained":[{"floor":7,"key":"Boot"},{"floor":8,"key":"Snake Skull"},{"floor":9,"key":"Anchor"},{"floor":22,"key":"Red Mask"},{"floor":26,"key":"Singing Bowl"},{"floor":43,"key":"Bottled Tornado"},{"floor":48,"key":"Du-Vu Doll"}],"event_choices":[{"damage_healed":0,"gold_gain":30,"player_choice":"Searched \u00272\u0027 times","damage_taken":0,"max_hp_gain":0,"max_hp_loss":0,"event_name":"Dead Adventurer","floor":7,"gold_loss":0},{"damage_healed":0,"gold_gain":0,"player_choice":"Box","damage_taken":0,"relics_obtained":["StoneCalendar"],"max_hp_gain":0,"max_hp_loss":0,"event_name":"Big Fish","floor":10,"gold_loss":0,"cards_obtained":["Regret"]},{"damage_healed":0,"gold_gain":0,"player_choice":"Ignored","damage_taken":0,"max_hp_gain":0,"max_hp_loss":0,"event_name":"Beggar","floor":21,"gold_loss":0},{"damage_healed":0,"gold_gain":0,"player_choice":"Fought Bandits","damage_taken":0,"max_hp_gain":0,"max_hp_loss":0,"event_name":"Masked Bandits","floor":22,"gold_loss":0},{"damage_healed":0,"gold_gain":0,"player_choice":"Upgraded","damage_taken":0,"max_hp_gain":0,"max_hp_loss":0,"event_name":"Upgrade Shrine","floor":30,"gold_loss":0,"cards_upgraded":["Bullet Time"]},{"damage_healed":0,"gold_gain":0,"player_choice":"Memory 1","damage_taken":0,"max_hp_gain":0,"max_hp_loss":0,"event_name":"SensoryStone","floor":39,"gold_loss":0},{"damage_healed":0,"gold_gain":0,"player_choice":"Ignored","damage_taken":0,"max_hp_gain":0,"max_hp_loss":0,"event_name":"Mysterious Sphere","floor":41,"gold_loss":0},{"cards_removed":["Regret"],"damage_healed":0,"gold_gain":0,"player_choice":"Purged","damage_taken":0,"max_hp_gain":0,"max_hp_loss":0,"event_name":"Purifier","floor":44,"gold_loss":0}],"is_beta":true,"boss_relics":[{"not_picked":["Ectoplasm","Velvet Choker"],"picked":"Runic Pyramid"},{"not_picked":["Orrery","Ring of the Serpent"],"picked":"Busted Crown"}],"items_purged_floors":[],"is_endless":false,"potions_floor_spawned":[1,8,11,14,18,24,25,27,33,35,38,45,47],"killed_by":"Donu and Deca","ascension_level":0}