{"gold_per_floor":[13,33,49,49,49,79,99,99,177,177],"floor_reached":10,"playtime":631,"items_purged":[],"score":79,"play_id":"df6fca10-9634-4b5b-b2f5-c09e74e67aec","local_time":"20190113000841","is_ascension_mode":true,"campfire_choices":[{"data":"Noxious Fumes","floor":8,"key":"SMITH"}],"neow_cost":"NO_GOLD","seed_source_timestamp":23862059691279,"circlet_count":0,"master_deck":["Defend_G","Defend_G","Defend_G","Defend_G","Strike_G","Strike_G","Strike_G","Survivor","Neutralize","Backflip","Dagger Throw","Noxious Fumes+1","Crippling Poison","Dodge and Roll"],"relics":["Ring of the Snake","Dream Catcher","Odd Mushroom","Matryoshka"],"potions_floor_usage":[7,10],"damage_taken":[{"damage":7,"enemies":"2 Louse","floor":1,"turns":3},{"damage":2,"enemies":"Jaw Worm","floor":2,"turns":6},{"damage":0,"enemies":"Small Slimes","floor":3,"turns":3},{"damage":21,"enemies":"3 Sentries","floor":6,"turns":9},{"damage":20,"enemies":"The Mushroom Lair","floor":7,"turns":5},{"damage":24,"enemies":"Gremlin Nob","floor":10,"turns":4}],"seed_played":"1855294770942207857","potions_obtained":[{"floor":1,"key":"SpeedPotion"},{"floor":6,"key":"LiquidBronze"}],"is_trial":false,"path_per_floor":["M","M","M","?","?","E","?","R","T","E"],"character_chosen":"THE_SILENT","items_purchased":[],"campfire_rested":0,"item_purchase_floors":[],"current_hp_per_floor":[63,61,61,54,59,38,18,18,18,0],"gold":177,"neow_bonus":"REMOVE_TWO","is_prod":false,"is_daily":false,"chose_seed":false,"campfire_upgraded":1,"win_rate":0,"timestamp":1547356121,"path_taken":["M","M","M","?","?","E","?","R","T","E"],"build_version":"2019-01-10","purchased_purges":0,"victory":false,"max_hp_per_floor":[70,70,70,70,75,75,75,75,75,75],"card_choices":[{"not_picked":["Riddle With Holes","Masterful Stab"],"picked":"Backflip","floor":1},{"not_picked":["Poisoned Stab","Calculated Gamble"],"picked":"Dagger Throw","floor":2},{"not_picked":["Deadly Poison","Predator"],"picked":"Noxious Fumes","floor":3},{"not_picked":["Leg Sweep","Sucker Punch"],"picked":"Crippling Poison","floor":6},{"not_picked":["Distraction","Slice"],"picked":"Dodge and Roll","floor":7}],"player_experience":191716,"relics_obtained":[{"floor":6,"key":"Dream Catcher"},{"floor":7,"key":"Odd Mushroom"},{"floor":9,"key":"Matryoshka"}],"event_choices":[{"cards_removed":["Strike_G"],"damage_healed":0,"gold_gain":0,"player_choice":"Card Removal","damage_taken":7,"max_hp_gain":0,"max_hp_loss":0,"event_name":"Golden Wing","floor":4,"gold_loss":0},{"damage_healed":0,"gold_gain":0,"player_choice":"Donut","damage_taken":0,"max_hp_gain":5,"max_hp_loss":0,"event_name":"Big Fish","floor":5,"gold_loss":0},{"damage_healed":0,"gold_gain":0,"player_choice":"Fought Mushrooms","damage_taken":0,"max_hp_gain":0,"max_hp_loss":0,"event_name":"Mushrooms","floor":7,"gold_loss":0}],"is_beta":true,"boss_relics":[],"items_purged_floors":[],"is_endless":false,"potions_floor_spawned":[1,6],"killed_by":"Gremlin Nob","ascension_level":4}