{"gold_per_floor":[116,116,126,142,142,173,173,199,199,216,216,166,181,212,212,316,316,329,329,9,9,9,9,9,9,9,39,39,52,79,92,92,92],"floor_reached":33,"playtime":1208,"items_purged":[],"score":527,"play_id":"23f8e9be-ac89-49cb-9e18-6667dd085319","local_time":"20190128014510","is_ascension_mode":true,"campfire_choices":[{"data":"Inflame","floor":7,"key":"SMITH"},{"data":"Rage","floor":15,"key":"SMITH"},{"data":"Limit Break","floor":23,"key":"SMITH"},{"data":"Dual Wield","floor":25,"key":"SMITH"},{"data":"Disarm","floor":28,"key":"SMITH"},{"data":"Flame Barrier","floor":32,"key":"SMITH"}],"neow_cost":"NONE","seed_source_timestamp":1489861665157,"circlet_count":0,"master_deck":["AscendersBane","Strike_R+1","Strike_R","Strike_R","Strike_R","Strike_R","Defend_R","Defend_R","Bash","Clash","Battle Trance","Anger+1","Inflame+1","Iron Wave","Flame Barrier+1","Dual Wield+1","Disarm+1","Rage+1","Limit Break+1","Clash","Iron Wave","Pommel Strike","Fire Breathing","Iron Wave","Whirlwind","Exhume","Infernal Blade","Pommel Strike","Clash","Ghostly Armor"],"relics":["Burning Blood","NeowsBlessing","Omamori","Prayer Wheel","Sundial","The Courier","Coffee Dripper","OrangePellets","Self Forming Clay","Strawberry","Smiling Mask"],"potions_floor_usage":[16,16,31],"damage_taken":[{"damage":0,"enemies":"2 Louse","floor":1,"turns":1},{"damage":0,"enemies":"Cultist","floor":3,"turns":1},{"damage":0,"enemies":"Small Slimes","floor":4,"turns":1},{"damage":20,"enemies":"Gremlin Nob","floor":6,"turns":4},{"damage":10,"enemies":"Lagavulin","floor":8,"turns":5},{"damage":5,"enemies":"3 Louse","floor":10,"turns":3},{"damage":12,"enemies":"Looter","floor":13,"turns":3},{"damage":15,"enemies":"3 Sentries","floor":14,"turns":6},{"damage":0,"enemies":"Hexaghost","floor":16,"turns":7},{"damage":12,"enemies":"2 Thieves","floor":18,"turns":4},{"damage":8,"enemies":"Gremlin Leader","floor":27,"turns":7},{"damage":6,"enemies":"Spheric Guardian","floor":29,"turns":3},{"damage":27,"enemies":"Book of Stabbing","floor":30,"turns":5},{"damage":14,"enemies":"Centurion and Healer","floor":31,"turns":2},{"damage":50,"enemies":"Collector","floor":33,"turns":5}],"seed_played":"-1759348441439373803","potions_obtained":[{"floor":6,"key":"EssenceOfSteel"},{"floor":10,"key":"Weak Potion"},{"floor":13,"key":"SneckoOil"},{"floor":18,"key":"Fire Potion"}],"is_trial":false,"path_per_floor":["M","?","M","M","?","E","R","E","T","M","?","?","M","E","R","B",null,"M","?","$","?","?","R","$","R","T","E","R","M","E","M","R","B"],"character_chosen":"IRONCLAD","items_purchased":["OrangePellets","Fire Breathing","Iron Wave","Whirlwind"],"campfire_rested":0,"item_purchase_floors":[20,20,20,20],"current_hp_per_floor":[78,78,80,80,64,50,50,46,46,47,67,67,61,52,52,58,75,69,69,69,69,69,69,69,69,69,74,74,74,53,45,45,0],"gold":92,"neow_bonus":"THREE_ENEMY_KILL","is_prod":false,"is_daily":false,"chose_seed":false,"campfire_upgraded":6,"win_rate":0,"timestamp":1548657910,"path_taken":["M","?","?","M","?","E","R","E","T","M","?","?","M","E","R","BOSS","M","?","$","?","?","R","?","R","T","E","R","M","E","M","R","BOSS"],"build_version":"2019-01-23","purchased_purges":0,"victory":false,"max_hp_per_floor":[80,80,80,80,80,80,80,80,80,80,80,80,80,80,80,80,80,80,80,80,80,80,80,80,80,80,87,87,87,87,87,87,87],"card_choices":[{"not_picked":["True Grit","Wild Strike"],"picked":"Clash","floor":1},{"not_picked":["Heavy Blade","Wild Strike"],"picked":"Battle Trance","floor":3},{"not_picked":["Offering","Perfected Strike"],"picked":"Anger","floor":4},{"not_picked":["Uppercut","Fiend Fire"],"picked":"Inflame","floor":6},{"not_picked":["Shrug It Off","Thunderclap"],"picked":"Iron Wave","floor":8},{"not_picked":["Fire Breathing","Heavy Blade"],"picked":"Flame Barrier","floor":10},{"not_picked":["True Grit","Bloodletting"],"picked":"Dual Wield","floor":10},{"not_picked":["Anger","True Grit"],"picked":"Disarm","floor":13},{"not_picked":["Headbutt","Sever Soul","Heavy Blade"],"picked":"SKIP","floor":13},{"not_picked":["Dropkick","Perfected Strike"],"picked":"Rage","floor":14},{"not_picked":["Berserk","Juggernaut"],"picked":"Limit Break","floor":16},{"not_picked":["Wild Strike","Warcry+1"],"picked":"Clash","floor":18},{"not_picked":["Corruption","Anger"],"picked":"Iron Wave","floor":18},{"not_picked":["Thunderclap","Second Wind"],"picked":"Exhume","floor":27},{"not_picked":["Anger","Heavy Blade"],"picked":"Infernal Blade","floor":29},{"not_picked":["Blood for Blood","Perfected Strike+1","Wild Strike"],"picked":"SKIP","floor":29},{"not_picked":["Perfected Strike","Searing Blow"],"picked":"Pommel Strike","floor":30},{"not_picked":["Entrench","Armaments"],"picked":"Clash","floor":31},{"not_picked":["Shrug It Off+1","Body Slam+1"],"picked":"Ghostly Armor","floor":31}],"player_experience":278054,"relics_obtained":[{"floor":6,"key":"Omamori"},{"floor":8,"key":"Prayer Wheel"},{"floor":9,"key":"Sundial"},{"floor":14,"key":"The Courier"},{"floor":26,"key":"Self Forming Clay"},{"floor":27,"key":"Strawberry"},{"floor":30,"key":"Smiling Mask"}],"event_choices":[{"cards_removed":["Defend_R"],"damage_healed":0,"gold_gain":0,"player_choice":"Purged","damage_taken":0,"max_hp_gain":0,"max_hp_loss":0,"event_name":"Purifier","floor":2,"gold_loss":0},{"damage_healed":0,"gold_gain":0,"player_choice":"Entered Light","damage_taken":16,"max_hp_gain":0,"max_hp_loss":0,"event_name":"Shining Light","floor":5,"gold_loss":0,"cards_upgraded":["Strike_R","Anger"]},{"damage_healed":20,"gold_gain":0,"player_choice":"Healed and dodged fight","damage_taken":0,"max_hp_gain":0,"max_hp_loss":0,"event_name":"Mushrooms","floor":11,"gold_loss":0,"cards_obtained":["Parasite"]},{"cards_removed":["Defend_R"],"damage_healed":0,"gold_gain":0,"player_choice":"Card Removal","damage_taken":0,"max_hp_gain":0,"max_hp_loss":0,"event_name":"The Cleric","floor":12,"gold_loss":50},{"damage_healed":0,"gold_gain":0,"player_choice":"Read","damage_taken":0,"max_hp_gain":0,"max_hp_loss":0,"event_name":"The Library","floor":19,"gold_loss":0,"cards_obtained":["Pommel Strike"]},{"damage_healed":0,"gold_gain":0,"player_choice":"Ignored","damage_taken":0,"max_hp_gain":0,"max_hp_loss":0,"event_name":"Beggar","floor":21,"gold_loss":0},{"damage_healed":0,"gold_gain":0,"player_choice":"Ignored","damage_taken":0,"max_hp_gain":0,"max_hp_loss":0,"event_name":"Ghosts","floor":22,"gold_loss":0}],"is_beta":true,"boss_relics":[{"not_picked":["Philosopher\u0027s Stone","Tiny House"],"picked":"Coffee Dripper"}],"items_purged_floors":[],"is_endless":false,"potions_floor_spawned":[6,10,13,14,18],"killed_by":"Collector","ascension_level":10}