{"gold_per_floor":[359,372,0,16,16,16,41,41,66,66,80,94,94,123,123,200,200,217,6,24,24,24,24,36,36,36,36,36,56,56],"floor_reached":30,"playtime":1396,"items_purged":["Normality"],"score":417,"play_id":"0ea8d4c2-83ff-4194-9919-1b26f77a725e","local_time":"20190309052438","is_ascension_mode":true,"campfire_choices":[{"data":"Discovery","floor":6,"key":"SMITH"},{"data":"Capacitor","floor":8,"key":"SMITH"},{"data":"Zap","floor":10,"key":"SMITH"},{"data":"Chill","floor":13,"key":"SMITH"},{"floor":15,"key":"REST"},{"floor":23,"key":"REST"},{"floor":27,"key":"REST"}],"neow_cost":"CURSE","seed_source_timestamp":274845819153514,"circlet_count":0,"master_deck":["AscendersBane","Strike_B","Strike_B","Strike_B","Strike_B","Defend_B","Defend_B","Defend_B","Defend_B","Zap+1","Dualcast+1","Capacitor+1","Gash","Discovery+1","Chill+1","Genetic Algorithm","Ball Lightning","Beam Cell","Tempest+1","Core Surge","Static Discharge","Capacitor","Capacitor","Force Field"],"relics":["FrozenCore","ClockworkSouvenir","Bronze Scales","Omamori","PreservedInsect","War Paint","Necronomicon","Girya"],"potions_floor_usage":[14],"damage_taken":[{"damage":7,"enemies":"Jaw Worm","floor":1,"turns":2},{"damage":2,"enemies":"2 Louse","floor":2,"turns":2},{"damage":1,"enemies":"Cultist","floor":4,"turns":3},{"damage":20,"enemies":"Lagavulin","floor":7,"turns":7},{"damage":5,"enemies":"Looter","floor":11,"turns":3},{"damage":0,"enemies":"2 Fungi Beasts","floor":12,"turns":3},{"damage":21,"enemies":"Gremlin Nob","floor":14,"turns":5},{"damage":27,"enemies":"Hexaghost","floor":16,"turns":9},{"damage":5,"enemies":"Shell Parasite","floor":18,"turns":8},{"damage":15,"enemies":"2 Thieves","floor":20,"turns":5},{"damage":9,"enemies":"Shelled Parasite and Fungi","floor":24,"turns":6},{"damage":17,"enemies":"Colosseum Slavers","floor":25,"turns":5},{"damage":22,"enemies":"Sentry and Sphere","floor":29,"turns":8},{"damage":9,"enemies":"Slavers","floor":30,"turns":1}],"seed_played":"-4270907050424783038","potions_obtained":[{"floor":1,"key":"Block Potion"},{"floor":2,"key":"Energy Potion"},{"floor":16,"key":"FearPotion"}],"is_trial":false,"path_per_floor":["M","M","$","M","?","R","E","R","T","R","M","M","R","E","R","B",null,"M","$","M","$","?","R","M","?","T","R","$","M","E"],"character_chosen":"DEFECT","items_purchased":["Discovery","ClockworkSouvenir","Capacitor","War Paint"],"campfire_rested":3,"item_purchase_floors":[3,3,19,19],"current_hp_per_floor":[57,55,55,54,54,54,34,34,34,34,29,29,29,8,29,2,54,49,49,34,34,13,34,25,8,8,29,29,7,0],"gold":56,"neow_bonus":"TWO_FIFTY_GOLD","is_prod":false,"is_daily":false,"chose_seed":false,"campfire_upgraded":4,"win_rate":0,"timestamp":1552127078,"path_taken":["M","M","$","M","?","R","E","R","T","R","M","M","R","E","R","BOSS","M","$","M","$","?","R","M","?","T","R","$","M","E"],"build_version":"2019-02-06","purchased_purges":1,"victory":false,"max_hp_per_floor":[71,71,71,71,71,71,71,71,71,71,71,71,71,71,71,71,71,71,71,71,71,71,71,71,71,71,71,71,71,71],"card_choices":[{"not_picked":["Beam Cell","Reprogram"],"picked":"Capacitor","floor":1},{"not_picked":["Sunder","Rebound"],"picked":"Gash","floor":2},{"not_picked":["Heatsinks","Reprogram"],"picked":"Chill","floor":4},{"not_picked":["Stack","Leap"],"picked":"Genetic Algorithm","floor":7},{"not_picked":["Go for the Eyes","Rebound"],"picked":"Ball Lightning","floor":11},{"not_picked":["Heatsinks","Double Energy"],"picked":"Beam Cell","floor":12},{"not_picked":["Compile Driver","Self Repair"],"picked":"Tempest","floor":14},{"not_picked":["Hyperbeam","Meteor Strike"],"picked":"Core Surge","floor":16},{"not_picked":["Barrage","Redo+1"],"picked":"Static Discharge","floor":18},{"not_picked":["Stack","Scrape"],"picked":"Capacitor","floor":20},{"not_picked":["Storm","Turbo","Go for the Eyes"],"picked":"SKIP","floor":24},{"not_picked":["Go for the Eyes+1","Chaos"],"picked":"Force Field","floor":29}],"player_experience":450721,"relics_obtained":[{"floor":7,"key":"Bronze Scales"},{"floor":9,"key":"Omamori"},{"floor":14,"key":"PreservedInsect"},{"floor":22,"key":"Necronomicon"},{"floor":26,"key":"Girya"}],"event_choices":[{"damage_healed":0,"gold_gain":0,"player_choice":"Ignored","damage_taken":0,"max_hp_gain":0,"max_hp_loss":0,"event_name":"Liars Game","floor":5,"gold_loss":0},{"damage_healed":0,"gold_gain":0,"player_choice":"Obtained Book","damage_taken":21,"max_hp_gain":0,"max_hp_loss":0,"event_name":"Cursed Tome","floor":22,"gold_loss":0},{"damage_healed":0,"gold_gain":0,"player_choice":"Fight","damage_taken":0,"max_hp_gain":0,"max_hp_loss":0,"event_name":"Colosseum","floor":25,"gold_loss":0},{"damage_healed":0,"gold_gain":0,"player_choice":"Fled From Nobs","damage_taken":0,"max_hp_gain":0,"max_hp_loss":0,"event_name":"Colosseum","floor":25,"gold_loss":0}],"is_beta":true,"boss_relics":[{"not_picked":["Philosopher\u0027s Stone","Astrolabe"],"picked":"FrozenCore"}],"items_purged_floors":[3],"is_endless":false,"potions_floor_spawned":[1,2,11,16,18,25,29],"killed_by":"Slavers","ascension_level":15}