{"gold_per_floor":[117,14,14,25,25,58,58,73,99,133,133,159,159,33,33,108,108,124,157,337,40,58,58,73,73,97,125,125,137,169,169,169,243,243,257,257,32,254,354,384,384,384,384,384,419,445,445,460,460,460,460],"floor_reached":52,"playtime":3214,"items_purged":["Strike_B","Regret","Strike_B","Strike_B"],"score":2201,"play_id":"bcfffc7f-b519-4e1e-81dd-3bd7fb198611","local_time":"20181028002625","is_ascension_mode":true,"campfire_choices":[{"data":"Zap","floor":7.0,"key":"SMITH"},{"data":"Streamline","floor":13.0,"key":"SMITH"},{"data":"Coolheaded","floor":15.0,"key":"SMITH"},{"data":"Hologram","floor":23.0,"key":"SMITH"},{"floor":25.0,"key":"REST"},{"floor":28.0,"key":"REST"},{"floor":32.0,"key":"REST"},{"data":"Capacitor","floor":41.0,"key":"SMITH"},{"floor":42.0,"key":"REST"},{"data":"All For One","floor":44.0,"key":"SMITH"},{"data":"Defragment","floor":47.0,"key":"SMITH"},{"floor":49.0,"key":"REST"}],"neow_cost":"NONE","seed_source_timestamp":1400208950976555,"circlet_count":0,"master_deck":["Strike_B","Defend_B+1","Defend_B","Defend_B","Defend_B","Zap+1","Dualcast+1","AscendersBane","Coolheaded+1","Sweeping Beam","BootSequence","Hologram+1","Streamline+1","Ball Lightning+1","Loop+1","All For One+1","Cold Snap+1","BootSequence","Electrodynamics","Coolheaded+1","Capacitor+1","Skim+1","Defragment+1","Go for the Eyes+1","Stack"],"special_seed":0,"relics":["Cracked Core","NeowsBlessing","PreservedInsect","FossilizedHelix","War Paint","Singing Bowl","Centennial Puzzle","Cursed Key","Red Mask","Bronze Scales","Juzu Bracelet","Gambling Chip","Bag of Preparation","Sozu","WingedGreaves","Dream Catcher","Whetstone","Orichalcum"],"potions_floor_usage":[],"damage_taken":[{"damage":0.0,"enemies":"2 Louse","floor":1.0,"turns":1.0},{"damage":0.0,"enemies":"Jaw Worm","floor":4.0,"turns":1.0},{"damage":0.0,"enemies":"Gremlin Nob","floor":6.0,"turns":1.0},{"damage":0.0,"enemies":"Cultist","floor":8.0,"turns":3.0},{"damage":8.0,"enemies":"Lagavulin","floor":10.0,"turns":6.0},{"damage":0.0,"enemies":"3 Sentries","floor":12.0,"turns":4.0},{"damage":19.0,"enemies":"Slime Boss","floor":16.0,"turns":9.0},{"damage":0.0,"enemies":"Spheric Guardian","floor":18.0,"turns":3.0},{"damage":12.0,"enemies":"Masked Bandits","floor":19.0,"turns":3.0},{"damage":0.0,"enemies":"2 Thieves","floor":22.0,"turns":3.0},{"damage":0.0,"enemies":"Snecko","floor":24.0,"turns":4.0},{"damage":42.0,"enemies":"Gremlin Leader","floor":27.0,"turns":6.0},{"damage":1.0,"enemies":"Shelled Parasite and Fungi","floor":29.0,"turns":5.0},{"damage":0.0,"enemies":"Slavers","floor":30.0,"turns":3.0},{"damage":71.0,"enemies":"Champ","floor":33.0,"turns":10.0},{"damage":0.0,"enemies":"3 Darklings","floor":35.0,"turns":3.0},{"damage":0.0,"enemies":"Mind Bloom Boss Battle","floor":39.0,"turns":4.0},{"damage":0.0,"enemies":"Reptomancer","floor":40.0,"turns":4.0},{"damage":12.0,"enemies":"Giant Head","floor":45.0,"turns":7.0},{"damage":0.0,"enemies":"Reptomancer","floor":46.0,"turns":3.0},{"damage":0.0,"enemies":"3 Shapes","floor":48.0,"turns":1.0},{"damage":26.0,"enemies":"Awakened One","floor":50.0,"turns":21.0},{"damage":8,"enemies":"Donu and Deca","floor":51,"turns":9}],"seed_played":"3681758438495073504","potions_obtained":[{"floor":1.0,"key":"AttackPotion"},{"floor":6.0,"key":"PowerPotion"},{"floor":11.0,"key":"SteroidPotion"},{"floor":16.0,"key":"Poison Potion"},{"floor":22.0,"key":"FairyPotion"},{"floor":24.0,"key":"LiquidBronze"},{"floor":27.0,"key":"Fruit Juice"},{"floor":30.0,"key":"GamblersBrew"}],"is_trial":false,"path_per_floor":["M","$","?","M","?","E","R","M","T","E","?","E","R","$","R","B",null,"M","?","?","$","M","R","M","R","T","E","R","M","E","?","R","B",null,"M","?","$","?","?","E","R","R","T","R","E","E","R","M","R","B","B"],"character_chosen":"DEFECT","items_purchased":["Sweeping Beam","Ball Lightning","Bronze Scales","Capacitor"],"campfire_rested":5,"item_purchase_floors":[2,14,21,37],"current_hp_per_floor":[64,64,64,64,64,64,64,64,64,58,58,58,58,58,58,41,67,67,57,36,36,36,36,38,61,61,21,45,44,44,44,73,2,63,63,59,59,59,59,61,61,90,90,90,78,80,80,80,95,69,61],"gold":460,"neow_bonus":"THREE_ENEMY_KILL","is_prod":false,"is_daily":false,"chose_seed":false,"campfire_upgraded":7,"win_rate":0,"timestamp":1540700785,"path_taken":["M","$","?","?","?","E","R","M","T","E","?","E","R","?","R","BOSS","M","?","?","$","?","R","M","R","T","E","R","M","E","?","R","BOSS","M","?","$","?","?","E","R","R","T","R","E","E","R","M","R","BOSS","BOSS"],"build_version":"2018-10-25v2","purchased_purges":4,"victory":true,"max_hp_per_floor":[71,71,71,71,71,71,71,71,71,73,73,73,73,73,73,75,75,75,77,77,77,77,77,79,79,79,81,81,81,81,78,83,83,83,83,89,89,89,89,91,91,93,93,93,93,95,95,95,95,95,95],"card_choices":[{"not_picked":["Hello World","Static Discharge"],"picked":"Coolheaded","floor":1.0},{"not_picked":["Gash","Hello World","Darkness"],"picked":"SKIP","floor":4.0},{"not_picked":["Recycle","Consume"],"picked":"BootSequence","floor":6.0},{"not_picked":["Sunder","Gash"],"picked":"Hologram","floor":8.0},{"not_picked":["Leap","Hologram","Stack"],"picked":"Singing Bowl","floor":10.0},{"not_picked":["Compile Driver","Hologram"],"picked":"Streamline","floor":12.0},{"not_picked":["Fission","Amplify","Creative AI"],"picked":"Singing Bowl","floor":16.0},{"not_picked":["Streamline","Compile Driver"],"picked":"Loop+1","floor":18.0},{"not_picked":["Rebound","Consume","Streamline"],"picked":"Singing Bowl","floor":19.0},{"not_picked":["Conserve Battery","Recycle"],"picked":"All For One","floor":22.0},{"not_picked":["Conserve Battery","Stack","Steam Power"],"picked":"Singing Bowl","floor":24.0},{"not_picked":["Meteor Strike","Coolheaded","Genetic Algorithm"],"picked":"Singing Bowl","floor":27.0},{"not_picked":["Barrage","Melter"],"picked":"Cold Snap","floor":29.0},{"not_picked":["Auto Shields","Sweeping Beam"],"picked":"BootSequence","floor":30.0},{"not_picked":["Reboot","Multi-Cast"],"picked":"Electrodynamics","floor":33.0},{"not_picked":["Go for the Eyes","Cold Snap"],"picked":"Coolheaded+1","floor":35.0},{"not_picked":["Jack Of All Trades","PanicButton","Secret Weapon"],"picked":"Singing Bowl","floor":36.0},{"not_picked":["Madness","Enlightenment","Good Instincts"],"picked":"Singing Bowl","floor":36.0},{"not_picked":["PanicButton","HandOfGreed","Mind Blast"],"picked":"Singing Bowl","floor":36.0},{"not_picked":["Ball Lightning","Conserve Battery"],"picked":"Skim+1","floor":39.0},{"not_picked":["Hologram","White Noise","Steam Power+1"],"picked":"Singing Bowl","floor":40.0},{"not_picked":["Sweeping Beam","Aggregate+1","Recycle"],"picked":"Singing Bowl","floor":42.0},{"not_picked":["Rebound","Ball Lightning"],"picked":"Defragment","floor":45.0},{"not_picked":["Force Field","Streamline","Barrage"],"picked":"Singing Bowl","floor":46.0},{"not_picked":["Cold Snap","Rebound+1"],"picked":"Go for the Eyes+1","floor":48.0},{"not_picked":["Reprogram","Storm"],"picked":"Stack","floor":49.0}],"player_experience":1040851,"relics_obtained":[{"floor":6.0,"key":"FossilizedHelix"},{"floor":9.0,"key":"War Paint"},{"floor":10.0,"key":"Singing Bowl"},{"floor":12.0,"key":"Centennial Puzzle"},{"floor":19.0,"key":"Red Mask"},{"floor":26.0,"key":"Juzu Bracelet"},{"floor":27.0,"key":"Gambling Chip"},{"floor":30.0,"key":"Bag of Preparation"},{"floor":39.0,"key":"WingedGreaves"},{"floor":40.0,"key":"Dream Catcher"},{"floor":45.0,"key":"Whetstone"},{"floor":46.0,"key":"Orichalcum"}],"event_choices":[{"damage_healed":0.0,"max_hp_gain":0.0,"max_hp_loss":0.0,"gold_gain":0.0,"event_name":"The Cleric","player_choice":"Leave","floor":3.0,"gold_loss":0.0,"damage_taken":0.0},{"damage_healed":0.0,"max_hp_gain":0.0,"max_hp_loss":0.0,"gold_gain":0.0,"event_name":"Big Fish","player_choice":"Box","floor":5.0,"gold_loss":0.0,"damage_taken":0.0,"relics_obtained":["PreservedInsect"],"cards_obtained":["Regret"]},{"damage_healed":0.0,"max_hp_gain":0.0,"max_hp_loss":0.0,"gold_gain":0.0,"event_name":"The Lab","player_choice":"Got Potions","floor":11.0,"gold_loss":0.0,"damage_taken":0.0},{"damage_healed":0.0,"max_hp_gain":0.0,"max_hp_loss":0.0,"gold_gain":0.0,"event_name":"Masked Bandits","player_choice":"Fought Bandits","floor":19.0,"gold_loss":0.0,"damage_taken":0.0},{"damage_healed":0.0,"max_hp_gain":0.0,"max_hp_loss":0.0,"gold_gain":180.0,"event_name":"Knowing Skull","player_choice":"GOLD GOLD ","floor":20.0,"potions_obtained":[],"gold_loss":0.0,"damage_taken":21.0,"cards_obtained":[]},{"cards_removed":["Parasite"],"damage_healed":0.0,"max_hp_gain":0.0,"max_hp_loss":0.0,"gold_gain":0.0,"event_name":"Purifier","player_choice":"Purged","floor":31.0,"gold_loss":0.0,"damage_taken":0.0},{"damage_healed":0.0,"max_hp_gain":0.0,"max_hp_loss":0.0,"gold_gain":0.0,"event_name":"SensoryStone","player_choice":"Memory 3","floor":36.0,"gold_loss":0.0,"damage_taken":10.0},{"damage_healed":0.0,"max_hp_gain":0.0,"max_hp_loss":0.0,"gold_gain":222.0,"event_name":"Tomb of Lord Red Mask","player_choice":"Wore Mask","floor":38.0,"gold_loss":0.0,"damage_taken":0.0},{"damage_healed":0.0,"max_hp_gain":0.0,"max_hp_loss":0.0,"gold_gain":0.0,"event_name":"MindBloom","player_choice":"Fight","floor":39.0,"gold_loss":0.0,"damage_taken":0.0}],"is_beta":false,"boss_relics":[{"not_picked":["Philosopher\u0027s Stone","Velvet Choker"],"picked":"Cursed Key"},{"not_picked":["Fusion Hammer","White Beast Statue"],"picked":"Sozu"}],"items_purged_floors":[2,14,21,37],"is_endless":false,"potions_floor_spawned":[1,6,16,22,24,27,30,39,45],"ascension_level":20}