{"path_per_floor":["M","M","M","?","M","E","R","$","T","T","?","M","$","E","R"],"character_chosen":"IRONCLAD","items_purchased":["Kunai","Seeing Red"],"gold_per_floor":[114,131,147,209,221,253,253,3,3,72,72,92,56,87,87,87],"floor_reached":16,"campfire_rested":1,"playtime":557,"current_hp_per_floor":[75,75,76,76,57,39,63,63,63,63,63,60,60,56,56,0],"items_purged":[],"gold":87,"score":110,"play_id":"02f7c84a-1619-4633-b290-77d47d1680e6","local_time":"20180401074812","is_prod":false,"is_daily":false,"is_ascension_mode":false,"campfire_upgraded":1,"timestamp":1522594092,"path_taken":["M","M","M","?","?","E","R","?","T","?","?","?","?","E","R","BOSS"],"build_version":"2018-03-29v2","purchased_purges":0,"victory":false,"master_deck":["Strike_R","Strike_R","Strike_R","Strike_R","Strike_R","Defend_R","Defend_R","Defend_R","Defend_R","Bash","Pommel Strike","Headbutt+1","Clothesline","Armaments+1","Iron Wave","Wild Strike","Seeing Red+1","Iron Wave"],"max_hp_per_floor":[80,80,80,80,80,80,80,80,80,80,80,80,80,80,80,80],"relics":["Burning Blood","Ice Cream","Kunai","Bag of Marbles","Toxic Egg 2","Paper Frog"],"card_choices":[{"not_picked":["Bloodletting","True Grit"],"picked":"Pommel Strike","floor":1},{"not_picked":["Reckless Charge","Body Slam"],"picked":"Headbutt","floor":2},{"not_picked":["Twin Strike","Anger"],"picked":"Clothesline","floor":3},{"not_picked":["Disarm","Spot Weakness"],"picked":"Armaments","floor":5},{"not_picked":["Clash","Entrench"],"picked":"Iron Wave","floor":6},{"not_picked":["Corruption","Pummel"],"picked":"Wild Strike","floor":12},{"not_picked":["Juggernaut","Cleave"],"picked":"Iron Wave","floor":14}],"player_experience":93697,"potions_floor_usage":[5],"damage_taken":[{"damage":11,"enemies":"2 Louse","floor":1,"turns":4},{"damage":6,"enemies":"Jaw Worm","floor":2,"turns":3},{"damage":5,"enemies":"Small Slimes","floor":3,"turns":4},{"damage":25,"enemies":"Gremlin Gang","floor":5,"turns":6},{"damage":24,"enemies":"Lagavulin","floor":6,"turns":9},{"damage":9,"enemies":"Exordium Thugs","floor":12,"turns":6},{"damage":10,"enemies":"Gremlin Nob","floor":14,"turns":4},{"damage":59,"enemies":"The Guardian","floor":16,"turns":9}],"event_choices":[{"event_name":"Golden Wing","player_choice":"Gained Gold","floor":4,"damage_taken":0},{"event_name":"Living Wall","player_choice":"Grow","floor":11,"damage_taken":0}],"boss_relics":[],"potions_floor_spawned":[1,3,12],"seed_played":"-3901518779022020507","killed_by":"The Guardian","ascension_level":0,"is_trial":false}