{"gold_per_floor":[116,116,67,87,87,113,129,129,183,183,202,234,234,253,253,350,350,362,376,390,409,428,459,459,484,511,511],"floor_reached":27,"playtime":1681,"items_purged":[],"score":319,"play_id":"394c6669-60b7-4341-98e9-25c536d66958","local_time":"20190325032552","is_ascension_mode":true,"campfire_choices":[{"data":"Cloak And Dagger","floor":8.0,"key":"SMITH"},{"floor":10.0,"key":"REST"},{"data":"Terror","floor":13.0,"key":"SMITH"},{"data":"Deadly Poison","floor":15.0,"key":"SMITH"},{"floor":24.0,"key":"REST"}],"neow_cost":"NONE","seed_source_timestamp":54409804606200,"circlet_count":0,"master_deck":["Defend_G","Defend_G","Defend_G","Defend_G","Defend_G","Strike_G","Strike_G","Strike_G","Strike_G","Survivor","Neutralize+1","Flying Knee","Terror+1","Dagger Throw","Cloak And Dagger+1","Escape Plan","Dagger Spray","Heel Hook","Dash","Deadly Poison+1","Adrenaline","Blade Dance","Noxious Fumes","Noxious Fumes+1","Choke"],"special_seed":0,"relics":["Ring of the Snake","Art of War","Oddly Smooth Stone","Bronze Scales","Snecko Eye","Orichalcum","Blood Vial","Regal Pillow"],"potions_floor_usage":[27],"damage_taken":[{"damage":3.0,"enemies":"Small Slimes","floor":1.0,"turns":4.0},{"damage":2.0,"enemies":"Jaw Worm","floor":4.0,"turns":3.0},{"damage":25.0,"enemies":"3 Sentries","floor":6.0,"turns":10.0},{"damage":0.0,"enemies":"Cultist","floor":7.0,"turns":3.0},{"damage":7.0,"enemies":"Gremlin Gang","floor":11.0,"turns":2.0},{"damage":14.0,"enemies":"Lagavulin","floor":12.0,"turns":8.0},{"damage":0.0,"enemies":"Exordium Thugs","floor":14.0,"turns":3.0},{"damage":22.0,"enemies":"The Guardian","floor":16.0,"turns":9.0},{"damage":9.0,"enemies":"2 Thieves","floor":18.0,"turns":3.0},{"damage":9.0,"enemies":"Spheric Guardian","floor":19.0,"turns":4.0},{"damage":10.0,"enemies":"Shelled Parasite and Fungi","floor":20.0,"turns":5.0},{"damage":17.0,"enemies":"Snecko","floor":21.0,"turns":6.0},{"damage":3.0,"enemies":"Centurion and Healer","floor":22.0,"turns":5.0},{"damage":12.0,"enemies":"Slavers","floor":23.0,"turns":4.0},{"damage":29,"enemies":"Book of Stabbing","floor":27,"turns":4}],"seed_played":"-4921443053045079944","potions_obtained":[{"floor":7.0,"key":"EssenceOfSteel"},{"floor":11.0,"key":"Fire Potion"},{"floor":14.0,"key":"SkillPotion"},{"floor":23.0,"key":"LiquidBronze"}],"is_trial":false,"path_per_floor":["M","?","$","M","?","E","M","R","T","R","M","E","R","M","R","B",null,"M","M","M","M","M","E","R","T","T","E"],"character_chosen":"THE_SILENT","items_purchased":["Dagger Throw"],"campfire_rested":2,"item_purchase_floors":[3],"current_hp_per_floor":[67,67,67,65,65,40,40,40,40,63,56,42,42,42,42,20,63,54,45,35,18,15,3,26,26,26,0],"gold":511,"neow_bonus":"TEN_PERCENT_HP_BONUS","is_prod":false,"is_daily":false,"chose_seed":false,"campfire_upgraded":3,"win_rate":0,"timestamp":1553464552,"path_taken":["M","?","$","M","?","E","M","R","T","R","M","E","R","M","R","BOSS","M","M","M","?","?","E","R","?","T","E"],"build_version":"2019-01-23","purchased_purges":0,"victory":false,"max_hp_per_floor":[77,77,77,77,77,77,77,77,77,77,77,77,77,77,77,77,77,77,77,77,77,77,77,77,77,77,77],"card_choices":[{"not_picked":["Slice","Deflect"],"picked":"Flying Knee","floor":1.0},{"not_picked":["Caltrops","Prepared"],"picked":"Cloak And Dagger","floor":4.0},{"not_picked":["Dagger Throw","Quick Slash"],"picked":"Escape Plan","floor":6.0},{"not_picked":["Riddle With Holes","A Thousand Cuts"],"picked":"Dagger Spray","floor":7.0},{"not_picked":["Deflect","Riddle With Holes"],"picked":"Heel Hook","floor":11.0},{"not_picked":["Tactician","Slice"],"picked":"Dash","floor":12.0},{"not_picked":["Dodge and Roll","Backflip"],"picked":"Deadly Poison","floor":14.0},{"not_picked":["A Thousand Cuts","Night Terror"],"picked":"Adrenaline","floor":16.0},{"not_picked":["Slice","All Out Attack"],"picked":"Blade Dance","floor":18.0},{"not_picked":["Slice+1","Dagger Throw","Deadly Poison"],"picked":"SKIP","floor":19.0},{"not_picked":["Skewer","Sucker Punch"],"picked":"Noxious Fumes","floor":20.0},{"not_picked":["Flying Knee","Endless Agony"],"picked":"Noxious Fumes+1","floor":21.0},{"not_picked":["PiercingWail","Sucker Punch"],"picked":"Choke","floor":22.0},{"not_picked":["Noxious Fumes","Blade Dance","Terror"],"picked":"SKIP","floor":23.0}],"player_experience":122141,"relics_obtained":[{"floor":6.0,"key":"Art of War"},{"floor":9.0,"key":"Oddly Smooth Stone"},{"floor":12.0,"key":"Bronze Scales"},{"floor":23.0,"key":"Orichalcum"},{"floor":25.0,"key":"Blood Vial"},{"floor":26.0,"key":"Regal Pillow"}],"event_choices":[{"damage_healed":0.0,"max_hp_gain":0.0,"max_hp_loss":0.0,"gold_gain":0.0,"cards_transformed":["Strike_G"],"event_name":"Living Wall","player_choice":"Change","floor":2.0,"gold_loss":0.0,"damage_taken":0.0,"cards_obtained":["Terror"]},{"damage_healed":0.0,"max_hp_gain":0.0,"max_hp_loss":0.0,"gold_gain":0.0,"event_name":"Accursed Blacksmith","player_choice":"Forge","floor":5.0,"gold_loss":0.0,"damage_taken":0.0,"cards_upgraded":["Neutralize"]}],"is_beta":false,"boss_relics":[{"not_picked":["WristBlade","Runic Dome"],"picked":"Snecko Eye"}],"items_purged_floors":[],"is_endless":false,"potions_floor_spawned":[7,11,14,21,23],"killed_by":"Book of Stabbing","ascension_level":6}