{"gold_per_floor":[112,126,126,201,69,69,15,47,119,148,163,163,191,210,210,287,287,307,143,161,174,89,89,89,89,89,89,100,126,126,138,138,138],"floor_reached":33,"playtime":990,"items_purged":["Regret"],"score":666,"play_id":"45363bac-04e2-4cc5-b079-802206e72e7c","local_time":"20181111143631","is_ascension_mode":true,"campfire_choices":[{"data":"Zap","floor":6.0,"key":"SMITH"},{"floor":15,"key":"REST"},{"data":"Chill","floor":23,"key":"SMITH"},{"data":"Dualcast","floor":25,"key":"SMITH"},{"data":"Ball Lightning","floor":27,"key":"SMITH"},{"floor":30,"key":"REST"},{"data":"Capacitor","floor":32,"key":"SMITH"}],"neow_cost":"NONE","seed_source_timestamp":711344044905579,"circlet_count":0,"master_deck":["AscendersBane","Strike_B","Strike_B","Strike_B","Defend_B","Defend_B","Defend_B","Defend_B","Zap+1","Dualcast+1","Genetic Algorithm","Chill+1","White Noise","Ball Lightning+1","Sweeping Beam+1","Core Surge+1","Go for the Eyes+1","Seek+1","Conserve Battery+1","Stack+1","Ball Lightning+1","BootSequence+1","Ball Lightning+1","Capacitor+1","Lockon+1"],"special_seed":0,"relics":["Cracked Core","Letter Opener","Toxic Egg 2","Singing Bowl","Molten Egg 2","Oddly Smooth Stone","Nuclear Battery","Bronze Scales","DataDisk","Mercury Hourglass","Ornamental Fan","Dream Catcher"],"potions_floor_usage":[10,13,16],"damage_taken":[{"damage":7.0,"enemies":"Small Slimes","floor":1.0,"turns":3.0},{"damage":2.0,"enemies":"Jaw Worm","floor":2.0,"turns":5.0},{"damage":10.0,"enemies":"3 Sentries","floor":8.0,"turns":2.0},{"damage":10,"enemies":"Gremlin Nob","floor":10,"turns":3},{"damage":2,"enemies":"2 Louse","floor":11,"turns":2},{"damage":16,"enemies":"Lagavulin","floor":13,"turns":6},{"damage":0,"enemies":"Exordium Wildlife","floor":14,"turns":2},{"damage":0,"enemies":"Slime Boss","floor":16,"turns":6},{"damage":6,"enemies":"3 Byrds","floor":18,"turns":3},{"damage":21,"enemies":"Chosen","floor":20,"turns":5},{"damage":0,"enemies":"Snake Plant","floor":21,"turns":4},{"damage":0,"enemies":"Snecko","floor":28,"turns":3},{"damage":5,"enemies":"Slavers","floor":29,"turns":4},{"damage":0,"enemies":"Shelled Parasite and Fungi","floor":31,"turns":4},{"damage":70,"enemies":"Automaton","floor":33,"turns":6}],"seed_played":"6906567877872555324","potions_obtained":[{"floor":8.0,"key":"AttackPotion"},{"floor":11,"key":"Fire Potion"},{"floor":14,"key":"Energy Potion"},{"floor":20,"key":"SteroidPotion"}],"is_trial":false,"path_per_floor":["M","M","?","?","$","R","$","E","T","E","M","?","E","M","R","B",null,"M","$","M","M","?","R","?","R","T","R","M","E","R","M","R","B"],"character_chosen":"DEFECT","items_purchased":["PowerPotion","Poison Potion","Bronze Scales"],"campfire_rested":2,"item_purchase_floors":[5,7,19],"current_hp_per_floor":[57,55,55,44,44,44,44,34,34,26,24,17,1,1,22,22,60,54,54,33,33,33,33,33,33,33,33,33,28,49,49,49,0],"gold":138,"neow_bonus":"THREE_CARDS","is_prod":false,"is_daily":false,"chose_seed":false,"campfire_upgraded":5,"win_rate":0,"timestamp":1541964991,"path_taken":["M","M","?","?","$","R","?","E","T","E","?","?","E","M","R","BOSS","M","$","M","M","?","R","?","R","T","R","?","E","R","M","R","BOSS"],"build_version":"2018-11-08","purchased_purges":1,"victory":false,"max_hp_per_floor":[71,71,71,71,71,71,71,71,71,73,73,73,73,73,73,73,73,73,73,73,73,73,73,73,73,73,73,73,73,73,73,73,73],"card_choices":[{"not_picked":["FTL","White Noise"],"picked":"Genetic Algorithm","floor":0.0},{"not_picked":["Go for the Eyes","Fusion"],"picked":"Chill","floor":1.0},{"not_picked":["Lockon","Gash"],"picked":"White Noise","floor":2.0},{"not_picked":["Doom and Gloom","Streamline"],"picked":"Ball Lightning","floor":8.0},{"not_picked":["Compile Driver","Force Field+1","Fusion+1"],"picked":"Singing Bowl","floor":10},{"not_picked":["Reprogram+1","Hologram+1"],"picked":"Sweeping Beam+1","floor":11},{"not_picked":["Defragment","Stack+1"],"picked":"Core Surge+1","floor":13},{"not_picked":["Leap+1","Compile Driver+1"],"picked":"Go for the Eyes+1","floor":14},{"not_picked":["Buffer","Creative AI"],"picked":"Seek+1","floor":16},{"not_picked":["Genetic Algorithm+1","Cold Snap+1"],"picked":"Conserve Battery+1","floor":18},{"not_picked":["Heatsinks","Static Discharge"],"picked":"Stack+1","floor":20},{"not_picked":["Cold Snap+1","Streamline+1"],"picked":"Ball Lightning+1","floor":21},{"not_picked":["Redo+1","Turbo+1"],"picked":"BootSequence+1","floor":28},{"not_picked":["Streamline+1","Tempest+1"],"picked":"Ball Lightning+1","floor":29},{"not_picked":["Double Energy+1","Coolheaded+1"],"picked":"Capacitor","floor":30},{"not_picked":["Streamline+1","Sunder+1"],"picked":"Lockon+1","floor":31}],"player_experience":865938,"relics_obtained":[{"floor":8.0,"key":"Toxic Egg 2"},{"floor":9.0,"key":"Singing Bowl"},{"floor":10,"key":"Molten Egg 2"},{"floor":13,"key":"Oddly Smooth Stone"},{"floor":24,"key":"Mercury Hourglass"},{"floor":26,"key":"Ornamental Fan"},{"floor":29,"key":"Dream Catcher"}],"event_choices":[{"damage_healed":0.0,"max_hp_gain":0.0,"max_hp_loss":0.0,"gold_gain":0.0,"event_name":"Big Fish","player_choice":"Box","floor":3.0,"gold_loss":0.0,"damage_taken":0.0,"relics_obtained":["Letter Opener"],"cards_obtained":["Regret"]},{"damage_healed":0.0,"max_hp_gain":0.0,"max_hp_loss":0.0,"gold_gain":75.0,"event_name":"World of Goop","player_choice":"Gather Gold","floor":4.0,"gold_loss":0.0,"damage_taken":11.0},{"cards_removed":["Strike_B"],"damage_healed":0,"gold_gain":0,"player_choice":"Card Removal","damage_taken":7,"max_hp_gain":0,"max_hp_loss":0,"event_name":"Golden Wing","floor":12,"gold_loss":0},{"damage_healed":0,"gold_gain":0,"player_choice":"Obtained Relic","damage_taken":0,"relics_obtained":["DataDisk"],"max_hp_gain":0,"max_hp_loss":0,"event_name":"Addict","floor":22,"gold_loss":85},{"damage_healed":0,"gold_gain":0,"player_choice":"Relic","damage_taken":0,"max_hp_gain":0,"max_hp_loss":0,"event_name":"Wheel of Change","floor":24,"gold_loss":0}],"is_beta":true,"boss_relics":[{"not_picked":["Velvet Choker","Orrery"],"picked":"Nuclear Battery"}],"items_purged_floors":[5],"is_endless":false,"potions_floor_spawned":[8,11,14,20,29],"killed_by":"Automaton","ascension_level":20}