{"path_per_floor":["M","M","T","M","?","R","M","R","T","R","?","M","R","M","R","B",null,"M","M","?","?","?","R","?"],"character_chosen":"IRONCLAD","items_purchased":[],"gold_per_floor":[17,30,57,69,69,69,84,84,138,138,211,231,231,245,245,350,350,368,382,307,222,222,222,222,222],"floor_reached":25,"campfire_rested":0,"playtime":932,"current_hp_per_floor":[80,74,74,69,74,74,79,79,79,79,79,79,79,84,84,62,85,67,51,51,51,51,51,32,0],"items_purged":[],"gold":222,"score":216,"play_id":"47625021-a969-41a5-a78b-9466966510d7","local_time":"20180331065548","is_prod":false,"is_daily":false,"is_ascension_mode":false,"campfire_upgraded":6,"timestamp":1522504548,"path_taken":["M","M","?","M","?","R","M","R","T","R","?","M","R","?","R","BOSS","M","M","?","?","?","R","?","M"],"build_version":"2018-03-29v2","purchased_purges":0,"victory":false,"master_deck":["Strike_R","Strike_R","Strike_R","Strike_R","Defend_R","Defend_R","Defend_R+1","Defend_R","Bash+1","Headbutt+1","Rage+1","Shrug It Off+1","Thunderclap","Thunderclap+1","Feed+1","Feed+1","Cleave","Clothesline","Armaments","Armaments","Pommel Strike+1"],"max_hp_per_floor":[80,80,80,80,85,85,85,85,85,85,85,85,85,85,85,85,85,89,96,96,96,96,96,101,101],"relics":["Burning Blood","Sundial","War Paint","Art of War","Orrery","Meat on the Bone"],"card_choices":[{"not_picked":["Havoc","Clash"],"picked":"Headbutt","floor":1},{"not_picked":["Warcry","Iron Wave"],"picked":"Rage","floor":2},{"not_picked":["Armaments","Wild Strike"],"picked":"Shrug It Off","floor":4},{"not_picked":["Burning Pact","Warcry"],"picked":"Thunderclap","floor":7},{"not_picked":["Anger","Carnage"],"picked":"Thunderclap","floor":12},{"not_picked":["Perfected Strike","Reckless Charge"],"picked":"Feed","floor":14},{"not_picked":["Dark Embrace","Berserk"],"picked":"Feed","floor":16},{"not_picked":["Perfected Strike","Sword Boomerang"],"picked":"Cleave","floor":17},{"not_picked":["Sword Boomerang","Dropkick"],"picked":"Clothesline","floor":17},{"not_picked":["Seeing Red","Power Through"],"picked":"Armaments","floor":17},{"not_picked":["Pommel Strike","Anger"],"picked":"Armaments","floor":17},{"not_picked":["Combust","Second Wind"],"picked":"Pommel Strike","floor":19}],"player_experience":66330,"potions_floor_usage":[16,16,25,25],"damage_taken":[{"damage":1,"enemies":"Cultist","floor":1,"turns":3},{"damage":12,"enemies":"Small Slimes","floor":2,"turns":5},{"damage":11,"enemies":"Jaw Worm","floor":4,"turns":3},{"damage":1,"enemies":"3 Louse","floor":7,"turns":5},{"damage":6,"enemies":"Large Slime","floor":12,"turns":4},{"damage":1,"enemies":"Blue Slaver","floor":14,"turns":4},{"damage":28,"enemies":"The Guardian","floor":16,"turns":10},{"damage":28,"enemies":"Chosen","floor":18,"turns":9},{"damage":29,"enemies":"2 Thieves","floor":19,"turns":4},{"damage":34,"enemies":"Slaver and Parasite","floor":25,"turns":7}],"event_choices":[{"event_name":"Big Fish","player_choice":"Donut","floor":5,"damage_taken":0},{"event_name":"Golden Wing","player_choice":"Gained Gold","floor":11,"damage_taken":0},{"event_name":"Beggar","player_choice":"Gave Gold","floor":20,"damage_taken":0},{"event_name":"Addict","player_choice":"Obtained Relic","floor":21,"damage_taken":0},{"event_name":"Vampires","player_choice":"Ignored","floor":22,"damage_taken":0},{"event_name":"Forgotten Altar","player_choice":"Shed Blood","floor":24,"damage_taken":0}],"boss_relics":[{"not_picked":["Runic Pyramid","Philosopher\u0027s Stone"],"picked":"Orrery"}],"potions_floor_spawned":[2,4,14,18,19],"seed_played":"805137928696144019","killed_by":"Slaver and Parasite","ascension_level":0,"is_trial":false}