{"gold_per_floor":[115,115,115,47,60,93,93,93,93,113,149,74,74,87,87,207,207,222,222,19,34,58,58,0,19,44,44],"floor_reached":27,"playtime":675,"items_purged":["Strike_B"],"score":271,"play_id":"0e239f85-24ae-4c2a-be46-3651a8c920e7","local_time":"20190129025614","is_ascension_mode":false,"campfire_choices":[{"data":"Creative AI","floor":7,"key":"SMITH"},{"floor":13,"key":"REST"},{"floor":15,"key":"REST"},{"floor":23,"key":"REST"}],"neow_cost":"NONE","seed_source_timestamp":158172849346241,"circlet_count":0,"master_deck":["Strike_B","Strike_B","Strike_B","Defend_B","Defend_B","Defend_B","Defend_B","Zap","Dualcast","Ball Lightning","Defragment+1","Creative AI+1","Capacitor","Ball Lightning","Melter","Machine Learning","Capacitor","Creative AI","White Noise+1"],"relics":["Cracked Core","NeowsBlessing","Golden Idol","Oddly Smooth Stone","Darkstone Periapt","Pear","Inserter","Strange Spoon","Pen Nib"],"potions_floor_usage":[14,14,21,25,27],"damage_taken":[{"damage":0,"enemies":"Cultist","floor":1,"turns":1},{"damage":0,"enemies":"2 Louse","floor":5,"turns":1},{"damage":0,"enemies":"Lagavulin","floor":6,"turns":1},{"damage":7,"enemies":"Small Slimes","floor":10,"turns":3},{"damage":48,"enemies":"Gremlin Nob","floor":11,"turns":5},{"damage":7,"enemies":"3 Louse","floor":14,"turns":2},{"damage":52,"enemies":"Slime Boss","floor":16,"turns":8},{"damage":34,"enemies":"2 Thieves","floor":18,"turns":4},{"damage":26,"enemies":"Chosen","floor":21,"turns":5},{"damage":38,"enemies":"Snake Plant","floor":22,"turns":5},{"damage":9,"enemies":"Sentry and Sphere","floor":25,"turns":4},{"damage":29,"enemies":"Cultist and Chosen","floor":27,"turns":3}],"seed_played":"-7671910219334100742","potions_obtained":[{"floor":5,"key":"Fire Potion"},{"floor":10,"key":"SkillPotion"},{"floor":18,"key":"Regen Potion"},{"floor":21,"key":"Fire Potion"},{"floor":25,"key":"SkillPotion"}],"is_trial":false,"path_per_floor":["M","?","?","$","M","E","R","?","T","M","E","$","R","M","R","B",null,"M","?","$","M","M","R","?","M","T","M"],"character_chosen":"DEFECT","items_purchased":["Defragment","Strange Spoon"],"campfire_rested":3,"item_purchase_floors":[4,20],"current_hp_per_floor":[75,80,60,60,60,60,60,60,60,53,15,15,42,35,62,10,90,56,56,56,44,6,33,33,24,24,0],"gold":44,"neow_bonus":"THREE_ENEMY_KILL","is_prod":false,"is_daily":false,"chose_seed":false,"campfire_upgraded":1,"win_rate":0.0,"timestamp":1548759374,"path_taken":["M","?","?","$","M","E","R","?","T","M","E","$","R","M","R","BOSS","M","?","$","M","?","R","?","M","T","M"],"build_version":"2019-01-23","purchased_purges":1,"victory":false,"max_hp_per_floor":[75,80,80,80,80,80,80,80,80,80,90,90,90,90,90,90,90,90,90,90,90,90,90,90,90,90,90],"card_choices":[{"not_picked":["Beam Cell","Go for the Eyes"],"picked":"Ball Lightning","floor":1},{"not_picked":["Glacier","Go for the Eyes","Skim"],"picked":"SKIP","floor":5},{"not_picked":["Rebound","Hologram"],"picked":"Creative AI","floor":6},{"not_picked":["Compile Driver","Ball Lightning"],"picked":"Capacitor","floor":10},{"not_picked":["Stack","Aggregate"],"picked":"Ball Lightning","floor":11},{"not_picked":["Cold Snap","Sunder"],"picked":"Melter","floor":14},{"not_picked":["Seek","Core Surge"],"picked":"Machine Learning","floor":16},{"not_picked":["Barrage","Lockon"],"picked":"Capacitor","floor":18},{"not_picked":["Gash","Cold Snap"],"picked":"White Noise+1","floor":21},{"not_picked":["Barrage","Steam Power","Steam"],"picked":"SKIP","floor":22},{"not_picked":["Recycle","Streamline","Sweeping Beam"],"picked":"SKIP","floor":25}],"player_experience":211094,"relics_obtained":[{"floor":6,"key":"Oddly Smooth Stone"},{"floor":9,"key":"Darkstone Periapt"},{"floor":11,"key":"Pear"},{"floor":26,"key":"Pen Nib"}],"event_choices":[{"damage_healed":0,"gold_gain":0,"player_choice":"Donut","damage_taken":0,"max_hp_gain":5,"max_hp_loss":0,"event_name":"Big Fish","floor":2,"gold_loss":0},{"damage_healed":0,"gold_gain":0,"player_choice":"Take Damage","damage_taken":20,"relics_obtained":["Golden Idol"],"max_hp_gain":0,"max_hp_loss":0,"event_name":"Golden Idol","floor":3,"gold_loss":0},{"damage_healed":0,"gold_gain":0,"player_choice":"Grow","damage_taken":0,"max_hp_gain":0,"max_hp_loss":0,"event_name":"Living Wall","floor":8,"gold_loss":0,"cards_upgraded":["Defragment"]},{"damage_healed":0,"gold_gain":0,"player_choice":"1 cards matched","damage_taken":0,"max_hp_gain":0,"max_hp_loss":0,"event_name":"Match and Keep!","floor":19,"gold_loss":0,"cards_obtained":["Creative AI"]},{"damage_healed":0,"gold_gain":0,"player_choice":"Paid Fearfully","damage_taken":0,"max_hp_gain":0,"max_hp_loss":0,"event_name":"Masked Bandits","floor":24,"gold_loss":58}],"is_beta":false,"boss_relics":[{"not_picked":["Empty Cage","Philosopher\u0027s Stone"],"picked":"Inserter"}],"items_purged_floors":[12],"is_endless":false,"potions_floor_spawned":[5,10,18,21,25],"killed_by":"Cultist and Chosen","ascension_level":0}