{"gold_per_floor":[116,191,209,222,222,222,250,264,264,283,283,300,315,349,349,453,453,472,492,509,520,520],"floor_reached":22,"playtime":2676,"items_purged":[],"score":252,"play_id":"cd3acd80-bef3-43fe-a682-cf3113d7032d","local_time":"20190317171257","is_ascension_mode":false,"campfire_choices":[{"data":"Demon Form","floor":6,"key":"SMITH"},{"data":"Armaments","floor":11,"key":"SMITH"},{"data":"Anger","floor":15,"key":"SMITH"}],"neow_cost":"","seed_source_timestamp":6594246058200,"circlet_count":0,"master_deck":["Strike_R","Strike_R","Strike_R","Strike_R","Defend_R","Defend_R","Defend_R","Defend_R","Bash","Armaments+1","Dual Wield","Demon Form+1","Feed","Metallicize","Anger+1","Reaper","Pummel+1","Pommel Strike+1","Uppercut","Warcry"],"relics":["Burning Blood","Meat on the Bone","Gremlin Horn","Pantograph","Black Star"],"potions_floor_usage":[16,21,21,22],"damage_taken":[{"damage":5,"enemies":"Jaw Worm","floor":1,"turns":5},{"damage":5,"enemies":"Small Slimes","floor":3,"turns":5},{"damage":6,"enemies":"Cultist","floor":4,"turns":3},{"damage":29,"enemies":"3 Sentries","floor":7,"turns":8},{"damage":33,"enemies":"Lots of Slimes","floor":8,"turns":4},{"damage":15,"enemies":"Exordium Wildlife","floor":10,"turns":6},{"damage":13,"enemies":"2 Fungi Beasts","floor":12,"turns":3},{"damage":24,"enemies":"Large Slime","floor":13,"turns":7},{"damage":26,"enemies":"Lagavulin","floor":14,"turns":8},{"damage":43,"enemies":"The Guardian","floor":16,"turns":13},{"damage":18,"enemies":"Chosen","floor":18,"turns":6},{"damage":32,"enemies":"Spheric Guardian","floor":19,"turns":7},{"damage":48,"enemies":"Shelled Parasite and Fungi","floor":20,"turns":7},{"damage":37,"enemies":"Snake Plant","floor":21,"turns":7},{"damage":61,"enemies":"3 Cultists","floor":22,"turns":4}],"seed_played":"3736344628856770807","potions_obtained":[{"floor":1,"key":"EssenceOfSteel"},{"floor":8,"key":"Energy Potion"},{"floor":12,"key":"EssenceOfSteel"},{"floor":19,"key":"Fire Potion"},{"floor":21,"key":"SteroidPotion"}],"is_trial":false,"path_per_floor":["M","?","M","M","?","R","E","M","T","M","R","M","M","E","R","B",null,"M","M","M","M","M"],"character_chosen":"IRONCLAD","items_purchased":[],"campfire_rested":0,"item_purchase_floors":[],"current_hp_per_floor":[80,69,70,70,70,70,47,32,32,42,42,50,50,45,45,49,103,91,75,63,48,0],"gold":520,"neow_bonus":"","is_prod":false,"is_daily":false,"chose_seed":false,"campfire_upgraded":3,"win_rate":0.0,"timestamp":1552822977,"path_taken":["M","?","M","M","?","R","E","?","T","M","R","M","M","E","R","BOSS","M","?","M","M","M"],"build_version":"2019-01-23","purchased_purges":0,"victory":false,"max_hp_per_floor":[80,80,80,80,80,80,80,80,80,87,87,90,96,99,99,103,103,103,103,106,110,110],"card_choices":[{"not_picked":["Fire Breathing","Flex"],"picked":"Armaments","floor":1},{"not_picked":["Twin Strike","Armaments","Cleave"],"picked":"SKIP","floor":3},{"not_picked":["Body Slam","Thunderclap"],"picked":"Dual Wield","floor":4},{"not_picked":["Reckless Charge","Entrench","Flex"],"picked":"SKIP","floor":7},{"not_picked":["Cleave","Whirlwind"],"picked":"Feed","floor":8},{"not_picked":["Perfected Strike","Whirlwind"],"picked":"Metallicize","floor":10},{"not_picked":["Feel No Pain","Infernal Blade","Blood for Blood"],"picked":"SKIP","floor":12},{"not_picked":["Second Wind","Flex","Perfected Strike"],"picked":"SKIP","floor":13},{"not_picked":["Iron Wave","Body Slam"],"picked":"Anger","floor":14},{"not_picked":["Juggernaut","Fiend Fire"],"picked":"Reaper","floor":16},{"not_picked":["Sword Boomerang","Dual Wield"],"picked":"Pummel+1","floor":18},{"not_picked":["Combust+1","Armaments"],"picked":"Pommel Strike+1","floor":19},{"not_picked":["Thunderclap+1","Cleave+1"],"picked":"Uppercut","floor":20},{"not_picked":["Power Through","Sword Boomerang"],"picked":"Warcry","floor":21}],"player_experience":0,"relics_obtained":[{"floor":7,"key":"Meat on the Bone"},{"floor":9,"key":"Gremlin Horn"},{"floor":14,"key":"Pantograph"}],"event_choices":[{"damage_healed":0,"gold_gain":75,"player_choice":"Gather Gold","damage_taken":11,"max_hp_gain":0,"max_hp_loss":0,"event_name":"World of Goop","floor":2,"gold_loss":0},{"damage_healed":0,"gold_gain":0,"cards_transformed":["Strike_R"],"player_choice":"Transformed","damage_taken":0,"max_hp_gain":0,"max_hp_loss":0,"event_name":"Transmorgrifier","floor":5,"gold_loss":0,"cards_obtained":["Demon Form"]}],"is_beta":false,"boss_relics":[{"not_picked":["Runic Dome","Calling Bell"],"picked":"Black Star"}],"items_purged_floors":[],"is_endless":false,"potions_floor_spawned":[1,8,12,19,21],"killed_by":"3 Cultists","ascension_level":0}