{"gold_per_floor":[110,110,123,123,141,167,178,178,178,209,220,220,234,263,263,337,337,351,11,23,38,55,55],"floor_reached":23,"playtime":1125,"items_purged":[],"score":430,"play_id":"e20f62d6-4da3-4d45-83fb-17d4fa942ee3","local_time":"20190322220331","is_ascension_mode":true,"campfire_choices":[{"floor":12,"key":"REST"},{"floor":15,"key":"REST"}],"neow_cost":"NONE","seed_source_timestamp":44678182064841,"circlet_count":0,"master_deck":["AscendersBane","Strike_B","Strike_B","Strike_B","Strike_B","Defend_B","Defend_B","Defend_B","Defend_B","Zap","Dualcast","Beam Cell","Cold Snap","Rip and Tear","Go for the Eyes","Defragment","Cold Snap","FTL","Cold Snap","Creative AI","Gash+1","Undo","Glacier"],"relics":["Cracked Core","NeowsBlessing","Oddly Smooth Stone","Sundial","CultistMask","Singing Bowl","Shuriken","Potion Belt","Fusion Hammer","Thread and Needle"],"potions_floor_usage":[6,10,14,21,23],"damage_taken":[{"damage":0,"enemies":"Cultist","floor":1,"turns":1},{"damage":0,"enemies":"Small Slimes","floor":3,"turns":1},{"damage":0,"enemies":"Jaw Worm","floor":5,"turns":1},{"damage":20,"enemies":"Gremlin Nob","floor":6,"turns":4},{"damage":0,"enemies":"2 Fungi Beasts","floor":7,"turns":3},{"damage":11,"enemies":"Lagavulin","floor":10,"turns":5},{"damage":23,"enemies":"Gremlin Gang","floor":11,"turns":5},{"damage":13,"enemies":"Exordium Thugs","floor":13,"turns":4},{"damage":4,"enemies":"3 Sentries","floor":14,"turns":5},{"damage":8,"enemies":"Hexaghost","floor":16,"turns":9},{"damage":10,"enemies":"Spheric Guardian","floor":18,"turns":4},{"damage":25,"enemies":"3 Byrds","floor":20,"turns":6},{"damage":12,"enemies":"Snake Plant","floor":21,"turns":5},{"damage":8,"enemies":"Chosen and Byrds","floor":22,"turns":8},{"damage":10,"enemies":"Slavers","floor":23,"turns":1}],"seed_played":"-8226932110305592856","potions_obtained":[{"floor":1,"key":"Explosive Potion"},{"floor":5,"key":"Ancient Potion"},{"floor":7,"key":"FairyPotion"},{"floor":11,"key":"SteroidPotion"},{"floor":20,"key":"EssenceOfSteel"},{"floor":21,"key":"Explosive Potion"}],"is_trial":false,"path_per_floor":["M","?","M","?","M","E","M","?","T","E","M","R","M","E","R","B",null,"M","$","M","M","M","E"],"character_chosen":"DEFECT","items_purchased":["Thread and Needle"],"campfire_rested":2,"item_purchase_floors":[19],"current_hp_per_floor":[64,64,64,46,46,26,26,26,26,15,4,25,12,8,29,21,60,50,50,27,15,7,0],"gold":55,"neow_bonus":"THREE_ENEMY_KILL","is_prod":false,"is_daily":false,"chose_seed":false,"campfire_upgraded":0,"win_rate":0,"timestamp":1553306611,"path_taken":["M","?","M","?","?","E","M","?","T","E","?","R","M","E","R","BOSS","M","$","M","?","M","E"],"build_version":"2019-03-15","purchased_purges":0,"victory":false,"max_hp_per_floor":[71,71,71,71,71,71,71,71,71,71,73,73,73,73,73,73,73,73,73,75,75,75,75],"card_choices":[{"not_picked":["Static Discharge","Force Field"],"picked":"Beam Cell","floor":1},{"not_picked":["Go for the Eyes","Genetic Algorithm"],"picked":"Cold Snap","floor":3},{"not_picked":["Scrape","Rebound"],"picked":"Rip and Tear","floor":5},{"not_picked":["Barrage","Blizzard"],"picked":"Go for the Eyes","floor":6},{"not_picked":["Turbo","Static Discharge"],"picked":"Defragment","floor":7},{"not_picked":["Meteor Strike","Conserve Battery"],"picked":"Cold Snap","floor":10},{"not_picked":["Rip and Tear","Aggregate","Redo"],"picked":"Singing Bowl","floor":11},{"not_picked":["Hologram","Coolheaded"],"picked":"FTL","floor":13},{"not_picked":["Beam Cell","Turbo"],"picked":"Cold Snap","floor":14},{"not_picked":["Hyperbeam","Amplify"],"picked":"Creative AI","floor":16},{"not_picked":["Recycle","Streamline"],"picked":"Gash+1","floor":18},{"not_picked":["Tempest","Go for the Eyes","Conserve Battery"],"picked":"Singing Bowl","floor":20},{"not_picked":["Sweeping Beam","Barrage"],"picked":"Undo","floor":21},{"not_picked":["Beam Cell","Auto Shields"],"picked":"Glacier","floor":22}],"player_experience":607541,"relics_obtained":[{"floor":6,"key":"Sundial"},{"floor":9,"key":"Singing Bowl"},{"floor":10,"key":"Shuriken"},{"floor":14,"key":"Potion Belt"}],"event_choices":[{"damage_healed":0,"gold_gain":0,"player_choice":"Leave","damage_taken":0,"max_hp_gain":0,"max_hp_loss":0,"event_name":"The Cleric","floor":2,"gold_loss":0},{"damage_healed":0,"gold_gain":0,"player_choice":"Success","damage_taken":18,"relics_obtained":["Oddly Smooth Stone"],"max_hp_gain":0,"max_hp_loss":0,"event_name":"Scrap Ooze","floor":4,"gold_loss":0},{"damage_healed":0,"gold_gain":0,"player_choice":"Trade","damage_taken":0,"relics_obtained":["CultistMask"],"max_hp_gain":0,"max_hp_loss":0,"event_name":"FaceTrader","floor":8,"gold_loss":0}],"is_beta":true,"boss_relics":[{"not_picked":["Nuclear Battery","Philosopher\u0027s Stone"],"picked":"Fusion Hammer"}],"items_purged_floors":[],"is_endless":false,"potions_floor_spawned":[1,5,7,11,20,21],"killed_by":"Slavers","ascension_level":20}