{"path_per_floor":["M","?","?","?","?","?","E","M","T","E","?","R","M","M","R","B",null,"M","?","?","?","M","E","R","E","T","?","R","T","$","M","R","B",null,"M","?","$","M","M","R","?","$","T","M","M","M","M","M","R"],"character_chosen":"IRONCLAD","items_purchased":["Sundial","Spot Weakness","Reckless Charge","Regen Potion","Omamori","Searing Blow","Medical Kit"],"gold_per_floor":[10,65,65,65,65,65,106,121,169,208,173,173,192,206,206,327,327,350,350,350,350,345,378,378,422,469,469,469,769,298,311,311,416,416,433,403,180,198,215,215,215,13,13,26,36,56,76,95,95,95],"floor_reached":50,"campfire_rested":5,"playtime":3457,"current_hp_per_floor":[80,80,80,73,53,58,44,46,46,41,62,62,63,54,79,31,85,78,78,78,78,74,35,62,42,42,42,69,74,74,83,83,43,91,86,86,86,69,53,80,80,80,80,75,66,61,40,40,70,0],"items_purged":[],"gold":95,"score":565,"play_id":"635c7373-c69d-4c5a-b84a-a87e69a6cae9","local_time":"20180329064739","is_prod":false,"is_daily":false,"is_ascension_mode":false,"campfire_upgraded":2,"timestamp":1522331259,"path_taken":["M","?","?","?","?","?","E","?","T","E","?","R","M","M","R","BOSS","M","?","?","?","M","E","R","E","T","?","R","?","$","M","R","BOSS","M","?","?","M","M","R","?","?","T","M","M","M","?","M","R","BOSS"],"build_version":"2018-03-22v2","purchased_purges":0,"victory":false,"master_deck":["Strike_R","Strike_R","Strike_R","Strike_R","Strike_R","Defend_R","Defend_R","Defend_R","Defend_R","Bash","Clothesline","Clothesline","Anger+1","Shockwave","Uppercut+1","Perfected Strike","Feed","Reckless Charge+1","Fire Breathing+1","Double Tap+1","Sword Boomerang+1","Spot Weakness","Reckless Charge","Rampage","Feed","Blood for Blood+1","Searing Blow","Sword Boomerang+1","Clothesline","Anger+1","Armaments+1","Dual Wield","Heavy Blade+1","Uppercut"],"max_hp_per_floor":[80,80,80,80,80,85,85,85,85,85,85,85,85,85,85,85,85,88,88,88,88,91,91,91,91,91,91,91,91,91,91,91,91,91,91,91,91,91,91,91,91,91,91,97,100,100,100,103,103,106],"relics":["Black Blood","Charon\u0027s Ashes","Self Forming Clay","Bloody Idol","Red Skull","Ancient Tea Set","Paper Frog","Pen Nib","Bottled Flame","Bag of Marbles","Old Coin","Sundial","Question Card","Omamori","Medical Kit","Pantograph"],"card_choices":[{"not_picked":["Shrug It Off","Twin Strike"],"picked":"Clothesline","floor":1},{"not_picked":["Disarm","Limit Break"],"picked":"Clothesline","floor":7},{"not_picked":["Headbutt","Intimidate"],"picked":"Anger","floor":8},{"not_picked":["Iron Wave","Headbutt"],"picked":"Shockwave","floor":10},{"not_picked":["Body Slam","Reckless Charge"],"picked":"Uppercut","floor":13},{"not_picked":["Clash","Rampage"],"picked":"Perfected Strike","floor":14},{"not_picked":["Brutality","Fiend Fire"],"picked":"Feed","floor":16},{"not_picked":["Flex","Power Through"],"picked":"Reckless Charge","floor":18},{"not_picked":["Dual Wield","Clothesline"],"picked":"Fire Breathing","floor":22},{"not_picked":["Power Through","Armaments"],"picked":"Double Tap","floor":23},{"not_picked":["Reckless Charge","Flex"],"picked":"Sword Boomerang","floor":25},{"not_picked":["Twin Strike","Disarm"],"picked":"Rampage","floor":31},{"not_picked":["Offering","Limit Break"],"picked":"Feed","floor":33},{"not_picked":["Shrug It Off","Warcry","True Grit"],"picked":"Blood for Blood","floor":35},{"not_picked":["Clash","True Grit","Shrug It Off"],"picked":"Sword Boomerang","floor":38},{"not_picked":["Shockwave","Cleave","Intimidate"],"picked":"Clothesline","floor":39},{"not_picked":["Hemokinesis","Entrench","Infernal Blade"],"picked":"Anger","floor":44},{"not_picked":["Cleave","Blood for Blood","Headbutt"],"picked":"Armaments","floor":45},{"not_picked":["Entrench","Pommel Strike","Cleave"],"picked":"Dual Wield","floor":46},{"not_picked":["Spot Weakness","Headbutt","Twin Strike"],"picked":"Heavy Blade","floor":47},{"not_picked":["Flex","Perfected Strike","Battle Trance"],"picked":"Uppercut","floor":48}],"player_experience":17012,"potions_floor_usage":[10,16,22,31,31,33,39,45,46,46,46,48],"damage_taken":[{"damage":0,"enemies":"Small Slimes","floor":1,"turns":4},{"damage":20,"enemies":"3 Sentries","floor":7,"turns":7},{"damage":4,"enemies":"Cultist","floor":8,"turns":3},{"damage":11,"enemies":"Gremlin Nob","floor":10,"turns":4},{"damage":5,"enemies":"2 Louse","floor":13,"turns":2},{"damage":15,"enemies":"2 Fungi Beasts","floor":14,"turns":4},{"damage":54,"enemies":"Hexaghost","floor":16,"turns":10},{"damage":20,"enemies":"Shell Parasite","floor":18,"turns":5},{"damage":17,"enemies":"2 Thieves","floor":22,"turns":4},{"damage":49,"enemies":"Book of Stabbing","floor":23,"turns":6},{"damage":30,"enemies":"Gremlin Leader","floor":25,"turns":4},{"damage":6,"enemies":"Snecko","floor":31,"turns":3},{"damage":55,"enemies":"Collector","floor":33,"turns":6},{"damage":20,"enemies":"Orb Walker","floor":35,"turns":3},{"damage":32,"enemies":"3 Darklings","floor":38,"turns":6},{"damage":31,"enemies":"Maw","floor":39,"turns":7},{"damage":26,"enemies":"4 Shapes","floor":44,"turns":5},{"damage":27,"enemies":"Sphere and 2 Shapes","floor":45,"turns":4},{"damage":35,"enemies":"3 Darklings","floor":46,"turns":7},{"damage":36,"enemies":"Maw","floor":47,"turns":8},{"damage":18,"enemies":"4 Shapes","floor":48,"turns":3},{"damage":99,"enemies":"Awakened One","floor":50,"turns":6}],"event_choices":[{"event_name":"Golden Wing","player_choice":"Gained Gold","floor":2,"damage_taken":0},{"event_name":"Liars Game","player_choice":"disagreed","floor":3,"damage_taken":0},{"event_name":"Scrap Ooze","player_choice":"success","floor":4,"damage_taken":7},{"event_name":"Golden Idol","player_choice":"Take Damage","floor":5,"damage_taken":0},{"event_name":"Big Fish","player_choice":"Donut","floor":6,"damage_taken":0},{"event_name":"The Cleric","player_choice":"Healed","floor":11,"damage_taken":0},{"event_name":"Beggar","player_choice":"Ignored","floor":19,"damage_taken":0},{"event_name":"Upgrade Shrine","player_choice":"Upgraded","floor":20,"damage_taken":0},{"event_name":"Vampires","player_choice":"Ignored","floor":21,"damage_taken":0},{"event_name":"Forgotten Altar","player_choice":"Gave Idol","floor":27,"damage_taken":0},{"event_name":"The Woman in Blue","player_choice":"Bought 2 Potions","floor":36,"damage_taken":0},{"event_name":"Tomb of Lord Red Mask","player_choice":"Ignored","floor":41,"damage_taken":0}],"boss_relics":[{"not_picked":["Sozu","Velvet Choker"],"picked":"Black Blood"},{"not_picked":["Runic Dome","Runic Cube"],"picked":"Question Card"}],"potions_floor_spawned":[7,8,16,18,23,33,39,44,45,46],"seed_played":"-1167360688345200152","killed_by":"Awakened One","ascension_level":0,"is_trial":false}