{"gold_per_floor":[118,138,138,148,160,160,189,189,268,279,298,298,330,344,344,418,418,434,273,284,129,145,177,177],"floor_reached":24,"playtime":1383,"items_purged":["Strike_G","Strike_G"],"score":510,"play_id":"e2f2fe68-95d2-4687-86d0-5aea499409f4","local_time":"20190323152121","is_ascension_mode":true,"campfire_choices":[{"data":"Noxious Fumes","floor":6.0,"key":"SMITH"},{"floor":8.0,"key":"REST"},{"data":"Bouncing Flask","floor":15.0,"key":"SMITH"}],"neow_cost":"NONE","seed_source_timestamp":902414991855477,"circlet_count":0,"master_deck":["AscendersBane","Defend_G","Defend_G","Defend_G","Defend_G","Defend_G","Strike_G","Strike_G","Strike_G","Survivor","Neutralize","Deflect","Noxious Fumes+1","Footwork","Dodge and Roll","Adrenaline","Backflip","Dodge and Roll","Bouncing Flask+1","Malaise","PiercingWail+1","Crippling Poison","All Out Attack+1","Blur"],"special_seed":0,"relics":["Runic Pyramid","Singing Bowl","Tiny Chest","Juzu Bracelet","Velvet Choker","Snake Skull"],"potions_floor_usage":[23,24],"damage_taken":[{"damage":7.0,"enemies":"2 Louse","floor":1.0,"turns":3.0},{"damage":0.0,"enemies":"Cultist","floor":2.0,"turns":4.0},{"damage":5.0,"enemies":"Small Slimes","floor":4.0,"turns":4.0},{"damage":0.0,"enemies":"Red Slaver","floor":5.0,"turns":6.0},{"damage":48.0,"enemies":"Gremlin Nob","floor":7.0,"turns":6.0},{"damage":11.0,"enemies":"Exordium Wildlife","floor":10.0,"turns":5.0},{"damage":2.0,"enemies":"Gremlin Gang","floor":11.0,"turns":7.0},{"damage":0.0,"enemies":"Lagavulin","floor":13.0,"turns":7.0},{"damage":0.0,"enemies":"Red Slaver","floor":14.0,"turns":6.0},{"damage":5.0,"enemies":"The Guardian","floor":16.0,"turns":9.0},{"damage":7.0,"enemies":"3 Byrds","floor":18.0,"turns":7.0},{"damage":3.0,"enemies":"2 Thieves","floor":20.0,"turns":4.0},{"damage":1.0,"enemies":"Centurion and Healer","floor":22.0,"turns":8.0},{"damage":34,"enemies":"Slavers","floor":23,"turns":7},{"damage":9,"enemies":"Colosseum Slavers","floor":24,"turns":3}],"seed_played":"-1806691066333781374","potions_obtained":[{"floor":5.0,"key":"Regen Potion"},{"floor":7.0,"key":"FearPotion"},{"floor":10.0,"key":"Fruit Juice"},{"floor":13.0,"key":"EssenceOfSteel"},{"floor":14.0,"key":"Fire Potion"},{"floor":16.0,"key":"SteroidPotion"}],"is_trial":false,"path_per_floor":["M","M","?","M","M","R","E","R","T","M","M","?","E","M","R","B",null,"M","$","M","$","M","E","?"],"character_chosen":"THE_SILENT","items_purchased":["Crippling Poison","PowerPotion"],"campfire_rested":1,"item_purchase_floors":[19,21],"current_hp_per_floor":[52,52,52,47,47,47,14,33,33,22,22,15,15,20,20,15,59,52,52,49,49,48,16,7],"gold":177,"neow_bonus":"BOSS_RELIC","is_prod":false,"is_daily":false,"chose_seed":false,"campfire_upgraded":2,"win_rate":0,"timestamp":1553368881,"path_taken":["M","M","?","?","M","R","E","R","T","M","M","?","E","M","R","BOSS","M","$","M","$","M","E","?"],"build_version":"2019-03-15","purchased_purges":2,"victory":false,"max_hp_per_floor":[66,66,66,66,66,66,66,66,66,66,68,68,68,73,73,73,73,73,73,73,73,73,75,75],"card_choices":[{"not_picked":["Backflip","Quick Slash"],"picked":"Deflect","floor":1.0},{"not_picked":["Underhanded Strike","Accuracy"],"picked":"Noxious Fumes","floor":2.0},{"not_picked":["Choke","Distraction"],"picked":"Footwork","floor":4.0},{"not_picked":["Concentrate","Underhanded Strike"],"picked":"Dodge and Roll","floor":5.0},{"not_picked":["Acrobatics","Calculated Gamble"],"picked":"Adrenaline","floor":7.0},{"not_picked":["Flechettes","Quick Slash"],"picked":"Backflip","floor":10.0},{"not_picked":["Accuracy","Slice","Riddle With Holes"],"picked":"Singing Bowl","floor":11.0},{"not_picked":["Backflip","Slice"],"picked":"Dodge and Roll","floor":13.0},{"not_picked":["Dagger Throw","Tactician"],"picked":"Bouncing Flask","floor":14.0},{"not_picked":["Night Terror","Die Die Die"],"picked":"Malaise","floor":16.0},{"not_picked":["Flying Knee","Expertise"],"picked":"PiercingWail+1","floor":18.0},{"not_picked":["Calculated Gamble","Expertise"],"picked":"All Out Attack+1","floor":20.0},{"not_picked":["Endless Agony","PiercingWail"],"picked":"Blur","floor":22.0},{"not_picked":["Venomology","Acrobatics","Underhanded Strike+1"],"picked":"Singing Bowl","floor":23}],"player_experience":1198921,"relics_obtained":[{"floor":7.0,"key":"Singing Bowl"},{"floor":9.0,"key":"Tiny Chest"},{"floor":13.0,"key":"Juzu Bracelet"},{"floor":23,"key":"Snake Skull"}],"event_choices":[{"damage_healed":0.0,"max_hp_gain":0.0,"max_hp_loss":0.0,"gold_gain":0.0,"event_name":"Wheel of Change","player_choice":"Cursed","floor":3.0,"gold_loss":0.0,"damage_taken":0.0,"cards_obtained":["Decay"]},{"cards_removed":["Decay"],"damage_healed":0.0,"max_hp_gain":0.0,"max_hp_loss":0.0,"gold_gain":0.0,"event_name":"Golden Wing","player_choice":"Card Removal","floor":12.0,"gold_loss":0.0,"damage_taken":7.0},{"damage_healed":0,"gold_gain":0,"player_choice":"Fight","damage_taken":0,"max_hp_gain":0,"max_hp_loss":0,"event_name":"Colosseum","floor":24,"gold_loss":0}],"is_beta":true,"boss_relics":[{"not_picked":["Coffee Dripper","Tiny House"],"picked":"Velvet Choker"}],"items_purged_floors":[19,21],"is_endless":false,"potions_floor_spawned":[5,7,10,13,14,16,22],"killed_by":"Colosseum Slavers","ascension_level":20}