{"gold_per_floor":[113,124,124,124,135,135,153,153,153,173,125,140,110,120,120,219,269,279,289,289,204,204,235,30,44,70,70,170,170,181,199,199,199],"floor_reached":33,"playtime":1008,"items_purged":[],"score":259,"play_id":"419542bf-8cdb-4d1c-b319-3bb4189c1942","local_time":"20190207064336","is_ascension_mode":false,"campfire_choices":[{"data":"Anger","floor":6,"key":"SMITH"},{"data":"Shockwave","floor":8,"key":"SMITH"},{"data":"Cleave","floor":15,"key":"SMITH"},{"data":"Anger","floor":27,"key":"SMITH"},{"data":"Blood for Blood","floor":29,"key":"SMITH"},{"data":"Impervious","floor":32,"key":"SMITH"}],"neow_cost":"TEN_PERCENT_HP_LOSS","seed_source_timestamp":949142403917567,"circlet_count":0,"master_deck":["Strike_R","Strike_R","Strike_R+1","Strike_R","Strike_R","Defend_R","Defend_R","Defend_R","Bash","Shockwave+1","Anger+1","Cleave+1","Iron Wave","Impervious+1","Thunderclap","Anger+1","Blood for Blood+1","Armaments+1"],"relics":["Burning Blood","Calipers","Bag of Marbles","Self Forming Clay","Tiny House","Lantern","Frozen Egg 2","Ornamental Fan","MealTicket","PreservedInsect"],"potions_floor_usage":[7,12,16,19,23],"damage_taken":[{"damage":6,"enemies":"Small Slimes","floor":1,"turns":3},{"damage":6,"enemies":"Jaw Worm","floor":2,"turns":3},{"damage":1,"enemies":"Cultist","floor":5,"turns":3},{"damage":0,"enemies":"3 Louse","floor":7,"turns":2},{"damage":7,"enemies":"Lots of Slimes","floor":10,"turns":3},{"damage":0,"enemies":"Blue Slaver","floor":12,"turns":2},{"damage":4,"enemies":"2 Fungi Beasts","floor":14,"turns":2},{"damage":11,"enemies":"Slime Boss","floor":16,"turns":6},{"damage":0,"enemies":"3 Byrds","floor":18,"turns":4},{"damage":7,"enemies":"2 Thieves","floor":19,"turns":4},{"damage":22,"enemies":"Book of Stabbing","floor":23,"turns":5},{"damage":2,"enemies":"Chosen and Byrds","floor":25,"turns":6},{"damage":6,"enemies":"3 Cultists","floor":30,"turns":5},{"damage":12,"enemies":"Snake Plant","floor":31,"turns":2},{"damage":60,"enemies":"Champ","floor":33,"turns":9}],"seed_played":"-7320700277634865992","potions_obtained":[{"floor":1,"key":"GamblersBrew"},{"floor":7,"key":"GamblersBrew"},{"floor":10,"key":"AttackPotion"},{"floor":12,"key":"AttackPotion"},{"floor":13,"key":"Ancient Potion"},{"floor":13,"key":"Block Potion"},{"floor":17,"key":"SteroidPotion"},{"floor":23,"key":"Ancient Potion"},{"floor":30,"key":"FearPotion"}],"is_trial":false,"path_per_floor":["M","M","?","?","M","R","M","R","T","M","$","M","?","M","R","B",null,"M","M","?","?","T","E","$","M","T","R","?","R","M","M","R","B"],"character_chosen":"IRONCLAD","items_purchased":["Cleave","MealTicket"],"campfire_rested":0,"item_purchase_floors":[11,24],"current_hp_per_floor":[72,72,65,65,70,70,72,72,72,71,71,72,72,72,72,67,77,77,76,76,76,76,60,60,64,64,64,64,64,64,58,58,0],"gold":199,"neow_bonus":"ONE_RARE_RELIC","is_prod":false,"is_daily":false,"chose_seed":false,"campfire_upgraded":6,"win_rate":0,"timestamp":1549550616,"path_taken":["M","M","?","?","M","R","M","R","T","M","$","?","?","M","R","BOSS","M","?","?","?","?","E","$","M","T","R","?","R","?","M","R","BOSS"],"build_version":"2019-01-23","purchased_purges":0,"victory":false,"max_hp_per_floor":[72,72,72,72,72,72,72,72,72,72,72,72,72,72,72,72,77,77,77,77,77,77,77,77,77,77,77,77,77,77,77,77,77],"card_choices":[{"not_picked":["Headbutt","Sword Boomerang"],"picked":"Shockwave","floor":1},{"not_picked":["Havoc","Evolve","Rupture"],"picked":"SKIP","floor":2},{"not_picked":["Heavy Blade","Feel No Pain"],"picked":"Anger","floor":5},{"not_picked":["Reckless Charge","Body Slam","Headbutt"],"picked":"SKIP","floor":7},{"not_picked":["Body Slam","Evolve","Carnage"],"picked":"SKIP","floor":10},{"not_picked":["Cleave","Demon Form"],"picked":"Iron Wave","floor":12},{"not_picked":["Flex","Carnage","Rage"],"picked":"SKIP","floor":14},{"not_picked":["Barricade","Limit Break"],"picked":"Impervious","floor":16},{"not_picked":["Uppercut","Heavy Blade"],"picked":"Thunderclap","floor":17},{"not_picked":["Pummel","Cleave","Flame Barrier"],"picked":"SKIP","floor":18},{"not_picked":["True Grit","Metallicize"],"picked":"Anger","floor":19},{"not_picked":["Immolate","Brutality+1"],"picked":"Blood for Blood","floor":23},{"not_picked":["Infernal Blade","Armaments+1","Warcry"],"picked":"SKIP","floor":25},{"not_picked":["Combust+1","Second Wind+1"],"picked":"Armaments+1","floor":30},{"not_picked":["Havoc","Cleave","Shockwave"],"picked":"SKIP","floor":31}],"player_experience":245288,"relics_obtained":[{"floor":4,"key":"Bag of Marbles"},{"floor":9,"key":"Self Forming Clay"},{"floor":22,"key":"Frozen Egg 2"},{"floor":23,"key":"Ornamental Fan"},{"floor":26,"key":"PreservedInsect"}],"event_choices":[{"cards_removed":["Defend_R"],"damage_healed":0,"gold_gain":0,"player_choice":"Card Removal","damage_taken":7,"max_hp_gain":0,"max_hp_loss":0,"event_name":"Golden Wing","floor":3,"gold_loss":0},{"damage_healed":0,"gold_gain":0,"player_choice":"Relic","damage_taken":0,"max_hp_gain":0,"max_hp_loss":0,"event_name":"Wheel of Change","floor":4,"gold_loss":0},{"damage_healed":0,"gold_gain":0,"player_choice":"Bought 2 Potions","damage_taken":0,"max_hp_gain":0,"max_hp_loss":0,"event_name":"The Woman in Blue","floor":13,"gold_loss":0},{"damage_healed":0,"gold_gain":0,"player_choice":"Ignored","damage_taken":0,"max_hp_gain":0,"max_hp_loss":0,"event_name":"Vampires","floor":20,"gold_loss":0},{"damage_healed":0,"gold_gain":0,"player_choice":"Obtained Relic","damage_taken":0,"relics_obtained":["Lantern"],"max_hp_gain":0,"max_hp_loss":0,"event_name":"Addict","floor":21,"gold_loss":85},{"damage_healed":0,"gold_gain":100,"player_choice":"Pray","damage_taken":0,"max_hp_gain":0,"max_hp_loss":0,"event_name":"Golden Shrine","floor":28,"gold_loss":0}],"is_beta":false,"boss_relics":[{"not_picked":["Sozu","Black Star"],"picked":"Tiny House"}],"items_purged_floors":[],"is_endless":false,"potions_floor_spawned":[1,7,10,12,23,30],"killed_by":"Champ","ascension_level":0}