{"gold_per_floor":[111,111,111,36,55,55,66,91,121,153,170,182,182,182,182,255,255,265,180,270,282,8,38,56,56,102,102,132,143,31,58,58,132,132,148,165,180,199,199,199,199],"floor_reached":41,"playtime":1892,"items_purged":["Regret","Strike_R"],"score":1072,"play_id":"416a4f22-457c-4d12-8f4e-4e9721c1223a","local_time":"20180920232824","is_ascension_mode":true,"campfire_choices":[{"data":"Bash","floor":6.0,"key":"SMITH"},{"data":"Flame Barrier","floor":13.0,"key":"SMITH"},{"floor":15.0,"key":"REST"},{"floor":25.0,"key":"REST"},{"floor":27.0,"key":"REST"},{"floor":32.0,"key":"REST"},{"floor":40.0,"key":"REST"}],"neow_cost":"NONE","seed_source_timestamp":655782998270234,"circlet_count":0,"master_deck":["Strike_R","Strike_R","Strike_R","Strike_R","Defend_R+1","Defend_R","Defend_R","Defend_R","Bash+1","AscendersBane","Ghostly Armor+1","Thunderclap","Shockwave","Body Slam","Whirlwind","Berserk","Flame Barrier+1","Double Tap","Body Slam","Pommel Strike+1","Blood for Blood","Feed","Blood for Blood"],"special_seed":0,"relics":["Black Blood","Matryoshka","Calipers","Tiny Chest","Bag of Marbles","Blue Candle","Pen Nib","Ornamental Fan","Snecko Eye","Du-Vu Doll","Membership Card","War Paint","Art of War","Sundial","Blood Vial","Bottled Tornado"],"potions_floor_usage":[41],"damage_taken":[{"damage":7.0,"enemies":"Jaw Worm","floor":1.0,"turns":5.0},{"damage":0.0,"enemies":"Small Slimes","floor":5.0,"turns":5.0},{"damage":7.0,"enemies":"Cultist","floor":7.0,"turns":5.0},{"damage":32.0,"enemies":"Gremlin Nob","floor":8.0,"turns":4.0},{"damage":33.0,"enemies":"3 Sentries","floor":10.0,"turns":12.0},{"damage":9.0,"enemies":"2 Fungi Beasts","floor":11.0,"turns":3.0},{"damage":4.0,"enemies":"Exordium Wildlife","floor":12.0,"turns":4.0},{"damage":0.0,"enemies":"Slime Boss","floor":16.0,"turns":5.0},{"damage":0.0,"enemies":"3 Byrds","floor":18.0,"turns":3.0},{"damage":0.0,"enemies":"Spheric Guardian","floor":21.0,"turns":3.0},{"damage":50.0,"enemies":"Book of Stabbing","floor":23.0,"turns":5.0},{"damage":8.0,"enemies":"Snake Plant","floor":24.0,"turns":4.0},{"damage":49.0,"enemies":"Gremlin Leader","floor":28.0,"turns":5.0},{"damage":0.0,"enemies":"Chosen and Byrds","floor":29.0,"turns":3.0},{"damage":0.0,"enemies":"Book of Stabbing","floor":31.0,"turns":2.0},{"damage":36.0,"enemies":"Collector","floor":33.0,"turns":7.0},{"damage":3.0,"enemies":"Orb Walker","floor":35.0,"turns":3.0},{"damage":5.0,"enemies":"3 Darklings","floor":36.0,"turns":2.0},{"damage":42.0,"enemies":"Transient","floor":37.0,"turns":6.0},{"damage":26.0,"enemies":"Maw","floor":38.0,"turns":7.0},{"damage":57,"enemies":"Giant Head","floor":41,"turns":5}],"seed_played":"1599403304330090228","potions_obtained":[{"floor":0.0,"key":"Poison Potion"},{"floor":0.0,"key":"SkillPotion"},{"floor":8.0,"key":"SteroidPotion"},{"floor":11.0,"key":"PowerPotion"},{"floor":21.0,"key":"Dexterity Potion"},{"floor":24.0,"key":"LiquidBronze"},{"floor":31.0,"key":"Weak Potion"},{"floor":33.0,"key":"Swift Potion"},{"floor":37.0,"key":"EntropicBrew"}],"is_trial":false,"path_per_floor":["M","?","?","$","M","R","M","E","T","E","M","M","R","T","R","B",null,"M","?","?","M","$","E","M","R","T","R","E","M","$","E","R","B",null,"M","M","M","M","?","R"],"character_chosen":"IRONCLAD","items_purchased":["Membership Card","Blood Vial","Block Potion"],"campfire_rested":5,"item_purchase_floors":[22,30,30],"current_hp_per_floor":[67,67,67,67,73,73,72,46,46,19,16,18,18,18,40,46,68,74,74,53,59,59,22,20,42,42,64,21,27,27,35,57,29,64,73,75,43,29,29,51,0],"gold":199,"neow_bonus":"THREE_SMALL_POTIONS","is_prod":false,"is_daily":false,"chose_seed":false,"campfire_upgraded":2,"win_rate":0,"timestamp":1537500504,"path_taken":["M","?","?","?","?","R","M","E","T","E","M","?","R","?","R","BOSS","M","?","?","?","?","E","M","R","T","R","E","?","$","E","R","BOSS","M","?","M","?","?","R","E"],"build_version":"2018-09-20","purchased_purges":2,"victory":false,"max_hp_per_floor":[75,75,75,75,75,75,75,75,75,75,75,75,75,75,75,75,75,75,75,75,75,75,75,75,75,75,75,75,75,75,75,75,75,75,75,75,75,75,75,75,75],"card_choices":[{"not_picked":["Wild Strike","Thunderclap"],"picked":"Ghostly Armor","floor":1.0},{"not_picked":["Pommel Strike","Perfected Strike"],"picked":"Thunderclap","floor":5.0},{"not_picked":["Havoc","Twin Strike"],"picked":"Shockwave","floor":7.0},{"not_picked":["Flex","Combust"],"picked":"Body Slam","floor":8.0},{"not_picked":["Rage","Thunderclap"],"picked":"Whirlwind","floor":10.0},{"not_picked":["Flex","Havoc"],"picked":"Berserk","floor":11.0},{"not_picked":["Body Slam","Spot Weakness"],"picked":"Flame Barrier","floor":12.0},{"not_picked":["Immolate","Bludgeon"],"picked":"Double Tap","floor":16.0},{"not_picked":["Rage","Havoc","Headbutt"],"picked":"SKIP","floor":18.0},{"not_picked":["Thunderclap","Flex+1","Ghostly Armor"],"picked":"SKIP","floor":21.0},{"not_picked":["Reckless Charge","Feel No Pain"],"picked":"Body Slam","floor":23.0},{"not_picked":["Pommel Strike","Warcry","Immolate"],"picked":"SKIP","floor":24.0},{"not_picked":["Bloodletting","Perfected Strike"],"picked":"Pommel Strike+1","floor":28.0},{"not_picked":["Clash","Thunderclap"],"picked":"Blood for Blood","floor":29.0},{"not_picked":["Searing Blow","Sever Soul","Havoc+1"],"picked":"SKIP","floor":31.0},{"not_picked":["Berserk","Limit Break"],"picked":"Feed","floor":33.0},{"not_picked":["Dropkick+1","Cleave","Armaments"],"picked":"SKIP","floor":35.0},{"not_picked":["Iron Wave","Sever Soul","Pommel Strike"],"picked":"SKIP","floor":36.0},{"not_picked":["Exhume","Burning Pact"],"picked":"Blood for Blood","floor":37.0},{"not_picked":["Twin Strike+1","Burning Pact+1","Headbutt+1"],"picked":"SKIP","floor":38.0}],"player_experience":864628,"relics_obtained":[{"floor":8.0,"key":"Calipers"},{"floor":9.0,"key":"Tiny Chest"},{"floor":9.0,"key":"Bag of Marbles"},{"floor":10.0,"key":"Blue Candle"},{"floor":14.0,"key":"Pen Nib"},{"floor":14.0,"key":"Ornamental Fan"},{"floor":23.0,"key":"War Paint"},{"floor":26.0,"key":"Art of War"},{"floor":28.0,"key":"Sundial"},{"floor":31.0,"key":"Bottled Tornado"}],"event_choices":[{"event_name":"Liars Game","player_choice":"disagreed","floor":2.0,"damage_taken":0.0},{"event_name":"Big Fish","player_choice":"Box","floor":3.0,"damage_taken":0.0},{"event_name":"Addict","player_choice":"Obtained Relic","floor":19.0,"damage_taken":0.0},{"event_name":"Knowing Skull","player_choice":"POTION GOLD ","floor":20.0,"damage_taken":0.0},{"event_name":"SecretPortal","player_choice":"Rejected Portal.","floor":39.0,"damage_taken":0.0}],"is_beta":false,"boss_relics":[{"not_picked":["Pandora\u0027s Box","Velvet Choker"],"picked":"Snecko Eye"},{"not_picked":["Black Star","Empty Cage"],"picked":"Black Blood"}],"items_purged_floors":[4,22],"is_endless":false,"potions_floor_spawned":[7,8,11,21,24,31,33,37],"killed_by":"Giant Head","ascension_level":20}