{"path_per_floor":["M","$","?","?","M","R","E","M","T","M","?","R","$","E","R","B",null,"M","M","$","M","M","R","E","M","T","M","R","?","R","M","R","B",null,"M","M","$","M","?","E","R","M","T"],"character_chosen":"IRONCLAD","items_purchased":["Flex","Rampage","Oddly Smooth Stone","True Grit","Apotheosis"],"gold_per_floor":[116,17,17,17,36,36,62,76,76,86,86,86,47,72,72,171,201,213,225,80,93,108,108,141,154,222,232,232,232,232,250,250,353,353,367,380,35,53,53,82,82,98,152],"floor_reached":44,"campfire_rested":1,"playtime":3658,"current_hp_per_floor":[80,80,80,80,70,70,44,46,46,39,39,39,39,16,40,16,85,74,65,65,74,64,64,53,44,44,29,29,29,29,31,31,26,85,83,82,82,85,75,41,41,32,32],"items_purged":["Defend_R","Decay"],"gold":152,"play_id":"8269863a-d30e-4ec0-8052-9ac713b449e3","is_prod":false,"is_daily":false,"campfire_rituals":0,"campfire_upgraded":7,"is_hardmode":false,"path_taken":["M","$","?","?","M","R","E","M","T","M","?","R","$","E","R","BOSS","M","M","$","M","M","R","E","M","T","M","R","?","R","M","R","BOSS","M","M","$","M","?","E","R","M","T","M"],"build_version":"2018-01-18-BETA1","purchased_purges":2,"victory":false,"master_deck":["Strike_R","Strike_R","Strike_R","Strike_R","Strike_R","Defend_R","Defend_R","Bash","Anger","Flex","Hemokinesis","Clash","Inflame","Shrug It Off","Dropkick","Rampage","Pommel Strike","Brutality","Metallicize","True Grit","True Grit","Headbutt","Metallicize","Battle Trance","Inflame","Demon Form","Warcry","Brutality","Flex","True Grit","Apotheosis","Barricade","Madness","Madness","Seeing Red","Burning Pact"],"max_hp_per_floor":[80,80,80,80,80,80,80,80,80,80,80,80,80,80,80,80,85,85,85,85,85,85,85,85,85,85,85,85,85,85,85,85,85,85,85,85,85,85,85,85,85,85,85],"relics":["Burning Blood","Happy Flower","Bird Faced Urn","Mercury Hourglass","Tiny House","Oddly Smooth Stone","Calipers","Paper Frog","Torii","Sozu","Ornamental Fan","Ancient Tea Set"],"campfire_meditates":0,"card_choices":[{"not_picked":["Warcry","Clothesline"],"picked":"Anger"},{"not_picked":["Second Wind","Reckless Charge"],"picked":"Clash"},{"not_picked":["Reaper","Clash"],"picked":"Inflame"},{"not_picked":["Thunderclap","Perfected Strike"],"picked":"Shrug It Off"},{"not_picked":["Power Through","Thunderclap"],"picked":"Dropkick"},{"not_picked":["Armaments","Dual Wield"],"picked":"Pommel Strike"},{"not_picked":["Reaper","Offering"],"picked":"Brutality"},{"not_picked":["Whirlwind","Pommel Strike"],"picked":"Metallicize"},{"not_picked":["Headbutt","Anger"],"picked":"True Grit"},{"not_picked":["Sword Boomerang","Body Slam"],"picked":"True Grit"},{"not_picked":["Pommel Strike","Cleave"],"picked":"Headbutt"},{"not_picked":["Pommel Strike","Twin Strike"],"picked":"Metallicize"},{"not_picked":["Flex","Cleave"],"picked":"Battle Trance"},{"not_picked":["Pommel Strike","Rampage"],"picked":"Inflame"},{"not_picked":["Bloodletting","Shockwave"],"picked":"Demon Form"},{"not_picked":["Pommel Strike","Armaments"],"picked":"Warcry"},{"not_picked":["Impervious","Bludgeon"],"picked":"Brutality"},{"not_picked":["Whirlwind","Corruption"],"picked":"Flex"},{"not_picked":["Perfected Strike","Clothesline"],"picked":"Barricade"},{"not_picked":["Armaments","Twin Strike"],"picked":"Seeing Red"},{"not_picked":["Iron Wave","Twin Strike"],"picked":"Burning Pact"}],"player_experience":448,"potions_floor_usage":[24,24,24,25,31,33],"damage_taken":[{"damage":6,"enemies":"Cultist","floor":1,"turns":4},{"damage":16,"enemies":"Blue Slaver","floor":5,"turns":3},{"damage":32,"enemies":"3 Sentries","floor":7,"turns":8},{"damage":4,"enemies":"2 Louse","floor":8,"turns":2},{"damage":13,"enemies":"Red Slaver","floor":10,"turns":2},{"damage":31,"enemies":"Lagavulin","floor":14,"turns":5},{"damage":32,"enemies":"The Guardian","floor":16,"turns":6},{"damage":21,"enemies":"Spheric Guardian","floor":18,"turns":4},{"damage":19,"enemies":"2 Thieves","floor":19,"turns":3},{"damage":3,"enemies":"3 Cultists","floor":21,"turns":5},{"damage":22,"enemies":"Centurion and Healer","floor":22,"turns":5},{"damage":25,"enemies":"Slavers","floor":24,"turns":4},{"damage":19,"enemies":"Snake Plant","floor":25,"turns":3},{"damage":31,"enemies":"Chosen and Byrds","floor":27,"turns":7},{"damage":16,"enemies":"Slaver and Parasite","floor":31,"turns":6},{"damage":23,"enemies":"Champ","floor":33,"turns":8},{"damage":10,"enemies":"Orb Walker","floor":35,"turns":3},{"damage":13,"enemies":"3 Shapes","floor":36,"turns":3},{"damage":7,"enemies":"Flame Bruiser 2 Orb","floor":38,"turns":6},{"damage":56,"enemies":"2 Orb Walkers","floor":40,"turns":5},{"damage":29,"enemies":"4 Shapes","floor":42,"turns":7},{"damage":51,"enemies":"Spire Growth","floor":44,"turns":5}],"event_choices":[{"event_name":"Wheel of Change","player_choice":"Curse","floor":3,"damage_taken":0},{"event_name":"Transmorgrifier","player_choice":"Transform","floor":4,"damage_taken":0},{"event_name":"Liars Game","player_choice":"disagreed","floor":11,"damage_taken":0},{"event_name":"The Mausoleum","player_choice":"Yes","floor":29,"damage_taken":0},{"event_name":"Winding Halls","player_choice":"Embrace Madness","floor":39,"damage_taken":0}],"boss_relics":[{"not_picked":["Question Card","Black Star"],"picked":"Tiny House"},{"not_picked":["Cursed Key","White Beast Statue"],"picked":"Sozu"}],"potions_floor_spawned":[7,14,18,24,25,31,33,35],"seed_played":"3894000996029631563","killed_by":"Spire Growth","is_trial":false}