{"path_per_floor":["M","?","M","?","?","E","M","E","T","M","M","R","M","M","R"],"character_chosen":"DEFECT","items_purchased":[],"gold_per_floor":[112,112,137,212,212,255,270,303,377,398,413,413,427,443,443,443],"floor_reached":16,"campfire_rested":2,"playtime":737,"item_purchase_floors":[],"current_hp_per_floor":[75,57,57,46,51,51,51,36,36,30,23,47,34,30,54,0],"items_purged":[],"gold":443,"score":139,"play_id":"95ed2209-8e5a-4d21-bcec-ed4cbd59c5a0","local_time":"20180608003100","is_prod":false,"is_daily":false,"chose_seed":false,"is_ascension_mode":false,"campfire_upgraded":0,"win_rate":0.0,"timestamp":1528443060,"campfire_choices":[{"floor":12,"key":"REST"},{"floor":15,"key":"REST"}],"path_taken":["M","?","M","?","?","E","M","E","T","M","M","R","M","M","R","BOSS"],"build_version":"2018-06-07","seed_source_timestamp":1383439826719580,"purchased_purges":0,"victory":false,"master_deck":["Strike_B","Strike_B","Strike_B","Strike_B","Defend_B","Defend_B","Defend_B","Defend_B","Zap","Dualcast","Melter","Genetic Algorithm","Ball Lightning","Cold Snap","Aggregate","Beam Cell","Redo"],"max_hp_per_floor":[75,75,75,75,80,80,80,80,80,80,80,80,80,80,80,80],"relics":["Cracked Core","NeowsBlessing","Golden Idol","Unceasing Top","Bag of Preparation","Shuriken"],"card_choices":[{"not_picked":["Redo","Hologram"],"picked":"Melter","floor":1},{"not_picked":["Coolheaded","Cold Snap"],"picked":"Genetic Algorithm","floor":3},{"not_picked":["Barrage","Tempest"],"picked":"Ball Lightning","floor":6},{"not_picked":["Streamline","Go for the Eyes"],"picked":"Cold Snap","floor":7},{"not_picked":["Hologram","Machine Learning"],"picked":"Aggregate","floor":8},{"not_picked":["Rip and Tear","Go for the Eyes","Gash"],"picked":"SKIP","floor":10},{"not_picked":["Steam Power","Hologram"],"picked":"Beam Cell","floor":11},{"not_picked":["Compile Driver","Barrage","Steam"],"picked":"SKIP","floor":13},{"not_picked":["Machine Learning","Blizzard"],"picked":"Redo","floor":14}],"player_experience":144082,"potions_floor_usage":[11,16],"damage_taken":[{"damage":0,"enemies":"Jaw Worm","floor":1,"turns":1},{"damage":0,"enemies":"2 Louse","floor":3,"turns":1},{"damage":0,"enemies":"Lagavulin","floor":6,"turns":1},{"damage":0,"enemies":"Cultist","floor":7,"turns":2},{"damage":15,"enemies":"3 Sentries","floor":8,"turns":7},{"damage":6,"enemies":"3 Louse","floor":10,"turns":4},{"damage":7,"enemies":"Blue Slaver","floor":11,"turns":3},{"damage":13,"enemies":"Lots of Slimes","floor":13,"turns":4},{"damage":4,"enemies":"Exordium Wildlife","floor":14,"turns":4},{"damage":55,"enemies":"Hexaghost","floor":16,"turns":9}],"relics_obtained":[{"floor":6,"key":"Unceasing Top"},{"floor":8,"key":"Bag of Preparation"},{"floor":9,"key":"Shuriken"}],"event_choices":[{"event_name":"Golden Idol","player_choice":"Take Damage","floor":2,"damage_taken":0},{"event_name":"World of Goop","player_choice":"Gather Gold","floor":4,"damage_taken":0},{"event_name":"Big Fish","player_choice":"Donut","floor":5,"damage_taken":0}],"boss_relics":[],"items_purged_floors":[],"potions_floor_spawned":[1,8,10],"seed_played":"-166360427474440115","killed_by":"Hexaghost","ascension_level":0,"potions_obtained":[{"floor":1,"key":"Swift Potion"},{"floor":8,"key":"SteroidPotion"},{"floor":10,"key":"SkillPotion"}],"is_trial":false}