{"gold_per_floor":[363,157,157,157,172,215,215,253,253,253,253,277,277,296,296,385,385,401,424,19,39,62,93,43,43,43,66,85,85,100,140,140,235,235,249,169,169,502,517,517,551,551,626,656,656,1010,1010,390,390,390,390,390,64,95,95],"floor_reached":56,"playtime":2318,"items_purged":["Strike_B","Defend_B","Defend_B","Defend_B"],"score":1932,"play_id":"1a86020a-fe7c-43e6-a39a-68cb7aa2142f","local_time":"20181030210638","is_ascension_mode":true,"campfire_choices":[{"data":"Ball Lightning","floor":7.0,"key":"SMITH"},{"floor":10.0,"key":"REST"},{"data":"Zap","floor":15.0,"key":"SMITH"},{"data":"Coolheaded","floor":25.0,"key":"SMITH"},{"floor":29.0,"key":"REST"},{"data":"Capacitor","floor":32.0,"key":"SMITH"},{"data":"Loop","floor":40.0,"key":"SMITH"},{"floor":42.0,"key":"RECALL"},{"data":"Undo","floor":45.0,"key":"SMITH"},{"floor":49.0,"key":"REST"},{"data":"Defragment","floor":52.0,"key":"SMITH"}],"neow_cost":"CURSE","seed_source_timestamp":40925035375827,"circlet_count":0,"master_deck":["Defend_B","Zap+1","Dualcast","AscendersBane","Ball Lightning+1","Electrodynamics","Ball Lightning+1","Conserve Battery","Undo+1","Coolheaded+1","Biased Cognition","BootSequence","Melter+1","Coolheaded+1","Glacier+1","Capacitor+1","Chaos+1","Lockon+1","Loop+1","Echo Form","Hologram+1","Defragment+1","Conserve Battery","Coolheaded","Undo+1"],"special_seed":0,"relics":["Cracked Core","The Courier","Bottled Flame","Cables","Calipers","Nuclear Battery","DataDisk","ClockworkSouvenir","Vajra","Ice Cream","Dodecahedron","Bag of Preparation","Astrolabe","Whetstone","Bottled Lightning","Lantern","Old Coin","Pocketwatch","OrangePellets","Runic Capacitor","Ginger"],"potions_floor_usage":[55],"damage_taken":[{"damage":7.0,"enemies":"Jaw Worm","floor":1.0,"turns":2.0},{"damage":9.0,"enemies":"2 Louse","floor":5.0,"turns":2.0},{"damage":20.0,"enemies":"Lagavulin","floor":6.0,"turns":7.0},{"damage":15.0,"enemies":"3 Sentries","floor":8.0,"turns":4.0},{"damage":0.0,"enemies":"Small Slimes","floor":12.0,"turns":2.0},{"damage":1.0,"enemies":"2 Fungi Beasts","floor":14.0,"turns":2.0},{"damage":0.0,"enemies":"The Guardian","floor":16.0,"turns":10.0},{"damage":0.0,"enemies":"3 Byrds","floor":18.0,"turns":2.0},{"damage":10.0,"enemies":"2 Thieves","floor":19.0,"turns":4.0},{"damage":0.0,"enemies":"Centurion and Healer","floor":21.0,"turns":3.0},{"damage":12.0,"enemies":"Slavers","floor":23.0,"turns":4.0},{"damage":0.0,"enemies":"Chosen and Byrds","floor":27.0,"turns":3.0},{"damage":9.0,"enemies":"Snake Plant","floor":28.0,"turns":3.0},{"damage":1.0,"enemies":"Shelled Parasite and Fungi","floor":30.0,"turns":2.0},{"damage":7.0,"enemies":"Book of Stabbing","floor":31.0,"turns":5.0},{"damage":6.0,"enemies":"Automaton","floor":33.0,"turns":7.0},{"damage":0.0,"enemies":"Orb Walker","floor":35.0,"turns":3.0},{"damage":0.0,"enemies":"3 Shapes","floor":39.0,"turns":3.0},{"damage":11.0,"enemies":"Nemesis","floor":41.0,"turns":7.0},{"damage":3.0,"enemies":"Giant Head","floor":44.0,"turns":7.0},{"damage":12.0,"enemies":"2 Orb Walkers","floor":46.0,"turns":4.0},{"damage":1.0,"enemies":"Donu and Deca","floor":50.0,"turns":6.0},{"damage":57.0,"enemies":"Shield and Spear","floor":54.0,"turns":5.0},{"damage":7,"enemies":"The Heart","floor":55,"turns":9}],"seed_played":"1538617282644414374","potions_obtained":[{"floor":6.0,"key":"LiquidBronze"},{"floor":8.0,"key":"Fire Potion"},{"floor":14.0,"key":"Dexterity Potion"},{"floor":21.0,"key":"Fire Potion"},{"floor":27.0,"key":"Ancient Potion"},{"floor":30.0,"key":"Regen Potion"},{"floor":35.0,"key":"Regen Potion"},{"floor":41.0,"key":"SpeedPotion"},{"floor":46.0,"key":"Regen Potion"}],"is_trial":false,"path_per_floor":["M","$","?","?","M","E","R","E","T","R","?","M","?","M","R","B",null,"M","M","$","M","T","E","?","R","T","M","M","R","M","E","R","B",null,"M","$","?","?","M","R","E","R","T","E","R","?","?","$","R","B",null,"R","$","E","B"],"character_chosen":"DEFECT","items_purchased":["Electrodynamics","Ball Lightning","DataDisk","ClockworkSouvenir","Melter","Pocketwatch","Defragment","OrangePellets","Conserve Battery","Runic Capacitor","Coolheaded"],"campfire_rested":3,"item_purchase_floors":[2,2,20,20,20,48,48,48,48,53,53],"current_hp_per_floor":[57,57,52,52,43,23,23,8,8,27,27,27,20,19,19,19,53,53,43,43,43,43,31,31,31,31,31,22,41,40,47,47,41,58,58,58,58,58,58,58,61,61,61,58,58,46,46,46,64,63,64,64,64,16,9],"gold":95,"neow_bonus":"TWO_FIFTY_GOLD","is_prod":false,"is_daily":false,"chose_seed":false,"campfire_upgraded":7,"win_rate":0,"timestamp":1540947998,"path_taken":["M","$","?","?","M","E","R","E","T","R","?","M","?","M","R","BOSS","M","M","$","M","?","E","?","R","T","M","M","R","M","E","R","BOSS","M","$","?","?","M","R","E","R","T","E","R","?","?","?","R","BOSS","R","$","E","BOSS"],"build_version":"2018-10-29v2","purchased_purges":4,"victory":true,"max_hp_per_floor":[71,71,71,64,64,64,64,64,64,64,64,64,64,64,64,64,64,64,64,64,64,64,64,64,64,64,64,64,64,64,64,64,64,64,64,64,64,64,64,64,64,64,64,64,64,64,64,64,64,64,64,64,64,64,64],"card_choices":[{"not_picked":["Cold Snap","Go for the Eyes"],"picked":"Ball Lightning","floor":1.0},{"not_picked":["Rebound","Consume","Double Energy"],"picked":"SKIP","floor":5.0},{"not_picked":["Darkness","Steam"],"picked":"Conserve Battery","floor":6.0},{"not_picked":["Hologram","Auto Shields"],"picked":"Undo","floor":8.0},{"not_picked":["Steam","Go for the Eyes","Barrage"],"picked":"SKIP","floor":12.0},{"not_picked":["Redo","Sweeping Beam"],"picked":"Coolheaded","floor":14.0},{"not_picked":["Hyperbeam","Electrodynamics"],"picked":"Biased Cognition","floor":16.0},{"not_picked":["Beam Cell","Fusion"],"picked":"BootSequence","floor":18.0},{"not_picked":["Double Energy","Go for the Eyes","Rip and Tear"],"picked":"SKIP","floor":19.0},{"not_picked":["Leap","Conserve Battery"],"picked":"Coolheaded","floor":21.0},{"not_picked":["Compile Driver","Storm"],"picked":"Glacier+1","floor":23.0},{"not_picked":["Reboot","Steam","Sweeping Beam"],"picked":"SKIP","floor":27.0},{"not_picked":["Gash","Tempest","Beam Cell"],"picked":"SKIP","floor":28.0},{"not_picked":["Compile Driver","Consume+1"],"picked":"Capacitor","floor":30.0},{"not_picked":["Gash","Reprogram","Ball Lightning"],"picked":"SKIP","floor":31.0},{"not_picked":["Barrage","Reprogram","Heatsinks+1"],"picked":"SKIP","floor":35.0},{"not_picked":["Double Energy","Glacier"],"picked":"Loop","floor":39.0},{"not_picked":["Hologram+1","Leap"],"picked":"Echo Form","floor":41.0},{"not_picked":["Turbo","Stack","FTL"],"picked":"SKIP","floor":44.0},{"not_picked":["Streamline","Redo+1"],"picked":"Hologram+1","floor":46.0},{"not_picked":["Rainbow","Beam Cell"],"picked":"Undo+1","floor":54.0}],"player_experience":790546,"relics_obtained":[{"floor":6.0,"key":"Bottled Flame"},{"floor":8.0,"key":"Cables"},{"floor":22.0,"key":"Vajra"},{"floor":23.0,"key":"Ice Cream"},{"floor":26.0,"key":"Dodecahedron"},{"floor":31.0,"key":"Bag of Preparation"},{"floor":41.0,"key":"Whetstone"},{"floor":43.0,"key":"Bottled Lightning"},{"floor":44.0,"key":"Lantern"},{"floor":46.0,"key":"Old Coin"},{"floor":54.0,"key":"Ginger"}],"event_choices":[{"damage_healed":0.0,"max_hp_gain":0.0,"max_hp_loss":0.0,"gold_gain":0.0,"event_name":"Scrap Ooze","player_choice":"Success","floor":3.0,"gold_loss":0.0,"damage_taken":5.0,"relics_obtained":["The Courier"]},{"damage_healed":0.0,"max_hp_gain":0.0,"max_hp_loss":7.0,"gold_gain":0.0,"event_name":"Golden Idol","player_choice":"Lose Max HP","floor":4.0,"gold_loss":0.0,"damage_taken":0.0,"relics_obtained":["Golden Idol"]},{"damage_healed":0.0,"max_hp_gain":0.0,"max_hp_loss":0.0,"gold_gain":0.0,"event_name":"WeMeetAgain","player_choice":"Gave Potion","floor":11.0,"gold_loss":0.0,"damage_taken":0.0,"relics_obtained":["Calipers"]},{"cards_removed":["Writhe"],"damage_healed":0.0,"max_hp_gain":0.0,"max_hp_loss":0.0,"gold_gain":0.0,"event_name":"Golden Wing","player_choice":"Card Removal","floor":13.0,"gold_loss":0.0,"damage_taken":7.0},{"damage_healed":0.0,"max_hp_gain":0.0,"max_hp_loss":0.0,"gold_gain":0.0,"event_name":"Designer","player_choice":"Upgrade","floor":24.0,"gold_loss":50.0,"damage_taken":0.0,"cards_upgraded":["Coolheaded"]},{"cards_removed":["Rebound"],"damage_healed":0.0,"max_hp_gain":0.0,"max_hp_loss":0.0,"gold_gain":0.0,"event_name":"Falling","player_choice":"Removed Attack","floor":37.0,"gold_loss":0.0,"damage_taken":0.0},{"damage_healed":0.0,"max_hp_gain":0.0,"max_hp_loss":0.0,"gold_gain":333.0,"event_name":"The Moai Head","player_choice":"Gave Idol","floor":38.0,"relics_lost":["Golden Idol"],"gold_loss":0.0,"damage_taken":0.0},{"damage_healed":0.0,"max_hp_gain":0.0,"max_hp_loss":0.0,"gold_gain":0.0,"event_name":"Mysterious Sphere","player_choice":"Fight","floor":46.0,"gold_loss":0.0,"damage_taken":0.0},{"damage_healed":0.0,"max_hp_gain":0.0,"max_hp_loss":0.0,"gold_gain":0.0,"event_name":"SensoryStone","player_choice":"Memory 1","floor":47.0,"gold_loss":0.0,"damage_taken":0.0}],"is_beta":true,"boss_relics":[{"not_picked":["Orrery","Runic Pyramid"],"picked":"Nuclear Battery"},{"not_picked":["Lizard Tail","Tiny House"],"picked":"Astrolabe"}],"items_purged_floors":[20,36,48,53],"is_endless":false,"potions_floor_spawned":[6,8,14,21,27,30,35,41,44,46],"ascension_level":17}