{"path_per_floor":["M","M","M","$","M","R","E","M","T","R","M","R","?","M","R","B",null,"M","?","M","$","M","E","R","M","T","E","M","?","R","M","R","B",null,"M","?","M","M","?"],"character_chosen":"IRONCLAD","items_purchased":["Shrug It Off","Seeing Red","Body Slam"],"gold_per_floor":[113,131,148,21,38,38,72,82,82,82,98,98,98,114,114,215,215,235,235,254,28,43,76,76,89,89,121,139,139,139,150,150,254,254,269,269,287,303,303],"floor_reached":40,"campfire_rested":2,"playtime":3388,"current_hp_per_floor":[80,72,78,78,76,76,58,64,64,64,68,68,68,55,55,63,64,64,40,45,45,50,29,48,50,50,20,28,28,28,27,46,54,64,55,55,31,21,37],"items_purged":["Writhe","Trip"],"gold":303,"play_id":"a9136495-336b-4a4a-b4f2-39ac0aa6b35b","is_prod":false,"is_daily":false,"campfire_rituals":0,"campfire_upgraded":5,"is_hardmode":false,"path_taken":["M","M","M","$","M","R","E","M","T","R","M","R","?","M","R","BOSS","M","?","M","$","M","E","R","M","T","E","M","?","R","M","R","BOSS","M","?","M","M","?","E"],"build_version":"2018-01-11-PROD2","purchased_purges":2,"victory":false,"master_deck":["Strike_R","Strike_R","Strike_R","Strike_R","Defend_R","Defend_R","Bash","Barricade","Perfected Strike","Seeing Red","Shrug It Off","Perfected Strike","Perfected Strike","Flame Barrier","Seeing Red","Warcry","Feed","Body Slam","Jack Of All Trades","Perfected Strike","Seeing Red","Body Slam","Battle Trance","Perfected Strike","Warcry","Impervious","Seeing Red","Writhe"],"max_hp_per_floor":[80,80,80,80,80,80,80,80,80,80,80,80,80,80,80,80,64,64,64,64,64,64,64,64,64,64,64,64,64,64,64,64,64,64,64,64,64,67,67],"relics":["Burning Blood","Oddly Smooth Stone","Blood Vial","Runic Cube","Lantern","Red Skull","Molten Egg","Black Star"],"campfire_meditates":0,"card_choices":[{"not_picked":["Inflame","Heavy Blade"],"picked":"Seeing Red"},{"not_picked":["Cleave","Flex"],"picked":"Perfected Strike"},{"not_picked":["Twin Strike","Thunderclap"],"picked":"Perfected Strike"},{"not_picked":["Limit Break","Clash"],"picked":"Flame Barrier"},{"not_picked":["Whirlwind","Warcry"],"picked":"Seeing Red"},{"not_picked":["Barricade","Bludgeon"],"picked":"Feed"},{"not_picked":["Inflame","Clash"],"picked":"Body Slam"},{"not_picked":["Metallicize","Battle Trance"],"picked":"Perfected Strike"},{"not_picked":["Twin Strike","Pommel Strike"],"picked":"Battle Trance"},{"not_picked":["Clothesline","Whirlwind"],"picked":"Perfected Strike"},{"not_picked":["Iron Wave","Bludgeon"],"picked":"Warcry"},{"not_picked":["Fiend Fire","Juggernaut"],"picked":"Impervious"},{"not_picked":["Iron Wave","Body Slam"],"picked":"Seeing Red"}],"player_experience":42584,"potions_floor_usage":[7,16,22,23,23,33,33,40,40],"damage_taken":[{"damage":5,"enemies":"Small Slimes","floor":1,"turns":4},{"damage":14,"enemies":"Blue Slaver","floor":2,"turns":4},{"damage":0,"enemies":"2 Louse","floor":3,"turns":3},{"damage":8,"enemies":"Lots of Slimes","floor":5,"turns":6},{"damage":24,"enemies":"Gremlin Nob","floor":7,"turns":5},{"damage":0,"enemies":"2 Fungi Beasts","floor":8,"turns":4},{"damage":4,"enemies":"Looter","floor":11,"turns":4},{"damage":21,"enemies":"Large Slime","floor":14,"turns":7},{"damage":0,"enemies":"The Guardian","floor":16,"turns":15},{"damage":0,"enemies":"3 Byrds","floor":18,"turns":1},{"damage":3,"enemies":"Shell Parasite","floor":20,"turns":4},{"damage":3,"enemies":"Snecko","floor":22,"turns":5},{"damage":33,"enemies":"Book of Stabbing","floor":23,"turns":5},{"damage":6,"enemies":"3 Cultists","floor":25,"turns":5},{"damage":38,"enemies":"Gremlin Leader","floor":27,"turns":6},{"damage":0,"enemies":"Snake Plant","floor":28,"turns":1},{"damage":9,"enemies":"Chosen and Byrds","floor":31,"turns":6},{"damage":15,"enemies":"Collector","floor":33,"turns":14},{"damage":15,"enemies":"Orb Walker","floor":35,"turns":2},{"damage":32,"enemies":"3 Darklings","floor":37,"turns":3},{"damage":21,"enemies":"Sphere and 2 Shapes","floor":38,"turns":6},{"damage":46,"enemies":"2 Orb Walkers","floor":40,"turns":5}],"event_choices":[{"event_name":"Transmorgrifier","player_choice":"Transform","floor":13,"damage_taken":0},{"event_name":"Knowing Skull","player_choice":"CARD CARD ","floor":19,"damage_taken":0},{"event_name":"The Mausoleum","player_choice":"No","floor":29,"damage_taken":0},{"event_name":"Upgrade Shrine","player_choice":"Upgraded","floor":36,"damage_taken":0},{"event_name":"Winding Halls","player_choice":"Writhe","floor":39,"damage_taken":0}],"boss_relics":[{"not_picked":["Tiny House","Ectoplasm"],"picked":"Runic Cube"},{"not_picked":["Orrery","Runic Dome"],"picked":"Black Star"}],"potions_floor_spawned":[1,7,8,14,18,25,28,31,38],"seed_played":"-5231079951778656503","killed_by":"2 Orb Walkers","is_trial":false}