{"path_per_floor":["M","?","?","$","M","R","E","R","T","R","M","M","M","?","R","B",null,"M","M","$"],"character_chosen":"IRONCLAD","items_purchased":["Apotheosis","Swift Strike"],"gold_per_floor":[118,218,218,21,37,37,63,63,88,88,105,119,129,129,129,226,226,237,256,87],"floor_reached":21,"campfire_rested":1,"playtime":1254,"current_hp_per_floor":[74,74,74,74,74,74,58,58,58,80,80,80,80,85,85,37,68,54,37,37],"items_purged":["Strike_R"],"gold":87,"play_id":"23ea279a-d528-48da-b93e-98e780a1dce8","is_prod":false,"is_daily":false,"campfire_rituals":0,"campfire_upgraded":3,"is_hardmode":false,"path_taken":["M","?","?","$","M","R","E","R","T","R","M","M","M","?","R","BOSS","M","M","$","?"],"build_version":"2018-01-11-PROD2","purchased_purges":1,"victory":false,"master_deck":["Strike_R","Strike_R","Strike_R","Strike_R","Defend_R","Defend_R","Defend_R","Defend_R","Bash","Flex","Apotheosis","Headbutt","Fiend Fire","Spot Weakness","Warcry","Searing Blow","Berserk","Bloodletting","Flex","Swift Strike"],"max_hp_per_floor":[80,80,80,80,80,80,80,80,80,80,80,80,80,85,85,85,68,68,68,68],"relics":["Burning Blood","Happy Flower","Dream Catcher","Runic Cube"],"campfire_meditates":0,"card_choices":[{"not_picked":["Seeing Red","Combust"],"picked":"Flex"},{"not_picked":["Cleave","Twin Strike"],"picked":"Headbutt"},{"not_picked":["Heavy Blade","Exhume"],"picked":"Fiend Fire"},{"not_picked":["Cleave","Heavy Blade"],"picked":"Spot Weakness"},{"not_picked":["Flex","Anger"],"picked":"Warcry"},{"not_picked":["Sever Soul","Flex"],"picked":"Searing Blow"},{"not_picked":["Reaper","Barricade"],"picked":"Berserk"},{"not_picked":["Sword Boomerang","Warcry"],"picked":"Bloodletting"},{"not_picked":["Thunderclap","Heavy Blade"],"picked":"Flex"}],"player_experience":54238,"potions_floor_usage":[7,18],"damage_taken":[{"damage":12,"enemies":"Small Slimes","floor":1,"turns":5},{"damage":6,"enemies":"Blue Slaver","floor":5,"turns":3},{"damage":22,"enemies":"Gremlin Nob","floor":7,"turns":4},{"damage":0,"enemies":"2 Louse","floor":11,"turns":2},{"damage":4,"enemies":"Gremlin Gang","floor":12,"turns":3},{"damage":0,"enemies":"Large Slime","floor":13,"turns":3},{"damage":54,"enemies":"Hexaghost","floor":16,"turns":8},{"damage":20,"enemies":"2 Thieves","floor":18,"turns":3},{"damage":23,"enemies":"3 Byrds","floor":19,"turns":4},{"damage":35,"enemies":"Centurion and Healer","floor":21,"turns":6}],"event_choices":[{"event_name":"Golden Shrine","player_choice":"Pray","floor":2,"damage_taken":0},{"event_name":"Accursed Blacksmith","player_choice":"Forge","floor":3,"damage_taken":0},{"event_name":"Big Fish","player_choice":"Donut","floor":14,"damage_taken":0}],"boss_relics":[{"not_picked":["Snecko Eye","Runic Dome"],"picked":"Runic Cube"}],"potions_floor_spawned":[5,12,18],"seed_played":"-264440411565308755","killed_by":"Centurion and Healer","is_trial":false}