{"gold_per_floor":[110,185,29,29,45,71,71,83,83,83,98,126,144,161,161,265,315,332,351,361,63,0,0,26,26,71,71,71,91,107,124,124,222,222,233,233,233,233,248,248,248,259,259,259,259,9,35,45,45,45],"floor_reached":51,"playtime":1513,"items_purged":["Strike_G","Strike_G"],"score":817,"play_id":"b6b16eb0-077d-4b80-8001-efc6ca8acfb2","local_time":"20190307020818","is_ascension_mode":true,"campfire_choices":[{"data":"Catalyst","floor":7,"key":"SMITH"},{"data":"Burst","floor":10,"key":"SMITH"},{"data":"Crippling Poison","floor":15,"key":"SMITH"},{"data":"Noxious Fumes","floor":23,"key":"SMITH"},{"data":"Crippling Poison","floor":25,"key":"SMITH"},{"data":"Burst","floor":27,"key":"SMITH"},{"data":"Bouncing Flask","floor":32,"key":"SMITH"},{"data":"Dagger Spray","floor":40,"key":"SMITH"},{"data":"Dagger Spray","floor":44,"key":"SMITH"},{"floor":49,"key":"REST"}],"neow_cost":"NONE","seed_source_timestamp":122266728413904,"circlet_count":0,"master_deck":["Defend_G","Defend_G","Defend_G","Defend_G","Strike_G+1","Strike_G","Survivor+1","Neutralize","Burst+1","Catalyst+1","Deadly Poison+1","Dagger Spray+1","Bouncing Flask+1","Dagger Spray+1","Dagger Spray","Crippling Poison+1","Burst+1","Noxious Fumes+1","Backstab","Crippling Poison+1","Catalyst+1","Dash","Dash","Corpse Explosion+1","Dagger Spray+1"],"relics":["Ring of the Snake","Lantern","Blue Candle","Paper Crane","Vajra","Tiny House","Regal Pillow","Bag of Marbles","Dream Catcher","Busted Crown","Darkstone Periapt","War Paint","Bottled Tornado"],"potions_floor_usage":[16,16,19,20,20,20,29,31,33,42,42,42,42,47],"damage_taken":[{"damage":0,"enemies":"2 Louse","floor":1,"turns":3},{"damage":6,"enemies":"Jaw Worm","floor":5,"turns":2},{"damage":3,"enemies":"Gremlin Nob","floor":6,"turns":3},{"damage":1,"enemies":"Cultist","floor":8,"turns":3},{"damage":1,"enemies":"Looter","floor":11,"turns":2},{"damage":0,"enemies":"Lagavulin","floor":12,"turns":4},{"damage":0,"enemies":"3 Louse","floor":13,"turns":1},{"damage":0,"enemies":"Lots of Slimes","floor":14,"turns":1},{"damage":22,"enemies":"Hexaghost","floor":16,"turns":6},{"damage":12,"enemies":"Shell Parasite","floor":18,"turns":4},{"damage":12,"enemies":"Spheric Guardian","floor":19,"turns":4},{"damage":3,"enemies":"Centurion and Healer","floor":20,"turns":7},{"damage":4,"enemies":"Gremlin Leader","floor":24,"turns":3},{"damage":9,"enemies":"Snecko","floor":29,"turns":3},{"damage":6,"enemies":"Cultist and Chosen","floor":30,"turns":3},{"damage":0,"enemies":"Shelled Parasite and Fungi","floor":31,"turns":2},{"damage":36,"enemies":"Collector","floor":33,"turns":5},{"damage":6,"enemies":"Orb Walker","floor":35,"turns":2},{"damage":0,"enemies":"3 Darklings","floor":39,"turns":1},{"damage":0,"enemies":"Jaw Worm Horde","floor":42,"turns":2},{"damage":53,"enemies":"Nemesis","floor":47,"turns":7},{"damage":11,"enemies":"Transient","floor":48,"turns":5},{"damage":17,"enemies":"Time Eater","floor":50,"turns":4}],"seed_played":"-6730745201765960529","potions_obtained":[{"floor":5,"key":"GhostInAJar"},{"floor":8,"key":"Energy Potion"},{"floor":13,"key":"Swift Potion"},{"floor":16,"key":"Regen Potion"},{"floor":17,"key":"Dexterity Potion"},{"floor":19,"key":"EssenceOfSteel"},{"floor":24,"key":"AttackPotion"},{"floor":30,"key":"SkillPotion"},{"floor":31,"key":"EssenceOfSteel"},{"floor":33,"key":"SpeedPotion"},{"floor":39,"key":"EntropicBrew"},{"floor":42,"key":"AttackPotion"}],"is_trial":false,"path_per_floor":["M","?","$","?","M","E","R","M","T","R","M","E","M","M","R","B",null,"M","M","M","$","?","R","E","R","T","R","?","M","M","M","R","B",null,"M","?","?","?","M","R","?","M","T","R","T","$","E","M","R","B",null],"character_chosen":"THE_SILENT","items_purchased":["Lantern","Crippling Poison","Regal Pillow","War Paint"],"campfire_rested":1,"item_purchase_floors":[3,21,21,46],"current_hp_per_floor":[70,59,59,59,53,50,50,49,49,49,48,48,48,48,48,26,75,63,65,62,62,62,62,58,58,58,58,58,49,43,43,43,7,75,69,69,69,69,69,69,69,69,69,69,69,69,16,5,42,25],"gold":45,"neow_bonus":"ONE_RANDOM_RARE_CARD","is_prod":false,"is_daily":false,"chose_seed":false,"campfire_upgraded":9,"win_rate":0,"timestamp":1551953298,"path_taken":["M","?","$","?","M","E","R","M","T","R","M","E","M","M","R","BOSS","M","?","M","$","?","R","E","R","T","R","?","M","M","?","R","BOSS","M","?","?","?","?","R","?","M","T","R","?","$","E","M","R","BOSS"],"build_version":"2019-01-23","purchased_purges":2,"victory":true,"max_hp_per_floor":[70,70,70,70,70,70,70,70,70,70,70,70,70,70,70,70,75,75,75,75,75,75,75,75,75,75,75,75,75,75,75,75,75,75,75,75,75,75,75,75,75,75,75,75,75,75,75,75,75,75],"card_choices":[{"not_picked":["Backflip","Quick Slash"],"picked":"Catalyst","floor":1},{"not_picked":["Backflip","Infinite Blades"],"picked":"Dagger Spray","floor":5},{"not_picked":["Underhanded Strike","PiercingWail"],"picked":"Bouncing Flask","floor":6},{"not_picked":["Footwork","Heel Hook","Finisher"],"picked":"SKIP","floor":8},{"not_picked":["Choke","Prepared"],"picked":"Dagger Spray","floor":11},{"not_picked":["Masterful Stab","Prepared","Skewer"],"picked":"SKIP","floor":12},{"not_picked":["Bane","Poisoned Stab"],"picked":"Dagger Spray","floor":13},{"not_picked":["Backflip","Prepared"],"picked":"Crippling Poison","floor":14},{"not_picked":["Doppelganger","Envenom"],"picked":"Burst","floor":16},{"not_picked":["Backflip","Cloak And Dagger"],"picked":"Noxious Fumes","floor":17},{"not_picked":["PiercingWail","Sucker Punch+1","Flechettes"],"picked":"SKIP","floor":18},{"not_picked":["Dagger Throw","Cloak And Dagger"],"picked":"Backstab","floor":19},{"not_picked":["Quick Slash+1","Sucker Punch","Finisher"],"picked":"SKIP","floor":20},{"not_picked":["Terror","Backflip+1","Slice"],"picked":"SKIP","floor":24},{"not_picked":["Deflect","All Out Attack","Distraction"],"picked":"SKIP","floor":29},{"not_picked":["Glass Knife","Dagger Spray"],"picked":"Dash","floor":30},{"not_picked":["Acrobatics+1","Sucker Punch"],"picked":"Dash","floor":31},{"not_picked":["After Image","Venomology"],"picked":"Corpse Explosion","floor":33},{"not_picked":["Caltrops+1"],"picked":"SKIP","floor":35},{"not_picked":[],"picked":"Dagger Spray+1","floor":39},{"not_picked":["Calculated Gamble"],"picked":"SKIP","floor":42},{"not_picked":["Flying Knee+1"],"picked":"SKIP","floor":47},{"not_picked":["Accuracy+1"],"picked":"SKIP","floor":48}],"player_experience":313051,"relics_obtained":[{"floor":6,"key":"Blue Candle"},{"floor":9,"key":"Paper Crane"},{"floor":12,"key":"Vajra"},{"floor":24,"key":"Bag of Marbles"},{"floor":26,"key":"Dream Catcher"},{"floor":45,"key":"Darkstone Periapt"},{"floor":47,"key":"Bottled Tornado"}],"event_choices":[{"damage_healed":0,"gold_gain":75,"player_choice":"Gather Gold","damage_taken":11,"max_hp_gain":0,"max_hp_loss":0,"event_name":"World of Goop","floor":2,"gold_loss":0},{"damage_healed":0,"gold_gain":0,"cards_transformed":["Strike_G"],"player_choice":"Transformed","damage_taken":0,"max_hp_gain":0,"max_hp_loss":0,"event_name":"Transmorgrifier","floor":4,"gold_loss":0,"cards_obtained":["Deadly Poison"]},{"damage_healed":0,"gold_gain":0,"player_choice":"Paid Fearfully","damage_taken":0,"max_hp_gain":0,"max_hp_loss":0,"event_name":"Masked Bandits","floor":22,"gold_loss":63},{"damage_healed":0,"gold_gain":0,"player_choice":"Copied","damage_taken":0,"max_hp_gain":0,"max_hp_loss":0,"event_name":"Duplicator","floor":28,"gold_loss":0,"cards_obtained":["Catalyst"]},{"cards_removed":["Defend_G"],"damage_healed":0,"gold_gain":0,"player_choice":"Removed Skill","damage_taken":0,"max_hp_gain":0,"max_hp_loss":0,"event_name":"Falling","floor":36,"gold_loss":0},{"damage_healed":0,"gold_gain":0,"player_choice":"Memory 1","damage_taken":0,"max_hp_gain":0,"max_hp_loss":0,"event_name":"SensoryStone","floor":37,"gold_loss":0},{"damage_healed":0,"gold_gain":0,"player_choice":"Upgraded","damage_taken":0,"max_hp_gain":0,"max_hp_loss":0,"event_name":"Upgrade Shrine","floor":38,"gold_loss":0,"cards_upgraded":["Corpse Explosion"]},{"damage_healed":0,"gold_gain":0,"player_choice":"Ignored","damage_taken":0,"max_hp_gain":0,"max_hp_loss":0,"event_name":"Mysterious Sphere","floor":41,"gold_loss":0}],"is_beta":false,"boss_relics":[{"not_picked":["Pandora\u0027s Box","Black Star"],"picked":"Tiny House"},{"not_picked":["HoveringKite","Velvet Choker"],"picked":"Busted Crown"}],"items_purged_floors":[21,46],"is_endless":false,"potions_floor_spawned":[5,8,13,16,19,24,30,31,33,39,42],"ascension_level":1}