{"gold_per_floor":[110,110,136,82,82,110,121,148,148,148],"floor_reached":10,"playtime":350,"items_purged":[],"score":148,"play_id":"5e2716f2-a6cb-4478-a51f-f5e1dd113649","local_time":"20181117215803","is_ascension_mode":true,"campfire_choices":[],"neow_cost":"NONE","seed_source_timestamp":266618946169414,"circlet_count":0,"master_deck":["AscendersBane","Strike_B","Strike_B","Strike_B","Strike_B","Defend_B","Defend_B","Defend_B","Defend_B","Zap+1","Dualcast","Reboot","Coolheaded","Compile Driver","Cold Snap","Sweeping Beam"],"relics":["Cracked Core","Centennial Puzzle","Blood Vial","Shuriken","Bag of Preparation","PreservedInsect"],"potions_floor_usage":[6,7],"damage_taken":[{"damage":0,"enemies":"2 Louse","floor":1,"turns":3},{"damage":37,"enemies":"3 Sentries","floor":6,"turns":8},{"damage":0,"enemies":"Jaw Worm","floor":7,"turns":5},{"damage":28,"enemies":"Lagavulin","floor":8,"turns":7},{"damage":16,"enemies":"3 Sentries","floor":10,"turns":3}],"seed_played":"8618591026207306610","potions_obtained":[{"floor":6,"key":"Regen Potion"}],"is_trial":false,"path_per_floor":["M","?","T","$","?","E","M","E","T","E"],"character_chosen":"DEFECT","items_purchased":["AttackPotion"],"campfire_rested":0,"item_purchase_floors":[4],"current_hp_per_floor":[64,64,64,64,59,24,40,14,14,0],"gold":148,"neow_bonus":"ONE_RANDOM_RARE_CARD","is_prod":false,"is_daily":false,"chose_seed":false,"campfire_upgraded":0,"win_rate":0,"timestamp":1542509883,"path_taken":["M","?","?","?","?","E","M","E","T","E"],"build_version":"2018-11-15","purchased_purges":0,"victory":false,"max_hp_per_floor":[71,71,71,71,71,71,71,71,71,71],"card_choices":[{"not_picked":["Storm","Stack"],"picked":"Coolheaded","floor":1},{"not_picked":["Redo","Turbo"],"picked":"Compile Driver","floor":6},{"not_picked":["Gash","Coolheaded"],"picked":"Cold Snap","floor":7},{"not_picked":["Barrage","Aggregate"],"picked":"Sweeping Beam","floor":8}],"player_experience":882101,"relics_obtained":[{"floor":3,"key":"Centennial Puzzle"},{"floor":6,"key":"Shuriken"},{"floor":8,"key":"Bag of Preparation"},{"floor":9,"key":"PreservedInsect"}],"event_choices":[{"damage_healed":0,"gold_gain":0,"player_choice":"Grow","damage_taken":0,"max_hp_gain":0,"max_hp_loss":0,"event_name":"Living Wall","floor":2,"gold_loss":0,"cards_upgraded":["Zap"]},{"damage_healed":0,"gold_gain":0,"player_choice":"Success","damage_taken":5,"relics_obtained":["Blood Vial"],"max_hp_gain":0,"max_hp_loss":0,"event_name":"Scrap Ooze","floor":5,"gold_loss":0}],"is_beta":true,"boss_relics":[],"items_purged_floors":[],"is_endless":false,"potions_floor_spawned":[6],"killed_by":"3 Sentries","ascension_level":20}