{"path_per_floor":["M","M","?","?","$","R","T","M","T","E","M","M","T","M","R","B",null,"M","?","?","M","?","R"],"character_chosen":"THE_SILENT","items_purchased":["Footwork"],"gold_per_floor":[110,127,127,127,56,56,56,73,120,150,166,185,185,196,196,291,291,306,206,206,224,224,224,224],"floor_reached":24,"campfire_rested":2,"playtime":1194,"current_hp_per_floor":[67,65,51,51,51,51,51,51,51,38,34,34,34,34,55,1,80,42,42,42,35,35,59,0],"items_purged":[],"gold":224,"score":196,"play_id":"adbb0f51-8560-4455-b57a-5c30311e7942","local_time":"20180403025257","is_prod":false,"is_daily":false,"is_ascension_mode":false,"campfire_upgraded":1,"timestamp":1522749177,"path_taken":["M","M","?","?","?","R","?","?","T","E","M","M","?","?","R","BOSS","M","?","?","?","?","R","?"],"build_version":"2018-03-29v2","purchased_purges":0,"victory":false,"master_deck":["Defend_G","Defend_G","Defend_G+1","Defend_G","Defend_G","Strike_G","Strike_G","Strike_G+1","Strike_G","Strike_G","Survivor","Neutralize","Corpse Explosion","Dagger Spray","Dagger Spray","Footwork+1","PiercingWail","PiercingWail+1","Sucker Punch","Dagger Spray","Unload","Bullet Time+1","Parasite","Pain","Clumsy","Well Laid Plans","J.A.X.","Writhe","Concentrate"],"max_hp_per_floor":[70,70,70,70,70,70,70,70,70,70,70,70,70,70,70,70,80,80,80,80,80,80,80,80],"relics":["Ring of the Snake","Happy Flower","Lantern","The Courier","Girya","Calling Bell","Sundial","War Paint","Pear","Thread and Needle"],"card_choices":[{"not_picked":["Bane","Dodge and Roll"],"picked":"Dagger Spray","floor":1},{"not_picked":["Deflect","Caltrops"],"picked":"Dagger Spray","floor":2},{"not_picked":["Backflip","Prepared"],"picked":"PiercingWail","floor":8},{"not_picked":["Tools of the Trade","Quick Slash"],"picked":"PiercingWail","floor":10},{"not_picked":["Dodge and Roll","Poisoned Stab"],"picked":"Sucker Punch","floor":11},{"not_picked":["Dodge and Roll","Expertise"],"picked":"Dagger Spray","floor":12},{"not_picked":["Prepared","PiercingWail"],"picked":"Unload","floor":14},{"not_picked":["Wraith Form","Grand Finale"],"picked":"Bullet Time","floor":16},{"not_picked":["Finisher","Riddle With Holes"],"picked":"Well Laid Plans","floor":18},{"not_picked":["Underhanded Strike","Flying Knee"],"picked":"Concentrate","floor":21}],"player_experience":125823,"potions_floor_usage":[12,16,16,21],"damage_taken":[{"damage":3,"enemies":"Small Slimes","floor":1,"turns":4},{"damage":2,"enemies":"Jaw Worm","floor":2,"turns":5},{"damage":0,"enemies":"2 Louse","floor":8,"turns":3},{"damage":13,"enemies":"3 Sentries","floor":10,"turns":7},{"damage":4,"enemies":"Exordium Wildlife","floor":11,"turns":5},{"damage":0,"enemies":"Gremlin Gang","floor":12,"turns":6},{"damage":0,"enemies":"Blue Slaver","floor":14,"turns":4},{"damage":54,"enemies":"Slime Boss","floor":16,"turns":19},{"damage":38,"enemies":"Chosen","floor":18,"turns":8},{"damage":7,"enemies":"Shell Parasite","floor":21,"turns":6},{"damage":59,"enemies":"Centurion and Healer","floor":24,"turns":14}],"event_choices":[{"event_name":"Shining Light","player_choice":"Entered Light","floor":3,"damage_taken":0},{"event_name":"Liars Game","player_choice":"disagreed","floor":4,"damage_taken":0},{"event_name":"Drug Dealer","player_choice":"Got JAXXED","floor":19,"damage_taken":0},{"event_name":"The Mausoleum","player_choice":"Yes","floor":20,"damage_taken":0},{"event_name":"Ghosts","player_choice":"Ignored","floor":22,"damage_taken":0}],"boss_relics":[{"not_picked":["White Beast Statue","Tiny House"],"picked":"Calling Bell"}],"potions_floor_spawned":[8,10,12,14,18],"seed_played":"3078905438542986965","killed_by":"Centurion and Healer","ascension_level":0,"is_trial":false}