{"gold_per_floor":[113,55,205,130,130,165,165,183,183,209,209,234,277,277,277,277],"floor_reached":16,"playtime":391,"items_purged":["Doubt"],"score":261,"play_id":"a776cb60-7966-4617-8912-db1dbe36fc8d","local_time":"20190315062909","is_ascension_mode":true,"campfire_choices":[{"data":"Hologram","floor":7,"key":"SMITH"},{"floor":15,"key":"REST"}],"neow_cost":"NONE","seed_source_timestamp":97552231239201,"circlet_count":0,"master_deck":["AscendersBane","Strike_B","Strike_B","Strike_B","Defend_B","Defend_B","Defend_B","Defend_B","Zap","Dualcast","Ball Lightning","Gash","Hologram+1","Go for the Eyes","Gash","Capacitor"],"relics":["Cracked Core","NeowsBlessing","Symbiotic Virus","Meat on the Bone","Smiling Mask","Golden Idol","Bag of Marbles","Ornamental Fan"],"potions_floor_usage":[13,13,16],"damage_taken":[{"damage":0,"enemies":"Small Slimes","floor":1,"turns":1},{"damage":0,"enemies":"Gremlin Nob","floor":6,"turns":1},{"damage":0,"enemies":"2 Louse","floor":8,"turns":1},{"damage":20,"enemies":"3 Sentries","floor":10,"turns":6},{"damage":0,"enemies":"Cultist","floor":12,"turns":2},{"damage":12,"enemies":"Gremlin Nob","floor":13,"turns":3},{"damage":57,"enemies":"Slime Boss","floor":16,"turns":7}],"seed_played":"6422227208620587263","potions_obtained":[{"floor":10,"key":"FocusPotion"},{"floor":12,"key":"Regen Potion"},{"floor":13,"key":"Swift Potion"}],"is_trial":false,"path_per_floor":["M","$","?","$","?","E","R","M","T","E","?","M","E","?","R","B"],"character_chosen":"DEFECT","items_purchased":["Gash"],"campfire_rested":1,"item_purchase_floors":[2],"current_hp_per_floor":[64,64,64,64,57,57,57,57,57,37,37,37,34,34,53,0],"gold":277,"neow_bonus":"THREE_ENEMY_KILL","is_prod":false,"is_daily":false,"chose_seed":false,"campfire_upgraded":1,"win_rate":0,"timestamp":1552645749,"path_taken":["M","$","?","$","?","E","R","M","T","E","?","M","E","?","R","BOSS"],"build_version":"2019-02-06","purchased_purges":1,"victory":false,"max_hp_per_floor":[71,71,71,71,71,71,71,71,71,71,64,64,64,64,64,64],"card_choices":[{"not_picked":["Hello World","Barrage"],"picked":"Ball Lightning","floor":1},{"not_picked":["Stack","Rebound"],"picked":"Hologram","floor":6},{"not_picked":["Aggregate","Stack","Recycle"],"picked":"SKIP","floor":8},{"not_picked":["Ball Lightning","Reinforced Body"],"picked":"Go for the Eyes","floor":10},{"not_picked":["Conserve Battery","Static Discharge"],"picked":"Gash","floor":12},{"not_picked":["Static Discharge","Compile Driver"],"picked":"Capacitor","floor":13}],"player_experience":514905,"relics_obtained":[{"floor":6,"key":"Symbiotic Virus"},{"floor":9,"key":"Meat on the Bone"},{"floor":10,"key":"Smiling Mask"},{"floor":13,"key":"Bag of Marbles"},{"floor":14,"key":"Ornamental Fan"}],"event_choices":[{"damage_healed":0,"gold_gain":150,"player_choice":"AGREE","damage_taken":0,"max_hp_gain":0,"max_hp_loss":0,"event_name":"Liars Game","floor":3,"gold_loss":0,"cards_obtained":["Doubt"]},{"cards_removed":["Strike_B"],"damage_healed":0,"gold_gain":0,"player_choice":"Card Removal","damage_taken":7,"max_hp_gain":0,"max_hp_loss":0,"event_name":"Golden Wing","floor":5,"gold_loss":0},{"damage_healed":0,"gold_gain":0,"player_choice":"Lose Max HP","damage_taken":0,"relics_obtained":["Golden Idol"],"max_hp_gain":0,"max_hp_loss":7,"event_name":"Golden Idol","floor":11,"gold_loss":0},{"damage_healed":0,"gold_gain":0,"player_choice":"Relic","damage_taken":0,"max_hp_gain":0,"max_hp_loss":0,"event_name":"Wheel of Change","floor":14,"gold_loss":0}],"is_beta":true,"boss_relics":[],"items_purged_floors":[4],"is_endless":false,"potions_floor_spawned":[10,12,13],"killed_by":"Slime Boss","ascension_level":17}