{"gold_per_floor":[117,129,129,141,153,153,178,208,208,235,261,336,336,347,347,418,418,435,447,847,897,913,913,946,420,420,420,420,440,457,484,484,561,561,580,593,608,621,636,636,263,298,370,370,370,418,368,380,380,380,380,380,380,4,4],"floor_reached":55,"playtime":3217,"items_purged":[],"score":1894,"play_id":"ba11993e-88ca-40e7-9763-5b4f2c279584","local_time":"20190220230637","is_ascension_mode":true,"campfire_choices":[{"data":"Bash","floor":6.0,"key":"SMITH"},{"floor":15.0,"key":"REST"},{"floor":23.0,"key":"REST"},{"floor":28.0,"key":"REST"},{"data":"Demon Form","floor":32.0,"key":"SMITH"},{"data":"True Grit","floor":40.0,"key":"SMITH"},{"data":"Dual Wield","floor":45.0,"key":"SMITH"},{"floor":49.0,"key":"RECALL"},{"data":"Disarm","floor":53,"key":"SMITH"}],"neow_cost":"NONE","seed_source_timestamp":0,"circlet_count":0,"master_deck":["AscendersBane","Strike_R","Strike_R","Strike_R","Strike_R","Strike_R","Defend_R","Defend_R","Defend_R","Defend_R","Bash+1","Corruption","Cleave","Thunderclap","Disarm+1","Battle Trance","Shrug It Off","True Grit+1","Reaper","Sword Boomerang","Thunderclap+1","Inflame","Warcry","Demon Form+1","Dual Wield+1","Exhume","Power Through+1","Shrug It Off","Barricade","Shrug It Off","Dark Shackles"],"special_seed":0,"relics":["Burning Blood","Red Skull","Paper Frog","Singing Bowl","Bottled Lightning","Champion Belt","Odd Mushroom","Gambling Chip","Busted Crown","Old Coin","Mummified Hand","Shuriken","Bag of Marbles","Ornamental Fan","Boot","Philosopher\u0027s Stone","Centennial Puzzle","Potion Belt","Self Forming Clay","Pocketwatch","Happy Flower"],"potions_floor_usage":[50,50,50,55,55],"damage_taken":[{"damage":13.0,"enemies":"Cultist","floor":1.0,"turns":5.0},{"damage":11.0,"enemies":"2 Louse","floor":2.0,"turns":4.0},{"damage":8.0,"enemies":"Small Slimes","floor":4.0,"turns":4.0},{"damage":10.0,"enemies":"3 Louse","floor":5.0,"turns":2.0},{"damage":34.0,"enemies":"Gremlin Nob","floor":7.0,"turns":4.0},{"damage":21.0,"enemies":"Lagavulin","floor":10.0,"turns":6.0},{"damage":1.0,"enemies":"The Mushroom Lair","floor":11.0,"turns":3.0},{"damage":0.0,"enemies":"Gremlin Gang","floor":14.0,"turns":1.0},{"damage":9.0,"enemies":"The Guardian","floor":16.0,"turns":11.0},{"damage":29.0,"enemies":"Spheric Guardian","floor":18.0,"turns":7.0},{"damage":5.0,"enemies":"3 Byrds","floor":19.0,"turns":8.0},{"damage":25.0,"enemies":"Colosseum Slavers","floor":20.0,"turns":5.0},{"damage":69.0,"enemies":"Colosseum Nobs","floor":20.0,"turns":6.0},{"damage":23.0,"enemies":"Shelled Parasite and Fungi","floor":22.0,"turns":3.0},{"damage":37.0,"enemies":"Book of Stabbing","floor":24.0,"turns":6.0},{"damage":26.0,"enemies":"Chosen and Byrds","floor":29.0,"turns":7.0},{"damage":0.0,"enemies":"Cultist and Chosen","floor":30.0,"turns":3.0},{"damage":0.0,"enemies":"Gremlin Leader","floor":31.0,"turns":5.0},{"damage":71.0,"enemies":"Champ","floor":33.0,"turns":10.0},{"damage":11.0,"enemies":"Orb Walker","floor":35.0,"turns":4.0},{"damage":38.0,"enemies":"3 Shapes","floor":36.0,"turns":7.0},{"damage":22.0,"enemies":"Jaw Worm Horde","floor":37.0,"turns":5.0},{"damage":49.0,"enemies":"Spire Growth","floor":38.0,"turns":4.0},{"damage":16.0,"enemies":"Maw","floor":39.0,"turns":6.0},{"damage":47.0,"enemies":"Giant Head","floor":42.0,"turns":6.0},{"damage":3.0,"enemies":"2 Orb Walkers","floor":46.0,"turns":3.0},{"damage":29.0,"enemies":"4 Shapes","floor":48.0,"turns":5.0},{"damage":91,"enemies":"Donu and Deca","floor":50,"turns":9},{"damage":134,"enemies":"Time Eater","floor":51,"turns":15},{"damage":121,"enemies":"Shield and Spear","floor":55,"turns":5}],"seed_played":"-4344007431439908374","potions_obtained":[{"floor":1.0,"key":"Strength Potion"},{"floor":11.0,"key":"Strength Potion"},{"floor":14.0,"key":"Regen Potion"},{"floor":16.0,"key":"Regen Potion"},{"floor":22.0,"key":"Poison Potion"},{"floor":29.0,"key":"Swift Potion"},{"floor":30.0,"key":"Regen Potion"},{"floor":31.0,"key":"Poison Potion"},{"floor":36.0,"key":"EssenceOfSteel"},{"floor":37.0,"key":"Poison Potion"},{"floor":48.0,"key":"Swift Potion"}],"is_trial":false,"path_per_floor":["M","M","T","M","M","R","E","?","T","E","?","?","?","M","R","B",null,"M","M","?","?","M","R","E","$","T","?","R","M","M","E","R","B",null,"M","M","M","M","M","R","$","E","T","$","R","?","$","M","R","B","B",null,"R","$","E"],"character_chosen":"IRONCLAD","items_purchased":["Bag of Marbles","Ornamental Fan","Inflame","Centennial Puzzle","Shrug It Off","Barricade","Shrug It Off","Swift Potion","SkillPotion","Happy Flower","Dark Shackles"],"campfire_rested":3,"item_purchase_floors":[25,25,25,41,41,41,47,54,54,54,54],"current_hp_per_floor":[61,56,56,54,50,50,24,24,24,9,14,3,3,9,32,29,65,56,81,32,32,29,53,29,29,29,29,53,35,43,87,87,85,87,89,75,75,48,78,78,78,39,39,39,39,97,97,101,101,97,84,97,97,97,0],"gold":4,"neow_bonus":"RANDOM_COMMON_RELIC","is_prod":false,"is_daily":false,"chose_seed":false,"campfire_upgraded":5,"win_rate":0,"timestamp":1550721997,"path_taken":["M","M","?","?","M","R","E","?","T","E","?","?","?","M","R","BOSS","M","?","?","?","M","R","E","$","T","?","R","M","M","E","R","BOSS","M","M","M","?","M","R","?","E","T","$","R","?","$","M","R","BOSS","BOSS","R","$","E"],"build_version":"2019-02-06","purchased_purges":0,"victory":false,"max_hp_per_floor":[75,75,75,75,75,75,77,77,77,77,77,77,77,77,77,77,77,79,81,81,81,83,83,83,83,83,83,83,85,87,87,87,87,87,89,89,91,93,95,95,95,97,97,97,97,99,99,101,101,101,101,101,101,101,101],"card_choices":[{"not_picked":["Shockwave","Heavy Blade"],"picked":"Corruption","floor":1.0},{"not_picked":["Fire Breathing","Warcry"],"picked":"Cleave","floor":2.0},{"not_picked":["Headbutt","Heavy Blade"],"picked":"Thunderclap","floor":4.0},{"not_picked":["Fire Breathing","Perfected Strike"],"picked":"Disarm","floor":5.0},{"not_picked":["Dual Wield","Searing Blow","True Grit"],"picked":"Singing Bowl","floor":7.0},{"not_picked":["Exhume","Armaments"],"picked":"Battle Trance","floor":10.0},{"not_picked":["Second Wind","Flex"],"picked":"Shrug It Off","floor":11.0},{"not_picked":["Perfected Strike","Corruption"],"picked":"True Grit","floor":14.0},{"not_picked":["Berserk","Brutality"],"picked":"Reaper","floor":16.0},{"not_picked":["Twin Strike+1"],"picked":"Singing Bowl","floor":18.0},{"not_picked":["Heavy Blade"],"picked":"Singing Bowl","floor":19.0},{"not_picked":[],"picked":"Sword Boomerang","floor":20.0},{"not_picked":["Carnage"],"picked":"Singing Bowl","floor":22.0},{"not_picked":[],"picked":"Thunderclap+1","floor":24.0},{"not_picked":["Wild Strike"],"picked":"Singing Bowl","floor":29.0},{"not_picked":["Twin Strike"],"picked":"Singing Bowl","floor":30.0},{"not_picked":[],"picked":"Dual Wield","floor":31.0},{"not_picked":[],"picked":"Exhume","floor":33.0},{"not_picked":["Inflame"],"picked":"Singing Bowl","floor":35.0},{"not_picked":[],"picked":"Power Through+1","floor":36.0},{"not_picked":["Havoc"],"picked":"Singing Bowl","floor":37.0},{"not_picked":["Clash"],"picked":"Singing Bowl","floor":38.0},{"not_picked":["True Grit"],"picked":"Singing Bowl","floor":39.0},{"not_picked":["Rage"],"picked":"Singing Bowl","floor":42.0},{"not_picked":["Flex"],"picked":"Singing Bowl","floor":46.0},{"not_picked":["Thunderclap"],"picked":"Singing Bowl","floor":48.0}],"player_experience":955013,"relics_obtained":[{"floor":3.0,"key":"Paper Frog"},{"floor":7.0,"key":"Singing Bowl"},{"floor":9.0,"key":"Bottled Lightning"},{"floor":10.0,"key":"Champion Belt"},{"floor":11.0,"key":"Odd Mushroom"},{"floor":20.0,"key":"Old Coin"},{"floor":20.0,"key":"Mummified Hand"},{"floor":24.0,"key":"Shuriken"},{"floor":31.0,"key":"Boot"},{"floor":42.0,"key":"Potion Belt"},{"floor":43.0,"key":"Self Forming Clay"},{"floor":46.0,"key":"Pocketwatch"}],"event_choices":[{"damage_healed":0.0,"max_hp_gain":0.0,"max_hp_loss":0.0,"gold_gain":30.0,"event_name":"Dead Adventurer","player_choice":"Searched \u00272\u0027 times","floor":8.0,"gold_loss":0.0,"damage_taken":0.0},{"damage_healed":0.0,"max_hp_gain":0.0,"max_hp_loss":0.0,"gold_gain":0.0,"event_name":"Mushrooms","player_choice":"Fought Mushrooms","floor":11.0,"gold_loss":0.0,"damage_taken":0.0},{"damage_healed":0.0,"max_hp_gain":0.0,"max_hp_loss":0.0,"gold_gain":75.0,"event_name":"World of Goop","player_choice":"Gather Gold","floor":12.0,"gold_loss":0.0,"damage_taken":11.0},{"damage_healed":0.0,"max_hp_gain":0.0,"max_hp_loss":0.0,"gold_gain":0.0,"event_name":"WeMeetAgain","player_choice":"Gave Potion","floor":13.0,"gold_loss":0.0,"damage_taken":0.0,"relics_obtained":["Gambling Chip"]},{"damage_healed":0.0,"max_hp_gain":0.0,"max_hp_loss":0.0,"gold_gain":0.0,"event_name":"Colosseum","player_choice":"Fight","floor":20.0,"gold_loss":0.0,"damage_taken":0.0},{"damage_healed":0.0,"max_hp_gain":0.0,"max_hp_loss":0.0,"gold_gain":0.0,"event_name":"Colosseum","player_choice":"Fought Nobs","floor":20.0,"gold_loss":0.0,"damage_taken":0.0},{"damage_healed":0.0,"max_hp_gain":0.0,"max_hp_loss":0.0,"gold_gain":50.0,"event_name":"Nest","player_choice":"Stole From Cult","floor":21.0,"gold_loss":0.0,"damage_taken":0.0},{"damage_healed":0.0,"max_hp_gain":0.0,"max_hp_loss":0.0,"gold_gain":0.0,"event_name":"Match and Keep!","player_choice":"2 cards matched","floor":27.0,"gold_loss":0.0,"damage_taken":0.0,"cards_obtained":["Warcry","Demon Form"]},{"damage_healed":0.0,"max_hp_gain":0.0,"max_hp_loss":0.0,"gold_gain":0.0,"event_name":"Mysterious Sphere","player_choice":"Fight","floor":46.0,"gold_loss":0.0,"damage_taken":0.0}],"is_beta":true,"boss_relics":[{"not_picked":["Orrery","Eternal Feather"],"picked":"Busted Crown"},{"not_picked":["Velvet Choker","Sozu"],"picked":"Philosopher\u0027s Stone"}],"items_purged_floors":[],"is_endless":false,"potions_floor_spawned":[1,11,14,16,22,29,30,31,36,37,38,48],"killed_by":"Shield and Spear","ascension_level":20}