{"gold_per_floor":[112,287,304,304,304,329,329,363,389,406,416,427,439,439],"floor_reached":14,"playtime":315,"items_purged":[],"score":133,"play_id":"9097ee1f-e4e6-4a46-8b39-31458bbc66aa","local_time":"20190221060702","is_ascension_mode":true,"campfire_choices":[{"data":"Defragment","floor":7,"key":"SMITH"}],"neow_cost":"NONE","seed_source_timestamp":51387676154510,"circlet_count":0,"master_deck":["Strike_B","Strike_B","Strike_B","Strike_B","Defend_B","Defend_B","Defend_B","Defend_B","Zap","Dualcast","Defragment+1","Doubt","Defragment","Heatsinks"],"relics":["Cracked Core","NeowsBlessing","Bag of Preparation","Bottled Tornado","Turnip","Regal Pillow"],"potions_floor_usage":[12,13,13,14],"damage_taken":[{"damage":0,"enemies":"Small Slimes","floor":1,"turns":1},{"damage":0,"enemies":"Jaw Worm","floor":3,"turns":1},{"damage":0,"enemies":"Gremlin Nob","floor":6,"turns":1},{"damage":33,"enemies":"3 Sentries","floor":8,"turns":7},{"damage":17,"enemies":"2 Louse","floor":10,"turns":4},{"damage":14,"enemies":"Blue Slaver","floor":11,"turns":4},{"damage":0,"enemies":"Gremlin Gang","floor":12,"turns":3},{"damage":3,"enemies":"Large Slime","floor":13,"turns":6},{"damage":11,"enemies":"Exordium Wildlife","floor":14,"turns":1}],"seed_played":"-2531869219067486154","potions_obtained":[{"floor":10,"key":"Dexterity Potion"},{"floor":11,"key":"Explosive Potion"},{"floor":12,"key":"Block Potion"},{"floor":13,"key":"Swift Potion"}],"is_trial":false,"path_per_floor":["M","?","M","?","?","E","R","E","T","M","M","M","M","M"],"character_chosen":"DEFECT","items_purchased":[],"campfire_rested":0,"item_purchase_floors":[],"current_hp_per_floor":[75,75,75,80,73,73,73,40,40,23,9,9,6,0],"gold":439,"neow_bonus":"THREE_ENEMY_KILL","is_prod":false,"is_daily":false,"chose_seed":false,"campfire_upgraded":1,"win_rate":0,"timestamp":1550758022,"path_taken":["M","?","M","?","?","E","R","E","T","M","M","M","M","M"],"build_version":"2019-01-23","purchased_purges":0,"victory":false,"max_hp_per_floor":[75,75,75,80,80,80,80,80,80,80,80,80,80,80],"card_choices":[{"not_picked":["Go for the Eyes","Turbo"],"picked":"Defragment","floor":1},{"not_picked":["Cold Snap","Steam Power","Hologram"],"picked":"SKIP","floor":3},{"not_picked":["Go for the Eyes","Rebound","Hologram"],"picked":"SKIP","floor":6},{"not_picked":["Reboot","Compile Driver","FTL"],"picked":"SKIP","floor":8},{"not_picked":["Rebound","Beam Cell","Hologram"],"picked":"SKIP","floor":10},{"not_picked":["Blizzard","Barrage"],"picked":"Defragment","floor":11},{"not_picked":["Darkness","Blizzard"],"picked":"Heatsinks","floor":12},{"not_picked":["Turbo","Stack","Sweeping Beam"],"picked":"SKIP","floor":13}],"player_experience":265711,"relics_obtained":[{"floor":6,"key":"Bottled Tornado"},{"floor":8,"key":"Turnip"},{"floor":9,"key":"Regal Pillow"}],"event_choices":[{"damage_healed":0,"gold_gain":175,"player_choice":"AGREE","damage_taken":0,"max_hp_gain":0,"max_hp_loss":0,"event_name":"Liars Game","floor":2,"gold_loss":0,"cards_obtained":["Doubt"]},{"damage_healed":0,"gold_gain":0,"player_choice":"Donut","damage_taken":0,"max_hp_gain":5,"max_hp_loss":0,"event_name":"Big Fish","floor":4,"gold_loss":0},{"damage_healed":0,"gold_gain":0,"player_choice":"Success","damage_taken":7,"relics_obtained":["Bag of Preparation"],"max_hp_gain":0,"max_hp_loss":0,"event_name":"Scrap Ooze","floor":5,"gold_loss":0}],"is_beta":false,"boss_relics":[],"items_purged_floors":[],"is_endless":false,"potions_floor_spawned":[10,11,12,13],"killed_by":"Exordium Wildlife","ascension_level":1}