{"gold_per_floor":[117,3,3,52,52,52,92,105,128,45,85,85,160,175,175,175],"floor_reached":16,"playtime":555,"items_purged":["Strike_B"],"score":212,"play_id":"e7ba89ca-3f14-47d9-b754-6e753c228822","local_time":"20190324185848","is_ascension_mode":true,"campfire_choices":[{"data":"Zap","floor":6,"key":"SMITH"},{"floor":12,"key":"REST"},{"data":"Defragment","floor":15,"key":"SMITH"}],"neow_cost":"NONE","seed_source_timestamp":218019781041,"circlet_count":0,"master_deck":["AscendersBane","Strike_B","Strike_B","Strike_B","Defend_B","Defend_B","Defend_B","Defend_B","Zap+1","Dualcast","Glacier","Sunder","Steam","Defragment","Defragment+1","Gash","Cold Snap"],"relics":["Cracked Core","Boot","Regal Pillow","Golden Idol","Happy Flower","Bag of Marbles","Pen Nib"],"potions_floor_usage":[],"damage_taken":[{"damage":0,"enemies":"Cultist","floor":1,"turns":3},{"damage":27,"enemies":"Lagavulin","floor":7,"turns":7},{"damage":6,"enemies":"Small Slimes","floor":8,"turns":3},{"damage":3,"enemies":"3 Sentries","floor":11,"turns":10},{"damage":0,"enemies":"Jaw Worm","floor":14,"turns":2},{"damage":29,"enemies":"Hexaghost","floor":16,"turns":15}],"seed_played":"-7523541146119436250","potions_obtained":[{"floor":7,"key":"SpeedPotion"}],"is_trial":false,"path_per_floor":["M","$","$","T","?","R","E","M","T","$","E","R","?","M","R","B"],"character_chosen":"DEFECT","items_purchased":["Sunder","Defragment"],"campfire_rested":1,"item_purchase_floors":[2,10],"current_hp_per_floor":[64,64,64,64,40,40,13,7,7,7,4,40,29,29,29,0],"gold":175,"neow_bonus":"RANDOM_COMMON_RELIC","is_prod":false,"is_daily":false,"chose_seed":false,"campfire_upgraded":2,"win_rate":0,"timestamp":1553468328,"path_taken":["M","?","$","?","?","R","E","M","T","?","E","R","?","M","R","BOSS"],"build_version":"2019-03-15","purchased_purges":1,"victory":false,"max_hp_per_floor":[71,71,71,71,71,71,71,71,71,71,71,71,71,71,71,71],"card_choices":[{"not_picked":["Hologram","BootSequence"],"picked":"Glacier","floor":1},{"not_picked":["Heatsinks","Reprogram"],"picked":"Steam","floor":7},{"not_picked":["Leap","Static Discharge"],"picked":"Defragment","floor":8},{"not_picked":["Chill","Undo"],"picked":"Gash","floor":11},{"not_picked":["Chill","Sweeping Beam"],"picked":"Cold Snap","floor":14}],"player_experience":612765,"relics_obtained":[{"floor":4,"key":"Regal Pillow"},{"floor":7,"key":"Happy Flower"},{"floor":9,"key":"Bag of Marbles"},{"floor":11,"key":"Pen Nib"}],"event_choices":[{"damage_healed":0,"gold_gain":0,"player_choice":"Take Damage","damage_taken":24,"relics_obtained":["Golden Idol"],"max_hp_gain":0,"max_hp_loss":0,"event_name":"Golden Idol","floor":5,"gold_loss":0},{"damage_healed":0,"gold_gain":75,"player_choice":"Gather Gold","damage_taken":11,"max_hp_gain":0,"max_hp_loss":0,"event_name":"World of Goop","floor":13,"gold_loss":0}],"is_beta":true,"boss_relics":[],"items_purged_floors":[2],"is_endless":false,"potions_floor_spawned":[7],"killed_by":"Hexaghost","ascension_level":20}