{"gold_per_floor":[99,99,99,99,26,26,26,26,26,26,26,26,26,26,26,26,26,26,26,26,26,26,26,26,26,26,26,26,26,26,26,26,26],"floor_reached":33,"playtime":1782,"items_purged":[],"score":332,"play_id":"81c82860-0ef8-4d56-884f-c7ca4eb84d91","local_time":"20181108223849","is_ascension_mode":true,"campfire_choices":[{"data":"Sucker Punch","floor":6,"key":"SMITH"},{"floor":12,"key":"REST"},{"data":"Bouncing Flask","floor":15,"key":"SMITH"},{"data":"RitualDagger","floor":27,"key":"SMITH"},{"floor":32,"key":"REST"}],"neow_cost":"NONE","seed_source_timestamp":6578050874593,"circlet_count":0,"master_deck":["Defend_G","Defend_G","Defend_G","Defend_G","Survivor","Neutralize","Deadly Poison","PiercingWail","Flying Knee","Dagger Throw","Sucker Punch+1","Cloak And Dagger","Bouncing Flask+1","Heel Hook","Blade Dance","Flying Knee","After Image","Leg Sweep+1","Bite","Bite","Bite","Bite","Bite","Shame","Tactician+1","Sucker Punch","Predator","RitualDagger+1","Quick Slash","Quick Slash+1","Footwork+1"],"relics":["Ectoplasm","Bottled Lightning","Potion Belt","Pen Nib","Toxic Egg 2","White Beast Statue","Oddly Smooth Stone","Ninja Scroll","Old Coin"],"potions_floor_usage":[7,7,10,10,16,22,23,28,30,30,31,31],"damage_taken":[{"damage":0,"enemies":"Jaw Worm","floor":1,"turns":4},{"damage":0,"enemies":"2 Louse","floor":2,"turns":3},{"damage":0,"enemies":"Small Slimes","floor":3,"turns":4},{"damage":4,"enemies":"Blue Slaver","floor":4,"turns":3},{"damage":12,"enemies":"Lagavulin","floor":7,"turns":5},{"damage":11,"enemies":"Exordium Thugs","floor":8,"turns":4},{"damage":36,"enemies":"3 Sentries","floor":10,"turns":4},{"damage":0,"enemies":"2 Fungi Beasts","floor":14,"turns":2},{"damage":7,"enemies":"Hexaghost","floor":16,"turns":8},{"damage":12,"enemies":"Spheric Guardian","floor":18,"turns":4},{"damage":10,"enemies":"3 Byrds","floor":22,"turns":5},{"damage":31,"enemies":"Gremlin Leader","floor":23,"turns":11},{"damage":9,"enemies":"Centurion and Healer","floor":24,"turns":7},{"damage":6,"enemies":"Chosen and Byrds","floor":28,"turns":5},{"damage":8,"enemies":"3 Cultists","floor":30,"turns":5},{"damage":8,"enemies":"Shelled Parasite and Fungi","floor":31,"turns":4},{"damage":61,"enemies":"Collector","floor":33,"turns":7}],"seed_played":"-5778644752918166426","potions_obtained":[{"floor":1,"key":"AttackPotion"},{"floor":2,"key":"Regen Potion"},{"floor":4,"key":"Explosive Potion"},{"floor":8,"key":"SkillPotion"},{"floor":14,"key":"Swift Potion"},{"floor":16,"key":"Weak Potion"},{"floor":18,"key":"SkillPotion"},{"floor":22,"key":"Ancient Potion"},{"floor":23,"key":"Dexterity Potion"},{"floor":24,"key":"Block Potion"},{"floor":28,"key":"PowerPotion"},{"floor":30,"key":"Energy Potion"},{"floor":31,"key":"SpeedPotion"}],"is_trial":false,"path_per_floor":["M","M","M","M","$","R","E","M","T","E","?","R","T","M","R","B",null,"M","?","?","?","M","E","M","?","T","R","M","$","M","M","R","B"],"character_chosen":"THE_SILENT","items_purchased":["Sucker Punch","Cloak And Dagger"],"campfire_rested":2,"item_purchase_floors":[5,5],"current_hp_per_floor":[70,70,70,66,66,66,65,54,54,18,11,32,32,32,32,25,70,58,49,49,49,43,34,35,29,29,29,29,29,29,29,43,0],"gold":26,"neow_bonus":"BOSS_RELIC","is_prod":false,"is_daily":false,"chose_seed":false,"campfire_upgraded":3,"win_rate":0,"timestamp":1541734729,"path_taken":["M","M","M","M","$","R","E","M","T","E","?","R","?","M","R","BOSS","M","?","?","?","M","E","M","?","T","R","?","$","M","M","R","BOSS"],"build_version":"2018-11-07","purchased_purges":0,"victory":false,"max_hp_per_floor":[70,70,70,70,70,70,70,70,70,70,70,70,70,70,70,70,70,70,49,49,49,49,49,49,49,49,49,49,49,49,49,49,49],"card_choices":[{"not_picked":["Distraction","Acrobatics"],"picked":"Deadly Poison","floor":1},{"not_picked":["Heel Hook","Choke"],"picked":"PiercingWail","floor":2},{"not_picked":["Acrobatics","Dagger Throw"],"picked":"Flying Knee","floor":3},{"not_picked":["Sucker Punch","Eviscerate"],"picked":"Dagger Throw","floor":4},{"not_picked":["Dagger Throw","Venomology"],"picked":"Bouncing Flask","floor":7},{"not_picked":["Prepared","Escape Plan"],"picked":"Heel Hook","floor":8},{"not_picked":["Underhanded Strike","Deadly Poison"],"picked":"Blade Dance","floor":10},{"not_picked":["Concentrate+1","Underhanded Strike"],"picked":"Flying Knee","floor":14},{"not_picked":["A Thousand Cuts","Tools of the Trade"],"picked":"After Image","floor":16},{"not_picked":["Caltrops+1","Riddle With Holes"],"picked":"Leg Sweep+1","floor":18},{"not_picked":["Dagger Throw","Outmaneuver+1"],"picked":"Tactician+1","floor":22},{"not_picked":["Slice","Outmaneuver+1"],"picked":"Sucker Punch","floor":23},{"not_picked":["Distraction+1","Setup+1"],"picked":"Predator","floor":24},{"not_picked":["Slice","Dagger Throw"],"picked":"Quick Slash","floor":28},{"not_picked":["Cloak And Dagger+1","Distraction+1"],"picked":"Quick Slash+1","floor":30},{"not_picked":["Tactician+1","Riddle With Holes+1"],"picked":"Footwork+1","floor":31}],"player_experience":103258,"relics_obtained":[{"floor":7,"key":"Bottled Lightning"},{"floor":9,"key":"Potion Belt"},{"floor":10,"key":"Pen Nib"},{"floor":13,"key":"Toxic Egg 2"},{"floor":23,"key":"Ninja Scroll"},{"floor":26,"key":"Old Coin"}],"event_choices":[{"cards_removed":["Strike_G"],"damage_healed":0,"gold_gain":0,"player_choice":"Card Removal","damage_taken":7,"max_hp_gain":0,"max_hp_loss":0,"event_name":"Golden Wing","floor":11,"gold_loss":0},{"damage_healed":0,"gold_gain":0,"player_choice":"Became a vampire","damage_taken":0,"max_hp_gain":0,"max_hp_loss":21,"event_name":"Vampires","floor":19,"gold_loss":0,"cards_obtained":["Bite","Bite","Bite","Bite","Bite"]},{"cards_removed":["Defend_G"],"damage_healed":0,"gold_gain":0,"player_choice":"Elegance","damage_taken":0,"max_hp_gain":0,"max_hp_loss":0,"event_name":"Back to Basics","floor":20,"gold_loss":0},{"damage_healed":0,"gold_gain":0,"player_choice":"Stole Relic","damage_taken":0,"relics_obtained":["Oddly Smooth Stone"],"max_hp_gain":0,"max_hp_loss":0,"event_name":"Addict","floor":21,"gold_loss":0,"cards_obtained":["Shame"]},{"damage_healed":0,"gold_gain":0,"player_choice":"Joined the Cult","damage_taken":6,"max_hp_gain":0,"max_hp_loss":0,"event_name":"Nest","floor":25,"gold_loss":0,"cards_obtained":["RitualDagger"]}],"is_beta":true,"boss_relics":[{"not_picked":["Runic Pyramid","Orrery"],"picked":"White Beast Statue"}],"items_purged_floors":[],"is_endless":false,"potions_floor_spawned":[1,2,4,8,14,16,18,22,23,24,28,30,31],"killed_by":"Collector","ascension_level":2}