{"gold_per_floor":[110,110,110,20,20,61,61,79,79,4,29,29,48,48],"floor_reached":14,"playtime":272,"items_purged":["Regret"],"score":226,"play_id":"eaf65cb9-bdcb-4b3e-a3cc-013918dcd041","local_time":"20181016190859","is_ascension_mode":true,"campfire_choices":[{"data":"Zap","floor":7.0,"key":"SMITH"}],"neow_cost":"NONE","seed_source_timestamp":433866348428805,"circlet_count":0,"master_deck":["Strike_B","Strike_B","Strike_B","Strike_B","Defend_B","Defend_B","Defend_B","Defend_B","Zap+1","Dualcast","AscendersBane","Rebound","Capacitor","Barrage","Go for the Eyes"],"special_seed":0,"relics":["Cracked Core","NeowsBlessing","Golden Idol","Juzu Bracelet","Ancient Tea Set","Ornamental Fan","Cables"],"potions_floor_usage":[14],"damage_taken":[{"damage":0.0,"enemies":"Small Slimes","floor":1.0,"turns":1.0},{"damage":0.0,"enemies":"3 Sentries","floor":6.0,"turns":1.0},{"damage":0.0,"enemies":"Jaw Worm","floor":8.0,"turns":1.0},{"damage":9.0,"enemies":"2 Louse","floor":11.0,"turns":4.0},{"damage":2.0,"enemies":"2 Fungi Beasts","floor":13.0,"turns":3.0},{"damage":23,"enemies":"Exordium Wildlife","floor":14,"turns":4}],"seed_played":"-8826147366298382503","potions_obtained":[{"floor":1.0,"key":"Dexterity Potion"},{"floor":13.0,"key":"LiquidBronze"}],"is_trial":false,"path_per_floor":["M","?","?","$","?","E","R","M","T","$","M","?","M"],"character_chosen":"DEFECT","items_purchased":["Capacitor"],"campfire_rested":0,"item_purchase_floors":[4],"current_hp_per_floor":[64,40,35,35,35,35,35,35,35,35,26,26,24,1],"gold":48,"neow_bonus":"THREE_ENEMY_KILL","is_prod":false,"is_daily":false,"chose_seed":false,"campfire_upgraded":1,"win_rate":0,"timestamp":1539731339,"path_taken":["M","?","?","?","?","E","R","M","T","$","M","?","M","M"],"build_version":"2018-10-11","purchased_purges":1,"victory":false,"max_hp_per_floor":[71,71,71,71,71,71,71,71,71,71,71,71,71,71],"card_choices":[{"not_picked":["Redo","Stack"],"picked":"Rebound","floor":1.0},{"not_picked":["Hologram","Coolheaded"],"picked":"Barrage","floor":6.0},{"not_picked":["Fusion","Hologram","Redo"],"picked":"SKIP","floor":8.0},{"not_picked":["Self Repair","Skim"],"picked":"Go for the Eyes","floor":11.0},{"not_picked":["Double Energy","Gash","Rebound"],"picked":"SKIP","floor":13.0},{"not_picked":["Double Energy","Gash","Rebound"],"picked":"SKIP","floor":13.0}],"player_experience":969797,"relics_obtained":[{"floor":6.0,"key":"Ornamental Fan"},{"floor":9.0,"key":"Cables"}],"event_choices":[{"event_name":"Golden Idol","player_choice":"Take Damage","floor":2.0,"damage_taken":0.0},{"event_name":"Scrap Ooze","player_choice":"success","floor":3.0,"damage_taken":5.0},{"event_name":"Big Fish","player_choice":"Box","floor":5.0,"damage_taken":0.0},{"event_name":"Liars Game","player_choice":"disagreed","floor":12.0,"damage_taken":0.0}],"is_beta":false,"boss_relics":[],"items_purged_floors":[10],"is_endless":false,"potions_floor_spawned":[1,13],"killed_by":"Exordium Wildlife","ascension_level":20}