{"gold_per_floor":[117,87,166,178,8,8,28,28,28,53,78,78,110,135,135,212,212,227,73,73,91,91,123,135,67,121,121,121,21,39,39,39,118,118,135,151,151,151,168,199,215,215,241,241,267,100,100,100,100,100,100],"floor_reached":52,"playtime":3325,"items_purged":["Strike_B","Strike_B","Defend_B","Strike_B"],"score":1855,"play_id":"839e59f0-8231-4cbb-80c8-2dd46bc753a4","local_time":"20181003234044","is_ascension_mode":true,"campfire_choices":[{"data":"Streamline","floor":6.0,"key":"SMITH"},{"data":"Cold Snap","floor":8.0,"key":"SMITH"},{"data":"Glacier","floor":12.0,"key":"SMITH"},{"data":"Double Energy","floor":15.0,"key":"SMITH"},{"floor":24.0,"key":"REST"},{"data":"Defragment","floor":27.0,"key":"SMITH"},{"data":"Loop","floor":32.0,"key":"SMITH"},{"data":"Buffer","floor":42,"key":"SMITH"},{"data":"Capacitor","floor":44,"key":"SMITH"},{"data":"Dualcast","floor":47,"key":"SMITH"},{"floor":49,"key":"REST"}],"neow_cost":"NONE","seed_source_timestamp":23494391200603,"circlet_count":0,"master_deck":["Strike_B","Defend_B","Defend_B","Zap","Dualcast+1","AscendersBane","Streamline+1","Double Energy+1","Cold Snap+1","Glacier+1","Buffer+1","Leap+1","Loop+1","Defragment+1","Glacier","Undo","Necronomicurse","Gash+1","Capacitor+1","Core Surge","Gash"],"special_seed":0,"relics":["Cracked Core","Bronze Scales","DataDisk","WingedGreaves","Bottled Lightning","The Courier","Bag of Preparation","Velvet Choker","MawBank","PreservedInsect","Necronomicon","Runic Pyramid","Bag of Marbles","Regal Pillow","Bottled Tornado"],"potions_floor_usage":[36,40,50,51],"damage_taken":[{"damage":6.0,"enemies":"2 Louse","floor":1.0,"turns":1.0},{"damage":0.0,"enemies":"Cultist","floor":4.0,"turns":3.0},{"damage":1.0,"enemies":"Small Slimes","floor":7.0,"turns":2.0},{"damage":2.0,"enemies":"Lagavulin","floor":10.0,"turns":7.0},{"damage":12.0,"enemies":"3 Sentries","floor":11.0,"turns":5.0},{"damage":2.0,"enemies":"Lagavulin","floor":13.0,"turns":9.0},{"damage":2.0,"enemies":"The Guardian","floor":16.0,"turns":13.0},{"damage":0.0,"enemies":"Chosen","floor":18.0,"turns":4.0},{"damage":0.0,"enemies":"Shell Parasite","floor":21.0,"turns":6.0},{"damage":28.0,"enemies":"Book of Stabbing","floor":23.0,"turns":6.0},{"damage":0.0,"enemies":"Centurion and Healer","floor":30.0,"turns":9.0},{"damage":33.0,"enemies":"Collector","floor":33.0,"turns":21.0},{"damage":0.0,"enemies":"3 Shapes","floor":35.0,"turns":4.0},{"damage":11,"enemies":"3 Darklings","floor":36,"turns":9},{"damage":8,"enemies":"Sphere and 2 Shapes","floor":39,"turns":6},{"damage":8,"enemies":"2 Orb Walkers","floor":40,"turns":6},{"damage":0,"enemies":"4 Shapes","floor":41,"turns":7},{"damage":0,"enemies":"Giant Head","floor":45,"turns":10},{"damage":36,"enemies":"Awakened One","floor":50,"turns":32},{"damage":4,"enemies":"Donu and Deca","floor":51,"turns":20}],"seed_played":"-1803850619150874821","potions_obtained":[{"floor":2.0,"key":"SneckoOil"},{"floor":2.0,"key":"Block Potion"},{"floor":7.0,"key":"Fire Potion"},{"floor":10.0,"key":"Ancient Potion"},{"floor":21.0,"key":"Dexterity Potion"},{"floor":23.0,"key":"GamblersBrew"},{"floor":33.0,"key":"Dexterity Potion"},{"floor":36,"key":"Dexterity Potion"},{"floor":39,"key":"GamblersBrew"},{"floor":40,"key":"LiquidBronze"}],"is_trial":false,"path_per_floor":["M","?","?","M","$","R","M","R","T","E","E","R","E","T","R","B",null,"M","$","?","M","?","E","R","$","T","R","?","$","M","?","R","B",null,"M","M","?","?","M","E","M","R","T","R","E","$","R","$","R","B","B"],"character_chosen":"DEFECT","items_purchased":["DataDisk","Loop","Defragment","Gash"],"campfire_rested":2,"item_purchase_floors":[5,19,19,46],"current_hp_per_floor":[58,58,58,58,58,58,57,57,57,55,43,43,41,41,41,39,63,63,63,63,63,43,15,37,37,37,37,86,86,86,65,65,32,73,73,62,62,62,54,46,46,46,46,46,46,46,46,46,82,46,42],"gold":100,"neow_bonus":"RANDOM_COMMON_RELIC","is_prod":false,"is_daily":false,"chose_seed":false,"campfire_upgraded":9,"win_rate":0,"timestamp":1538624444,"path_taken":["M","?","?","?","?","R","M","R","T","E","E","R","E","?","R","BOSS","M","$","?","?","?","E","R","$","T","R","?","?","M","?","R","BOSS","M","M","?","?","M","E","M","R","T","R","E","$","R","?","R","BOSS","BOSS"],"build_version":"2018-09-27","purchased_purges":4,"victory":true,"max_hp_per_floor":[71,71,71,71,71,71,71,71,71,71,71,71,71,71,71,71,71,71,71,71,71,76,76,76,76,76,76,86,86,86,86,86,86,86,86,86,82,82,82,82,82,82,82,82,82,82,82,82,82,82,82],"card_choices":[{"not_picked":["Beam Cell","Redo"],"picked":"Streamline","floor":1.0},{"not_picked":["Gash","Blizzard"],"picked":"Double Energy","floor":4.0},{"not_picked":["Scrape","Hello World"],"picked":"Cold Snap","floor":7.0},{"not_picked":["Redo","Lockon","Reprogram"],"picked":"SKIP","floor":10.0},{"not_picked":["Leap","Steam"],"picked":"Glacier","floor":11.0},{"not_picked":["Reprogram","Darkness"],"picked":"Creative AI","floor":13.0},{"not_picked":["Reboot","Machine Learning"],"picked":"Buffer","floor":16.0},{"not_picked":["Coolheaded","Blizzard"],"picked":"Leap+1","floor":18.0},{"not_picked":["Turbo","Steam Power","Beam Cell"],"picked":"SKIP","floor":21.0},{"not_picked":["Amplify","Redo","Rip and Tear"],"picked":"SKIP","floor":23.0},{"not_picked":["Gash","Leap"],"picked":"Undo","floor":30.0},{"not_picked":["Sweeping Beam","Compile Driver+1"],"picked":"Gash+1","floor":35.0},{"not_picked":["Melter","Rip and Tear","Turbo"],"picked":"SKIP","floor":36},{"not_picked":["Reprogram","Reboot","Rebound+1"],"picked":"SKIP","floor":39},{"not_picked":["Redo","Go for the Eyes+1"],"picked":"Capacitor","floor":40},{"not_picked":["Beam Cell+1","Self Repair","Redo+1"],"picked":"SKIP","floor":41},{"not_picked":["Sweeping Beam","BootSequence"],"picked":"Core Surge","floor":45}],"player_experience":917297,"relics_obtained":[{"floor":9.0,"key":"WingedGreaves"},{"floor":10.0,"key":"Bottled Lightning"},{"floor":13.0,"key":"The Courier"},{"floor":14.0,"key":"Bag of Preparation"},{"floor":23.0,"key":"MawBank"},{"floor":26.0,"key":"PreservedInsect"},{"floor":31.0,"key":"Necronomicon"},{"floor":40,"key":"Bag of Marbles"},{"floor":43,"key":"Regal Pillow"},{"floor":45,"key":"Bottled Tornado"}],"event_choices":[{"event_name":"The Woman in Blue","player_choice":"Bought 2 Potions","floor":2.0,"damage_taken":0.0},{"event_name":"Golden Wing","player_choice":"Gained Gold","floor":3.0,"damage_taken":0.0},{"event_name":"The Library","player_choice":"Read","floor":20.0,"damage_taken":0.0},{"event_name":"Forgotten Altar","player_choice":"Shed Blood","floor":22.0,"damage_taken":0.0},{"event_name":"Bonfire Elementals","player_choice":"RARE","floor":28.0,"damage_taken":0.0},{"event_name":"Cursed Tome","player_choice":"Obtained Book","floor":31.0,"damage_taken":0.0},{"event_name":"Winding Halls","player_choice":"Max HP","floor":37,"damage_taken":0},{"event_name":"Falling","player_choice":"Removed Skill","floor":38,"damage_taken":0}],"is_beta":false,"boss_relics":[{"not_picked":["Lizard Tail","Coffee Dripper"],"picked":"Velvet Choker"},{"not_picked":["Calling Bell","Eternal Feather"],"picked":"Runic Pyramid"}],"items_purged_floors":[19,25,29,46],"is_endless":false,"potions_floor_spawned":[7,10,11,21,23,33,36,39,40],"ascension_level":20}