{"gold_per_floor":[119,119,139,64,78,78,3,3,3,3,15,15,70,101,101,205,205,221,221,221,233,243,243,257,270,348,366,377,393,393],"floor_reached":30,"playtime":919,"items_purged":["Strike_G"],"score":272,"play_id":"5a36fff0-685a-4ff0-b160-a637d63232e5","local_time":"20190306044338","is_ascension_mode":true,"campfire_choices":[{"data":"Bane","floor":6,"key":"SMITH"},{"data":"Noxious Fumes","floor":8,"key":"SMITH"},{"data":"Bouncing Flask","floor":10,"key":"SMITH"},{"floor":15,"key":"REST"},{"data":"Venomology","floor":23,"key":"SMITH"}],"neow_cost":"NONE","seed_source_timestamp":45782010584408,"circlet_count":0,"master_deck":["Defend_G","Defend_G","Defend_G","Survivor","Neutralize+1","Bouncing Flask+1","Poisoned Stab","Dagger Throw","Bane+1","Noxious Fumes+1","Corpse Explosion","Dash+1","Catalyst+1","Prepared+1","Venomology+1","Infinite Blades","Poisoned Stab+1","Crippling Poison+1","Noxious Fumes","Envenom"],"relics":["Ring of the Snake","Oddly Smooth Stone","Vajra","Tough Bandages","Astrolabe","Letter Opener"],"potions_floor_usage":[5,18,24,24,24,25,28,28,28,28,29,29,30,30],"damage_taken":[{"damage":1,"enemies":"Cultist","floor":1,"turns":4},{"damage":0,"enemies":"2 Louse","floor":3,"turns":2},{"damage":5,"enemies":"Small Slimes","floor":5,"turns":2},{"damage":4,"enemies":"3 Louse","floor":11,"turns":3},{"damage":16,"enemies":"Gremlin Nob","floor":13,"turns":4},{"damage":22,"enemies":"Lagavulin","floor":14,"turns":4},{"damage":15,"enemies":"Slime Boss","floor":16,"turns":7},{"damage":0,"enemies":"Chosen","floor":18,"turns":2},{"damage":12,"enemies":"3 Byrds","floor":21,"turns":3},{"damage":18,"enemies":"Snake Plant","floor":22,"turns":3},{"damage":0,"enemies":"Snecko","floor":24,"turns":2},{"damage":14,"enemies":"Centurion and Healer","floor":25,"turns":3},{"damage":12,"enemies":"Shelled Parasite and Fungi","floor":27,"turns":3},{"damage":0,"enemies":"Chosen and Byrds","floor":28,"turns":3},{"damage":6,"enemies":"Snake Plant","floor":29,"turns":3},{"damage":9,"enemies":"Centurion and Healer","floor":30,"turns":1}],"seed_played":"-7130758415520619947","potions_obtained":[{"floor":1,"key":"AttackPotion"},{"floor":13,"key":"Dexterity Potion"},{"floor":16,"key":"Block Potion"},{"floor":21,"key":"FearPotion"},{"floor":24,"key":"GamblersBrew"},{"floor":29,"key":"Explosive Potion"}],"is_trial":false,"path_per_floor":["M","?","M","$","M","R","$","R","T","R","M","$","?","E","R","B",null,"M","?","?","M","M","R","M","M","T","M","M","M","M"],"character_chosen":"THE_SILENT","items_purchased":["Noxious Fumes"],"campfire_rested":1,"item_purchase_floors":[7],"current_hp_per_floor":[69,69,69,69,64,64,64,64,64,64,60,60,44,22,43,28,70,70,70,70,58,40,40,40,26,26,14,14,8,0],"gold":393,"neow_bonus":"THREE_CARDS","is_prod":false,"is_daily":false,"chose_seed":false,"campfire_upgraded":4,"win_rate":0,"timestamp":1551876218,"path_taken":["M","?","M","$","?","R","$","R","T","R","M","?","?","E","R","BOSS","M","?","?","M","M","R","M","M","T","M","?","?","M"],"build_version":"2019-01-23","purchased_purges":1,"victory":false,"max_hp_per_floor":[70,70,70,70,70,70,70,70,70,70,70,70,70,70,70,70,70,70,70,70,70,70,70,70,70,70,70,70,70,70],"card_choices":[{"not_picked":["Dodge and Roll","Well Laid Plans"],"picked":"Bouncing Flask","floor":0},{"not_picked":["Predator","Deadly Poison"],"picked":"Poisoned Stab","floor":1},{"not_picked":["Well Laid Plans","Quick Slash"],"picked":"Dagger Throw","floor":3},{"not_picked":["Slice","Heel Hook"],"picked":"Bane","floor":5},{"not_picked":["Prepared","Backflip","Acrobatics"],"picked":"SKIP","floor":11},{"not_picked":["Dagger Throw","All Out Attack","Phantasmal Killer"],"picked":"SKIP","floor":14},{"not_picked":["Doppelganger","Night Terror"],"picked":"Corpse Explosion","floor":16},{"not_picked":["Slice","Backflip","Calculated Gamble+1"],"picked":"SKIP","floor":18},{"not_picked":["Endless Agony+1","Quick Slash","Flying Knee+1"],"picked":"SKIP","floor":21},{"not_picked":["Heel Hook+1","Dodge and Roll"],"picked":"Poisoned Stab+1","floor":22},{"not_picked":["Sucker Punch","Choke+1","Slice+1"],"picked":"SKIP","floor":24},{"not_picked":["Backflip","Deadly Poison"],"picked":"Crippling Poison+1","floor":25},{"not_picked":["Poisoned Stab","Finisher"],"picked":"Noxious Fumes","floor":27},{"not_picked":["Deflect","Bane"],"picked":"Envenom","floor":28},{"not_picked":["All Out Attack","Deflect","Prepared"],"picked":"SKIP","floor":29}],"player_experience":310162,"relics_obtained":[{"floor":9,"key":"Oddly Smooth Stone"},{"floor":13,"key":"Vajra"},{"floor":14,"key":"Tough Bandages"},{"floor":26,"key":"Letter Opener"}],"event_choices":[{"damage_healed":0,"gold_gain":0,"player_choice":"Forge","damage_taken":0,"max_hp_gain":0,"max_hp_loss":0,"event_name":"Accursed Blacksmith","floor":2,"gold_loss":0,"cards_upgraded":["Neutralize"]},{"damage_healed":0,"gold_gain":0,"player_choice":"Searched \u00271\u0027 times","damage_taken":0,"max_hp_gain":0,"max_hp_loss":0,"event_name":"Dead Adventurer","floor":13,"gold_loss":0},{"damage_healed":0,"gold_gain":0,"cards_transformed":["Defend_G","Strike_G"],"player_choice":"Became Test Subject","damage_taken":0,"max_hp_gain":0,"max_hp_loss":0,"event_name":"Drug Dealer","floor":19,"gold_loss":0,"cards_obtained":["Venomology","Infinite Blades"]},{"cards_removed":["Strike_G"],"damage_healed":0,"gold_gain":0,"player_choice":"Purged","damage_taken":0,"max_hp_gain":0,"max_hp_loss":0,"event_name":"Purifier","floor":20,"gold_loss":0}],"is_beta":false,"boss_relics":[{"not_picked":["Ectoplasm","Runic Pyramid"],"picked":"Astrolabe"}],"items_purged_floors":[4],"is_endless":false,"potions_floor_spawned":[1,13,16,21,22,24,29],"killed_by":"Centurion and Healer","ascension_level":1}