{"gold_per_floor":[116,81,100,100,110,110,136,164,238,266,266,266,29,58,58,130,130,141,191,210,125,137,149],"floor_reached":23,"playtime":1029,"items_purged":["Strike_R"],"score":410,"play_id":"345b75d0-e336-4eaa-9338-eb2393e96e3d","local_time":"20190325195707","is_ascension_mode":true,"campfire_choices":[{"data":"Bash","floor":6.0,"key":"SMITH"},{"data":"True Grit","floor":11.0,"key":"SMITH"},{"floor":15.0,"key":"REST"}],"neow_cost":"PERCENT_DAMAGE","seed_source_timestamp":1092200955299120,"circlet_count":0,"master_deck":["AscendersBane","Strike_R+1","Strike_R","Strike_R","Strike_R+1","Defend_R","Defend_R","Defend_R","Defend_R","Bash+1","True Grit+1","Battle Trance","Anger","Inflame","Battle Trance","Limit Break","Evolve+1","Demon Form+1","Iron Wave+1","Havoc+1"],"special_seed":0,"relics":["Burning Blood","Bird Faced Urn","Odd Mushroom","Bag of Marbles","Whetstone","Kunai","Bag of Preparation","Frozen Egg 2","Coffee Dripper","MawBank"],"potions_floor_usage":[],"damage_taken":[{"damage":16.0,"enemies":"Jaw Worm","floor":1.0,"turns":4.0},{"damage":11.0,"enemies":"2 Louse","floor":3.0,"turns":4.0},{"damage":1.0,"enemies":"Small Slimes","floor":5.0,"turns":4.0},{"damage":13.0,"enemies":"The Mushroom Lair","floor":7.0,"turns":5.0},{"damage":11.0,"enemies":"Gremlin Nob","floor":8.0,"turns":3.0},{"damage":13.0,"enemies":"Lagavulin","floor":10.0,"turns":5.0},{"damage":14.0,"enemies":"3 Sentries","floor":14.0,"turns":6.0},{"damage":22.0,"enemies":"Slime Boss","floor":16.0,"turns":5.0},{"damage":21.0,"enemies":"Spheric Guardian","floor":18.0,"turns":4.0},{"damage":18,"enemies":"3 Byrds","floor":20,"turns":6},{"damage":28,"enemies":"Book of Stabbing","floor":23,"turns":4}],"seed_played":"-2118035270191480875","potions_obtained":[{"floor":1.0,"key":"Explosive Potion"},{"floor":5.0,"key":"SkillPotion"},{"floor":8.0,"key":"Weak Potion"},{"floor":10.0,"key":"SpeedPotion"},{"floor":14.0,"key":"SkillPotion"}],"is_trial":false,"path_per_floor":["M","?","M","?","M","R","?","E","T","E","R","?","$","E","R","B",null,"M","?","M","?","?","E"],"character_chosen":"IRONCLAD","items_purchased":["Bag of Preparation"],"campfire_rested":1,"item_purchase_floors":[13],"current_hp_per_floor":[40,58,53,58,63,63,56,51,51,46,46,28,28,22,46,34,69,60,52,46,46,46,20],"gold":149,"neow_bonus":"ONE_RARE_RELIC","is_prod":false,"is_daily":false,"chose_seed":false,"campfire_upgraded":2,"win_rate":0,"timestamp":1553558227,"path_taken":["M","?","M","?","M","R","?","E","T","E","R","?","$","E","R","BOSS","M","?","?","?","?","E"],"build_version":"2019-03-15","purchased_purges":1,"victory":false,"max_hp_per_floor":[75,75,75,80,80,80,80,80,80,80,80,80,80,80,80,80,80,80,80,80,80,80,80],"card_choices":[{"not_picked":["Thunderclap","Wild Strike"],"picked":"True Grit","floor":1.0},{"not_picked":["Intimidate","Armaments"],"picked":"Battle Trance","floor":3.0},{"not_picked":["Evolve","Rage"],"picked":"Anger","floor":5.0},{"not_picked":["Body Slam","Perfected Strike"],"picked":"Inflame","floor":7.0},{"not_picked":["Intimidate","Iron Wave"],"picked":"Battle Trance","floor":8.0},{"not_picked":["Wild Strike","Shrug It Off"],"picked":"Limit Break","floor":10.0},{"not_picked":["Combust","Armaments"],"picked":"Evolve","floor":14.0},{"not_picked":["Bludgeon","Fiend Fire"],"picked":"Demon Form+1","floor":16.0},{"not_picked":["Inflame+1","Havoc"],"picked":"Iron Wave+1","floor":18.0},{"not_picked":["Twin Strike","Uppercut"],"picked":"Havoc+1","floor":20}],"player_experience":1268809,"relics_obtained":[{"floor":7.0,"key":"Odd Mushroom"},{"floor":8.0,"key":"Bag of Marbles"},{"floor":10.0,"key":"Whetstone"},{"floor":14.0,"key":"Frozen Egg 2"}],"event_choices":[{"damage_healed":18.0,"max_hp_gain":0.0,"max_hp_loss":0.0,"gold_gain":0.0,"event_name":"The Cleric","player_choice":"Healed","floor":2.0,"gold_loss":35.0,"damage_taken":0.0},{"damage_healed":0.0,"max_hp_gain":5.0,"max_hp_loss":0.0,"gold_gain":0.0,"event_name":"Big Fish","player_choice":"Donut","floor":4.0,"gold_loss":0.0,"damage_taken":0.0},{"damage_healed":0.0,"max_hp_gain":0.0,"max_hp_loss":0.0,"gold_gain":0.0,"event_name":"Mushrooms","player_choice":"Fought Mushrooms","floor":7.0,"gold_loss":0.0,"damage_taken":0.0},{"damage_healed":0.0,"max_hp_gain":0.0,"max_hp_loss":0.0,"gold_gain":0.0,"event_name":"Scrap Ooze","player_choice":"Success","floor":12.0,"gold_loss":0.0,"damage_taken":18.0,"relics_obtained":["Kunai"]},{"damage_healed":0,"gold_gain":50,"player_choice":"Touch","damage_taken":8,"max_hp_gain":0,"max_hp_loss":0,"event_name":"FaceTrader","floor":19,"gold_loss":0},{"damage_healed":0,"gold_gain":0,"player_choice":"Obtained Relic","damage_taken":0,"relics_obtained":["MawBank"],"max_hp_gain":0,"max_hp_loss":0,"event_name":"Addict","floor":21,"gold_loss":85},{"damage_healed":0,"gold_gain":0,"player_choice":"Ignored","damage_taken":0,"max_hp_gain":0,"max_hp_loss":0,"event_name":"Vampires","floor":22,"gold_loss":0}],"is_beta":true,"boss_relics":[{"not_picked":["Velvet Choker","Mark of Pain"],"picked":"Coffee Dripper"}],"items_purged_floors":[13],"is_endless":false,"potions_floor_spawned":[1,5,8,10,14],"killed_by":"Book of Stabbing","ascension_level":20}