{"path_per_floor":["M","?","?","M","M","E","R","$","T","M","$","M","M","M","R","B",null,"M","?","M","?","$","E","M"],"character_chosen":"THE_SILENT","items_purchased":["Dagger Spray","Dagger Throw","Noxious Fumes","Cloak And Dagger","Well Laid Plans"],"gold_per_floor":[111,111,111,126,146,177,177,125,125,149,52,68,89,109,109,233,233,257,257,243,243,121,152,171,171],"floor_reached":25,"campfire_rested":1,"playtime":1240,"current_hp_per_floor":[70,70,53,53,53,35,35,35,35,32,32,24,17,9,30,14,70,55,55,30,30,30,27,12,0],"items_purged":[],"gold":171,"score":251,"play_id":"0f6551b2-0999-4329-9e85-a45ae0e6b8ba","local_time":"20180330063637","is_prod":false,"is_daily":false,"is_ascension_mode":false,"campfire_upgraded":1,"timestamp":1522416997,"path_taken":["M","?","?","M","M","E","R","?","T","M","$","M","M","M","R","BOSS","M","?","M","?","$","E","M","?"],"build_version":"2018-03-29v2","purchased_purges":0,"victory":false,"master_deck":["Defend_G","Defend_G","Defend_G","Defend_G","Defend_G","Strike_G","Strike_G","Strike_G","Strike_G","Strike_G","Survivor","Neutralize+1","Dagger Throw","Dagger Throw","Dodge and Roll","Caltrops+1","Dagger Spray+1","Dagger Throw","Dagger Throw","Noxious Fumes","Poisoned Stab","A Thousand Cuts","Dash","Cloak And Dagger","Cloak And Dagger","Well Laid Plans","Dodge and Roll","Noxious Fumes"],"max_hp_per_floor":[70,70,70,70,70,70,70,70,70,70,70,70,70,70,70,70,70,70,70,70,70,70,70,70,70],"relics":["Ring of the Snake","Golden Idol","Bag of Preparation","Shovel","Lizard Tail","Bottled Lightning"],"card_choices":[{"not_picked":["Catalyst","Calculated Gamble"],"picked":"Dagger Throw","floor":1},{"not_picked":["PiercingWail","Bouncing Flask"],"picked":"Dagger Throw","floor":4},{"not_picked":["Poisoned Stab","Bane"],"picked":"Dodge and Roll","floor":5},{"not_picked":["Bullet Time","Quick Slash"],"picked":"Caltrops","floor":6},{"not_picked":["Cloak And Dagger","Malaise"],"picked":"Dagger Throw","floor":10},{"not_picked":["Predator","Bouncing Flask"],"picked":"Dagger Throw","floor":13},{"not_picked":["Calculated Gamble","Prepared"],"picked":"Poisoned Stab","floor":14},{"not_picked":["Night Terror","Bullet Time"],"picked":"A Thousand Cuts","floor":16},{"not_picked":["PiercingWail","Acrobatics"],"picked":"Dash","floor":18},{"not_picked":["Slice","Predator"],"picked":"Cloak And Dagger","floor":20},{"not_picked":["Malaise","Deadly Poison"],"picked":"Dodge and Roll","floor":23},{"not_picked":["Choke","Reflex"],"picked":"Noxious Fumes","floor":24}],"player_experience":49368,"potions_floor_usage":[6,16,16,18,24],"damage_taken":[{"damage":0,"enemies":"2 Louse","floor":1,"turns":5},{"damage":0,"enemies":"Small Slimes","floor":4,"turns":4},{"damage":0,"enemies":"Jaw Worm","floor":5,"turns":3},{"damage":27,"enemies":"Gremlin Nob","floor":6,"turns":5},{"damage":3,"enemies":"2 Fungi Beasts","floor":10,"turns":3},{"damage":8,"enemies":"Large Slime","floor":12,"turns":4},{"damage":7,"enemies":"Blue Slaver","floor":13,"turns":4},{"damage":8,"enemies":"Exordium Wildlife","floor":14,"turns":3},{"damage":16,"enemies":"The Guardian","floor":16,"turns":8},{"damage":15,"enemies":"3 Byrds","floor":18,"turns":3},{"damage":25,"enemies":"2 Thieves","floor":20,"turns":4},{"damage":42,"enemies":"Book of Stabbing","floor":23,"turns":6},{"damage":15,"enemies":"Centurion and Healer","floor":24,"turns":8},{"damage":20,"enemies":"Slaver and Parasite","floor":25,"turns":1}],"event_choices":[{"event_name":"The Cleric","player_choice":"Leave","floor":2,"damage_taken":0},{"event_name":"Golden Idol","player_choice":"Take Damage","floor":3,"damage_taken":0},{"event_name":"Purifier","player_choice":"One Purge","floor":19,"damage_taken":0},{"event_name":"Accursed Blacksmith","player_choice":"Forge","floor":21,"damage_taken":0}],"boss_relics":[{"not_picked":["Runic Pyramid","Black Star"],"picked":"Lizard Tail"}],"potions_floor_spawned":[5,6,13,14,20],"seed_played":"-7505909520933291643","killed_by":"Slaver and Parasite","ascension_level":0,"is_trial":false}