{"gold_per_floor":[110,110,110,123,135,195,195,222,247,261,37,106,122,138,138,242,242,252,161,161,171,151,151,163,163],"floor_reached":25,"playtime":882,"items_purged":[],"score":224,"play_id":"60608ad7-13c5-4e0e-a577-d138b4b74b65","local_time":"20190228054442","is_ascension_mode":true,"campfire_choices":[{"data":"Dualcast","floor":7,"key":"SMITH"},{"floor":15,"key":"REST"},{"floor":23,"key":"RECALL"}],"neow_cost":"NONE","seed_source_timestamp":654333231380655,"circlet_count":0,"master_deck":["Strike_B","Strike_B","Strike_B","Strike_B","Defend_B","Defend_B","Defend_B","Defend_B","Zap+1","Dualcast+1","Finesse","BootSequence","Capacitor","Rebound","Gash","Scrape","Gash","Self Repair","Streamline+1","Rebound+1","Creative AI","Genetic Algorithm","Dramatic Entrance+1"],"relics":["Cracked Core","Smiling Mask","Tiny Chest","Orichalcum","Boot","Molten Egg 2","Fusion Hammer"],"potions_floor_usage":[8,24,25],"damage_taken":[{"damage":1,"enemies":"Jaw Worm","floor":1,"turns":3},{"damage":0,"enemies":"Small Slimes","floor":4,"turns":3},{"damage":0,"enemies":"Cultist","floor":5,"turns":4},{"damage":26,"enemies":"3 Sentries","floor":6,"turns":7},{"damage":14,"enemies":"Lagavulin","floor":8,"turns":6},{"damage":0,"enemies":"Blue Slaver","floor":10,"turns":3},{"damage":2,"enemies":"2 Fungi Beasts","floor":13,"turns":2},{"damage":31,"enemies":"Gremlin Gang","floor":14,"turns":5},{"damage":14,"enemies":"Slime Boss","floor":16,"turns":8},{"damage":24,"enemies":"3 Byrds","floor":18,"turns":5},{"damage":23,"enemies":"Spheric Guardian","floor":21,"turns":4},{"damage":32,"enemies":"Cultist and Chosen","floor":24,"turns":5},{"damage":17,"enemies":"Centurion and Healer","floor":25,"turns":3}],"seed_played":"7661650081031737905","potions_obtained":[{"floor":4,"key":"FearPotion"},{"floor":5,"key":"Swift Potion"},{"floor":21,"key":"Strength Potion"},{"floor":22,"key":"FocusPotion"}],"is_trial":false,"path_per_floor":["M","?","?","M","M","E","R","E","T","M","$","T","M","M","R","B",null,"M","$","?","M","?","R","M","M"],"character_chosen":"DEFECT","items_purchased":["Self Repair","Boot","Dramatic Entrance+1"],"campfire_rested":1,"item_purchase_floors":[11,11,19],"current_hp_per_floor":[74,74,71,71,71,45,45,31,31,31,31,31,36,12,34,27,75,51,51,51,35,35,35,10,0],"gold":163,"neow_bonus":"RANDOM_COLORLESS","is_prod":false,"is_daily":false,"chose_seed":false,"campfire_upgraded":1,"win_rate":0,"timestamp":1551361482,"path_taken":["M","?","?","M","M","E","R","E","T","M","$","?","M","M","R","BOSS","M","?","?","M","?","R","M","M"],"build_version":"2019-01-23","purchased_purges":0,"victory":false,"max_hp_per_floor":[75,75,75,75,75,75,75,75,75,75,75,75,75,75,75,75,75,75,75,75,75,75,75,75,75],"card_choices":[{"not_picked":["Stack","Compile Driver"],"picked":"BootSequence","floor":1},{"not_picked":["Chill","Chaos"],"picked":"Capacitor","floor":4},{"not_picked":["Coolheaded","Steam Power"],"picked":"Rebound","floor":5},{"not_picked":["Reprogram","Compile Driver"],"picked":"Gash","floor":6},{"not_picked":["Force Field","Core Surge"],"picked":"Scrape","floor":8},{"not_picked":["Melter","Go for the Eyes"],"picked":"Gash","floor":10},{"not_picked":["Aggregate","Capacitor"],"picked":"Streamline+1","floor":13},{"not_picked":["Reprogram","Aggregate"],"picked":"Rebound+1","floor":14},{"not_picked":["Multi-Cast","Echo Form"],"picked":"Creative AI","floor":16},{"not_picked":["Coolheaded","Sweeping Beam+1"],"picked":"Genetic Algorithm","floor":18},{"not_picked":["Conserve Battery","Barrage+1","Blizzard+1"],"picked":"SKIP","floor":21},{"not_picked":["Compile Driver+1","Coolheaded+1","Double Energy"],"picked":"SKIP","floor":24}],"player_experience":292480,"relics_obtained":[{"floor":6,"key":"Tiny Chest"},{"floor":8,"key":"Orichalcum"},{"floor":12,"key":"Molten Egg 2"}],"event_choices":[{"damage_healed":0,"gold_gain":0,"player_choice":"Grow","damage_taken":0,"max_hp_gain":0,"max_hp_loss":0,"event_name":"Living Wall","floor":2,"gold_loss":0,"cards_upgraded":["Zap"]},{"damage_healed":0,"gold_gain":0,"player_choice":"Success","damage_taken":3,"relics_obtained":["Smiling Mask"],"max_hp_gain":0,"max_hp_loss":0,"event_name":"Scrap Ooze","floor":3,"gold_loss":0},{"damage_healed":0,"gold_gain":0,"player_choice":"Ignored","damage_taken":0,"max_hp_gain":0,"max_hp_loss":0,"event_name":"Ghosts","floor":20,"gold_loss":0},{"damage_healed":0,"gold_gain":0,"player_choice":"Bought 1 Potion","damage_taken":0,"max_hp_gain":0,"max_hp_loss":0,"event_name":"The Woman in Blue","floor":22,"gold_loss":0}],"is_beta":false,"boss_relics":[{"not_picked":["Snecko Eye","Coffee Dripper"],"picked":"Fusion Hammer"}],"items_purged_floors":[],"is_endless":false,"potions_floor_spawned":[4,5,21],"killed_by":"Centurion and Healer","ascension_level":1}