{"gold_per_floor":[116,15,165,175,175,209,209,226,226,226,245,275,287,305,305,377,377,391,34,34,46,46,79,79,113,136,161,180,180,9,29,29,100,100,117,136,136,182,52,77,77,104,104,123,123],"floor_reached":45,"playtime":2453,"items_purged":["Strike_R"],"score":1332,"play_id":"6168938a-7c08-4400-b3e8-abbc6e62181a","local_time":"20190325234833","is_ascension_mode":true,"campfire_choices":[{"data":"Clothesline","floor":7,"key":"SMITH"},{"data":"Bash","floor":10,"key":"SMITH"},{"data":"Barricade","floor":15,"key":"SMITH"},{"floor":24,"key":"REST"},{"data":"Body Slam","floor":29,"key":"SMITH"},{"data":"Body Slam","floor":32,"key":"SMITH"},{"data":"Corruption","floor":41,"key":"SMITH"}],"neow_cost":"NONE","seed_source_timestamp":50100938042766,"circlet_count":0,"master_deck":["AscendersBane","Strike_R","Strike_R","Strike_R","Defend_R","Defend_R","Defend_R","Defend_R","Bash+1","Shrug It Off","Headbutt","Pommel Strike","Clothesline+1","Carnage","Barricade+1","Impervious+1","Iron Wave","Seeing Red+1","Impervious+1","Burning Pact+1","Flex+1","Discovery+1","Shame","Body Slam+1","Ghostly+1","Ghostly+1","Ghostly+1","Shrug It Off+1","Seeing Red+1","Injury","Feed","Body Slam+1","Shrug It Off+1","Demon Form","Shrug It Off+1","Shrug It Off+1","Feel No Pain","Corruption+1","Dual Wield+1","Pain","Body Slam"],"relics":["Burning Blood","NeowsBlessing","Toxic Egg 2","Bottled Flame","Blue Candle","Cursed Key","ClockworkSouvenir","Regal Pillow","Bottled Lightning","Du-Vu Doll","Boot","Magic Flower","Oddly Smooth Stone","Velvet Choker","Bird Faced Urn","Frozen Egg 2","Vajra","Ornamental Fan"],"potions_floor_usage":[11,12,16,18,23,38,44],"damage_taken":[{"damage":0,"enemies":"Jaw Worm","floor":1,"turns":1},{"damage":0,"enemies":"Cultist","floor":4,"turns":1},{"damage":0,"enemies":"Lagavulin","floor":6,"turns":1},{"damage":3,"enemies":"2 Louse","floor":8,"turns":3},{"damage":0,"enemies":"Large Slime","floor":11,"turns":2},{"damage":8,"enemies":"Gremlin Nob","floor":12,"turns":3},{"damage":17,"enemies":"Blue Slaver","floor":13,"turns":3},{"damage":1,"enemies":"2 Fungi Beasts","floor":14,"turns":3},{"damage":26,"enemies":"The Guardian","floor":16,"turns":15},{"damage":15,"enemies":"Shell Parasite","floor":18,"turns":7},{"damage":5,"enemies":"2 Thieves","floor":21,"turns":4},{"damage":31,"enemies":"Slavers","floor":23,"turns":6},{"damage":17,"enemies":"Book of Stabbing","floor":25,"turns":7},{"damage":2,"enemies":"Slavers","floor":27,"turns":9},{"damage":0,"enemies":"Snecko","floor":28,"turns":2},{"damage":15,"enemies":"Centurion and Healer","floor":31,"turns":6},{"damage":26,"enemies":"Automaton","floor":33,"turns":8},{"damage":14,"enemies":"3 Darklings","floor":35,"turns":10},{"damage":0,"enemies":"Orb Walker","floor":36,"turns":3},{"damage":34,"enemies":"2 Orb Walkers","floor":38,"turns":7},{"damage":9,"enemies":"Reptomancer","floor":40,"turns":8},{"damage":1,"enemies":"Giant Head","floor":42,"turns":8},{"damage":2,"enemies":"Maw","floor":44,"turns":4},{"damage":65,"enemies":"Reptomancer","floor":45,"turns":2}],"seed_played":"-237886356444261608","potions_obtained":[{"floor":4,"key":"Fire Potion"},{"floor":6,"key":"Fire Potion"},{"floor":12,"key":"LiquidBronze"},{"floor":16,"key":"EssenceOfSteel"},{"floor":18,"key":"BloodPotion"},{"floor":21,"key":"BloodPotion"},{"floor":25,"key":"Fire Potion"},{"floor":40,"key":"Swift Potion"}],"is_trial":false,"path_per_floor":["M","$","?","M","?","E","R","M","T","R","M","E","M","M","R","B",null,"M","$","?","M","?","E","R","E","T","E","M","R","$","M","R","B",null,"M","M","?","?","$","E","R","E","T","M","E"],"character_chosen":"IRONCLAD","items_purchased":["Headbutt","ClockworkSouvenir","Flex+1","Discovery+1","Oddly Smooth Stone","Corruption","Dual Wield+1"],"campfire_rested":1,"item_purchase_floors":[2,19,19,19,30,39,39],"current_hp_per_floor":[74,74,74,75,75,75,75,75,75,75,75,73,62,67,67,47,68,59,59,59,60,37,15,37,26,26,30,37,37,37,36,36,19,35,35,43,43,23,23,35,35,46,46,46,0],"gold":123,"neow_bonus":"THREE_ENEMY_KILL","is_prod":false,"is_daily":false,"chose_seed":false,"campfire_upgraded":6,"win_rate":0,"timestamp":1553572113,"path_taken":["M","$","?","M","?","E","R","?","T","R","M","E","M","M","R","BOSS","M","$","?","M","?","E","R","E","T","E","M","R","$","M","R","BOSS","M","M","?","?","$","E","R","E","T","M","E"],"build_version":"2019-03-15","purchased_purges":1,"victory":false,"max_hp_per_floor":[75,75,75,75,75,75,75,75,75,75,75,75,75,75,75,75,75,75,75,75,75,37,37,37,37,37,37,37,37,37,40,40,40,40,43,43,43,46,46,46,46,46,46,46,46],"card_choices":[{"not_picked":["Pommel Strike","Anger"],"picked":"Shrug It Off","floor":1},{"not_picked":["Heavy Blade","Perfected Strike","Pommel Strike"],"picked":"SKIP","floor":4},{"not_picked":["Heavy Blade","Perfected Strike"],"picked":"Pommel Strike","floor":4},{"not_picked":["Pommel Strike","Sentinel"],"picked":"Clothesline","floor":6},{"not_picked":["Clash","Sword Boomerang"],"picked":"Carnage","floor":8},{"not_picked":["Wild Strike","Disarm+1"],"picked":"Barricade","floor":11},{"not_picked":["Warcry+1","Reckless Charge"],"picked":"Impervious+1","floor":12},{"not_picked":["Sword Boomerang","Perfected Strike"],"picked":"Iron Wave","floor":13},{"not_picked":["Perfected Strike","Carnage"],"picked":"Seeing Red+1","floor":14},{"not_picked":["Fiend Fire","Limit Break+1"],"picked":"Impervious+1","floor":16},{"not_picked":["Perfected Strike","Twin Strike"],"picked":"Burning Pact+1","floor":18},{"not_picked":["Twin Strike","Rage+1"],"picked":"Body Slam","floor":21},{"not_picked":["Intimidate+1","Thunderclap"],"picked":"Shrug It Off+1","floor":23},{"not_picked":["Twin Strike","Thunderclap"],"picked":"Seeing Red+1","floor":25},{"not_picked":["Bloodletting+1","Havoc+1"],"picked":"Feed","floor":27},{"not_picked":["Twin Strike","Flex+1"],"picked":"Body Slam","floor":28},{"not_picked":["Heavy Blade","Bloodletting+1"],"picked":"Shrug It Off+1","floor":31},{"not_picked":["Dark Embrace","Reaper"],"picked":"Demon Form","floor":33},{"not_picked":["Infernal Blade+1","Armaments+1"],"picked":"Shrug It Off+1","floor":35},{"not_picked":["Cleave+1","Infernal Blade+1"],"picked":"Shrug It Off+1","floor":36},{"not_picked":["Seeing Red+1","Shockwave+1"],"picked":"Feel No Pain","floor":38},{"not_picked":["Havoc+1","Armaments+1","Fiend Fire"],"picked":"SKIP","floor":40},{"not_picked":["Havoc+1","Perfected Strike+1","Bloodletting+1"],"picked":"SKIP","floor":42},{"not_picked":["True Grit+1","Anger"],"picked":"Body Slam","floor":44}],"player_experience":613660,"relics_obtained":[{"floor":6,"key":"Toxic Egg 2"},{"floor":9,"key":"Bottled Flame"},{"floor":12,"key":"Blue Candle"},{"floor":23,"key":"Bottled Lightning"},{"floor":25,"key":"Du-Vu Doll"},{"floor":26,"key":"Boot"},{"floor":27,"key":"Magic Flower"},{"floor":38,"key":"Bird Faced Urn"},{"floor":40,"key":"Frozen Egg 2"},{"floor":42,"key":"Vajra"},{"floor":43,"key":"Ornamental Fan"}],"event_choices":[{"damage_healed":0,"gold_gain":150,"player_choice":"AGREE","damage_taken":0,"max_hp_gain":0,"max_hp_loss":0,"event_name":"Liars Game","floor":3,"gold_loss":0,"cards_obtained":["Doubt"]},{"cards_removed":["Doubt"],"damage_healed":0,"gold_gain":0,"player_choice":"Removed Curses","damage_taken":0,"max_hp_gain":0,"max_hp_loss":0,"event_name":"Fountain of Cleansing","floor":5,"gold_loss":0},{"damage_healed":0,"gold_gain":0,"player_choice":"Stole Relic","damage_taken":0,"relics_obtained":["Regal Pillow"],"max_hp_gain":0,"max_hp_loss":0,"event_name":"Addict","floor":20,"gold_loss":0,"cards_obtained":["Shame"]},{"damage_healed":0,"gold_gain":0,"player_choice":"Became a Ghost","damage_taken":0,"max_hp_gain":0,"max_hp_loss":38,"event_name":"Ghosts","floor":22,"gold_loss":0,"cards_obtained":["Ghostly","Ghostly","Ghostly"]},{"cards_removed":["Strike_R"],"damage_healed":0,"gold_gain":0,"player_choice":"Removed Attack","damage_taken":0,"max_hp_gain":0,"max_hp_loss":0,"event_name":"Falling","floor":37,"gold_loss":0},{"damage_healed":0,"gold_gain":0,"player_choice":"Fight","damage_taken":0,"max_hp_gain":0,"max_hp_loss":0,"event_name":"Mysterious Sphere","floor":38,"gold_loss":0}],"is_beta":true,"boss_relics":[{"not_picked":["Empty Cage","Fusion Hammer"],"picked":"Cursed Key"},{"not_picked":["Orrery","White Beast Statue"],"picked":"Velvet Choker"}],"items_purged_floors":[2],"is_endless":false,"potions_floor_spawned":[4,6,12,16,18,21,25,31,33,36,40],"killed_by":"Reptomancer","ascension_level":20}