{"gold_per_floor":[113,188,158,209,222,255,255,255,280,280,280,300,300,225,225,225],"floor_reached":16,"playtime":634,"items_purged":["Pain"],"score":192,"play_id":"8c34d1bc-23e1-47c3-8ce8-a02cbbb5868c","local_time":"20180921234323","is_ascension_mode":true,"campfire_choices":[{"data":"Cold Snap","floor":7.0,"key":"SMITH"},{"data":"Dualcast","floor":11.0,"key":"SMITH"},{"data":"Compile Driver","floor":13.0,"key":"SMITH"},{"data":"Glacier","floor":15.0,"key":"SMITH"}],"neow_cost":"NONE","seed_source_timestamp":0,"circlet_count":0,"master_deck":["Strike_B+1","Strike_B+1","Strike_B+1","Defend_B","Defend_B+1","Defend_B","Defend_B","Zap","Dualcast+1","AscendersBane","Glacier+1","Cold Snap+1","Auto Shields","Compile Driver+1"],"special_seed":0,"relics":["Cracked Core","Strawberry","Singing Bowl","WarpedTongs","Whetstone"],"potions_floor_usage":[16,16],"damage_taken":[{"damage":3.0,"enemies":"2 Louse","floor":1.0,"turns":3.0},{"damage":1.0,"enemies":"Jaw Worm","floor":5.0,"turns":5.0},{"damage":2.0,"enemies":"3 Sentries","floor":6.0,"turns":20.0},{"damage":4.0,"enemies":"Small Slimes","floor":12.0,"turns":2.0},{"damage":28,"enemies":"Hexaghost","floor":16,"turns":14}],"seed_played":"-2139642469421542057","potions_obtained":[{"floor":3.0,"key":"FocusPotion"},{"floor":3.0,"key":"FearPotion"},{"floor":12.0,"key":"PowerPotion"}],"is_trial":false,"path_per_floor":["M","?","?","T","M","E","R","?","T","?","R","M","R","$","R"],"character_chosen":"DEFECT","items_purchased":[],"campfire_rested":0,"item_purchase_floors":[],"current_hp_per_floor":[61,50,50,57,56,56,56,56,56,32,32,28,28,28,28,0],"gold":225,"neow_bonus":"TRANSFORM_CARD","is_prod":false,"is_daily":false,"chose_seed":false,"campfire_upgraded":4,"win_rate":0,"timestamp":1537587803,"path_taken":["M","?","?","?","?","E","R","?","T","?","R","M","R","$","R","BOSS"],"build_version":"2018-09-20","purchased_purges":1,"victory":false,"max_hp_per_floor":[71,71,71,78,78,80,80,80,80,80,80,80,80,80,80,80],"card_choices":[{"not_picked":["Steam Power","Sweeping Beam"],"picked":"Cold Snap","floor":1.0},{"not_picked":["Redo","Aggregate"],"picked":"Auto Shields","floor":5.0},{"not_picked":["Lockon","Scrape","Genetic Algorithm"],"picked":"Singing Bowl","floor":6.0},{"not_picked":["Steam","Beam Cell"],"picked":"Compile Driver","floor":12.0}],"player_experience":882434,"relics_obtained":[{"floor":4.0,"key":"Strawberry"},{"floor":6.0,"key":"Singing Bowl"},{"floor":9.0,"key":"Whetstone"}],"event_choices":[{"event_name":"World of Goop","player_choice":"Gather Gold","floor":2.0,"damage_taken":0.0},{"event_name":"The Woman in Blue","player_choice":"Bought 2 Potions","floor":3.0,"damage_taken":0.0},{"event_name":"Accursed Blacksmith","player_choice":"Rummage","floor":8.0,"damage_taken":0.0},{"event_name":"Shining Light","player_choice":"Entered Light","floor":10.0,"damage_taken":0.0}],"is_beta":false,"boss_relics":[],"items_purged_floors":[14],"is_endless":false,"potions_floor_spawned":[5,12],"killed_by":"Hexaghost","ascension_level":20}