{"gold_per_floor":[111,111,111,129,129,163,163,191,191,191,208,208,208,208],"floor_reached":14,"playtime":368,"items_purged":[],"score":139,"play_id":"e50a06f1-ad65-47ad-a955-157de5d38f06","local_time":"20190120173358","is_ascension_mode":true,"campfire_choices":[{"data":"Disarm","floor":7,"key":"SMITH"},{"data":"Rage","floor":10,"key":"SMITH"}],"neow_cost":"CURSE","seed_source_timestamp":4526065488163,"circlet_count":0,"master_deck":["Strike_R","Strike_R","Strike_R","Strike_R","Defend_R","Defend_R","Defend_R","Defend_R","Bash","Clumsy","Rampage","Disarm+1","Sever Soul","Burning Pact","Rage+1"],"relics":["Burning Blood","Incense Burner","Pantograph","Mercury Hourglass","Gremlin Horn","Sundial"],"potions_floor_usage":[6],"damage_taken":[{"damage":14,"enemies":"2 Louse","floor":1,"turns":3},{"damage":3,"enemies":"Jaw Worm","floor":4,"turns":4},{"damage":32,"enemies":"Gremlin Nob","floor":6,"turns":4},{"damage":34,"enemies":"Lagavulin","floor":8,"turns":7},{"damage":0,"enemies":"Cultist","floor":11,"turns":4},{"damage":45,"enemies":"Gremlin Nob","floor":14,"turns":4}],"seed_played":"-2104361391160571201","potions_obtained":[{"floor":1,"key":"Poison Potion"}],"is_trial":false,"path_per_floor":["M","?","?","M","?","E","R","E","T","R","M","?","T","E"],"character_chosen":"IRONCLAD","items_purchased":[],"campfire_rested":0,"item_purchase_floors":[],"current_hp_per_floor":[64,64,69,72,72,46,46,18,18,18,24,24,24,0],"gold":208,"neow_bonus":"ONE_RARE_RELIC","is_prod":false,"is_daily":false,"chose_seed":false,"campfire_upgraded":2,"win_rate":0,"timestamp":1548023638,"path_taken":["M","?","?","M","?","E","R","E","T","R","?","?","?","E"],"build_version":"2019-01-19","purchased_purges":0,"victory":false,"max_hp_per_floor":[80,80,85,85,85,85,85,85,85,85,85,85,85,85],"card_choices":[{"not_picked":["Headbutt","Heavy Blade"],"picked":"Rampage","floor":1},{"not_picked":["Clash","Heavy Blade"],"picked":"Disarm","floor":4},{"not_picked":["Dual Wield","Inflame"],"picked":"Burning Pact","floor":6},{"not_picked":["Havoc","Anger"],"picked":"Rage","floor":8},{"not_picked":["Inflame","Warcry","Wild Strike"],"picked":"SKIP","floor":11}],"player_experience":234304,"relics_obtained":[{"floor":6,"key":"Pantograph"},{"floor":8,"key":"Mercury Hourglass"},{"floor":9,"key":"Gremlin Horn"},{"floor":13,"key":"Sundial"}],"event_choices":[{"damage_healed":0,"gold_gain":0,"player_choice":"Ignored","damage_taken":0,"max_hp_gain":0,"max_hp_loss":0,"event_name":"Liars Game","floor":2,"gold_loss":0},{"damage_healed":0,"gold_gain":0,"player_choice":"Donut","damage_taken":0,"max_hp_gain":5,"max_hp_loss":0,"event_name":"Big Fish","floor":3,"gold_loss":0},{"damage_healed":0,"gold_gain":0,"cards_transformed":["Strike_R"],"player_choice":"Transformed","damage_taken":0,"max_hp_gain":0,"max_hp_loss":0,"event_name":"Transmorgrifier","floor":5,"gold_loss":0,"cards_obtained":["Sever Soul"]},{"damage_healed":0,"gold_gain":0,"player_choice":"Ignored","damage_taken":0,"max_hp_gain":0,"max_hp_loss":0,"event_name":"Shining Light","floor":12,"gold_loss":0}],"is_beta":true,"boss_relics":[],"items_purged_floors":[],"is_endless":false,"potions_floor_spawned":[1],"killed_by":"Gremlin Nob","ascension_level":9}