{"gold_per_floor":[115,115,115,127,127,127,183,12,12,44,44,44,44,9,9,9],"floor_reached":16,"playtime":414,"items_purged":["Shame"],"score":114,"play_id":"e5266095-460a-459a-aacf-1ddd7f531f84","local_time":"20190319051217","is_ascension_mode":true,"campfire_choices":[{"data":"Seeing Red","floor":6,"key":"SMITH"},{"floor":12,"key":"REST"},{"data":"Bash","floor":15,"key":"SMITH"}],"neow_cost":"CURSE","seed_source_timestamp":246855674522362,"circlet_count":0,"master_deck":["Strike_R","Strike_R","Strike_R","Strike_R","Strike_R","Defend_R","Defend_R","Defend_R","Defend_R","Bash+1","Seeing Red+1","Headbutt","Reckless Charge","Good Instincts","Seeing Red+1"],"relics":["Burning Blood","Incense Burner","Boot","Tiny Chest","Champion Belt","Paper Frog"],"potions_floor_usage":[4,7,10,16],"damage_taken":[{"damage":7,"enemies":"Jaw Worm","floor":1,"turns":3},{"damage":3,"enemies":"2 Louse","floor":4,"turns":2},{"damage":39,"enemies":"Lagavulin","floor":7,"turns":6},{"damage":41,"enemies":"3 Sentries","floor":10,"turns":9},{"damage":71,"enemies":"Slime Boss","floor":16,"turns":7}],"seed_played":"1786981870065428358","potions_obtained":[{"floor":3,"key":"Fire Potion"},{"floor":3,"key":"AttackPotion"},{"floor":3,"key":"FearPotion"},{"floor":7,"key":"SpeedPotion"}],"is_trial":false,"path_per_floor":["M","?","?","M","?","R","E","$","T","E","$","R","?","?","R","B"],"character_chosen":"IRONCLAD","items_purchased":["Good Instincts"],"campfire_rested":1,"item_purchase_floors":[8],"current_hp_per_floor":[79,84,84,85,82,82,49,49,49,14,14,39,39,60,60,0],"gold":9,"neow_bonus":"ONE_RARE_RELIC","is_prod":false,"is_daily":false,"chose_seed":false,"campfire_upgraded":2,"win_rate":0,"timestamp":1552997537,"path_taken":["M","?","?","?","?","R","E","$","T","E","$","R","?","?","R","BOSS"],"build_version":"2019-01-23","purchased_purges":1,"victory":false,"max_hp_per_floor":[80,85,85,85,85,85,85,85,85,85,85,85,85,85,85,85],"card_choices":[{"not_picked":["Havoc","Hemokinesis"],"picked":"Seeing Red","floor":1},{"not_picked":["True Grit","Sentinel"],"picked":"Headbutt","floor":4},{"not_picked":["Rupture","Intimidate"],"picked":"Reckless Charge","floor":7},{"not_picked":["Brutality","Spot Weakness"],"picked":"Seeing Red","floor":10}],"player_experience":364727,"relics_obtained":[{"floor":7,"key":"Tiny Chest"},{"floor":9,"key":"Champion Belt"},{"floor":10,"key":"Paper Frog"}],"event_choices":[{"damage_healed":0,"gold_gain":0,"player_choice":"Donut","damage_taken":0,"max_hp_gain":5,"max_hp_loss":0,"event_name":"Big Fish","floor":2,"gold_loss":0},{"damage_healed":0,"gold_gain":0,"player_choice":"Got Potions","damage_taken":0,"max_hp_gain":0,"max_hp_loss":0,"event_name":"Lab","floor":3,"gold_loss":0},{"damage_healed":0,"gold_gain":0,"player_choice":"Success","damage_taken":3,"relics_obtained":["Boot"],"max_hp_gain":0,"max_hp_loss":0,"event_name":"Scrap Ooze","floor":5,"gold_loss":0},{"damage_healed":0,"gold_gain":0,"player_choice":"Grow","damage_taken":0,"max_hp_gain":0,"max_hp_loss":0,"event_name":"Living Wall","floor":13,"gold_loss":0,"cards_upgraded":["Seeing Red"]},{"damage_healed":21,"gold_gain":0,"player_choice":"Healed","damage_taken":0,"max_hp_gain":0,"max_hp_loss":0,"event_name":"The Cleric","floor":14,"gold_loss":35}],"is_beta":false,"boss_relics":[],"items_purged_floors":[8],"is_endless":false,"potions_floor_spawned":[7],"killed_by":"Slime Boss","ascension_level":2}