{"gold_per_floor":[116,116,116,126,126,126,142,142,167,167,193,268,293,293,293,371,371,388,388,388,404,437,437,465,465,465,484,503,516,133,165,165,238,238,254,304,317,417,429,429,463,482,482,514,514,514,543,562,562,562,562,562,562,18,45,45],"floor_reached":57,"playtime":4757,"items_purged":["Strike_R","Strike_R"],"score":2822,"play_id":"629e3b01-86a1-4141-9eb2-46f0da58a557","local_time":"20190324153921","is_ascension_mode":true,"campfire_choices":[{"data":"Fiend Fire","floor":6.0,"key":"SMITH"},{"data":"Bash","floor":8.0,"key":"SMITH"},{"data":"Flame Barrier","floor":10.0,"key":"SMITH"},{"data":"Bludgeon","floor":15.0,"key":"SMITH"},{"floor":23.0,"key":"REST"},{"data":"Inflame","floor":25.0,"key":"SMITH"},{"floor":32.0,"key":"REST"},{"floor":40.0,"key":"RECALL"},{"data":"Disarm","floor":46.0,"key":"SMITH"},{"data":"True Grit","floor":49.0,"key":"SMITH"},{"data":"Disarm","floor":53.0,"key":"SMITH"}],"neow_cost":"NONE","seed_source_timestamp":986168136822718,"circlet_count":0,"master_deck":["AscendersBane","Strike_R+1","Strike_R+1","Defend_R","Defend_R","Defend_R","Bash+1","Fiend Fire+1","Flame Barrier+1","Anger","Pummel","Bludgeon+1","Intimidate","Feed","Inflame+1","RitualDagger","Disarm+1","Whirlwind","Inflame","Fiend Fire","Battle Trance","Shrug It Off","Feed","Metallicize","Disarm","Entrench","Shockwave+1","Shrug It Off","Disarm+1","True Grit+1","Exhume","True Grit+1"],"special_seed":0,"relics":["Burning Blood","Vajra","Whetstone","Pen Nib","Thread and Needle","Runic Dome","Nilry\u0027s Codex","Red Mask","Ornamental Fan","Shuriken","Potion Belt","Champion Belt","Snecko Eye","Magic Flower","Nunchaku","Lantern","Boot","Bag of Marbles","Lee\u0027s Waffle","Kunai"],"potions_floor_usage":[56,56,56],"damage_taken":[{"damage":4.0,"enemies":"Small Slimes","floor":1.0,"turns":4.0},{"damage":4.0,"enemies":"Jaw Worm","floor":4.0,"turns":3.0},{"damage":0.0,"enemies":"Cultist","floor":7.0,"turns":3.0},{"damage":30.0,"enemies":"3 Sentries","floor":11.0,"turns":11.0},{"damage":20.0,"enemies":"Lagavulin","floor":13.0,"turns":4.0},{"damage":18.0,"enemies":"Slime Boss","floor":16.0,"turns":6.0},{"damage":16.0,"enemies":"Shell Parasite","floor":18.0,"turns":5.0},{"damage":0.0,"enemies":"Chosen","floor":21.0,"turns":3.0},{"damage":9.0,"enemies":"Masked Bandits","floor":22.0,"turns":4.0},{"damage":19.0,"enemies":"Slavers","floor":24.0,"turns":6.0},{"damage":26.0,"enemies":"Snake Plant","floor":27.0,"turns":6.0},{"damage":14.0,"enemies":"Shelled Parasite and Fungi","floor":28.0,"turns":3.0},{"damage":12.0,"enemies":"Cultist and Chosen","floor":29.0,"turns":4.0},{"damage":4.0,"enemies":"Gremlin Leader","floor":31.0,"turns":2.0},{"damage":16.0,"enemies":"Champ","floor":33.0,"turns":6.0},{"damage":1.0,"enemies":"3 Shapes","floor":35.0,"turns":6.0},{"damage":6.0,"enemies":"Orb Walker","floor":37.0,"turns":3.0},{"damage":0.0,"enemies":"Mind Bloom Boss Battle","floor":38.0,"turns":5.0},{"damage":40.0,"enemies":"Sphere and 2 Shapes","floor":39.0,"turns":7.0},{"damage":15.0,"enemies":"Nemesis","floor":41.0,"turns":5.0},{"damage":5.0,"enemies":"4 Shapes","floor":42.0,"turns":7.0},{"damage":20.0,"enemies":"Reptomancer","floor":44.0,"turns":4.0},{"damage":0.0,"enemies":"Nemesis","floor":47.0,"turns":5.0},{"damage":9.0,"enemies":"Maw","floor":48.0,"turns":6.0},{"damage":22.0,"enemies":"Awakened One","floor":50.0,"turns":42.0},{"damage":8.0,"enemies":"Time Eater","floor":51.0,"turns":33.0},{"damage":15.0,"enemies":"Shield and Spear","floor":55.0,"turns":5.0},{"damage":149,"enemies":"The Heart","floor":56,"turns":11}],"seed_played":"3289381372199646867","potions_obtained":[{"floor":3.0,"key":"SpeedPotion"},{"floor":3.0,"key":"PowerPotion"},{"floor":16.0,"key":"Fruit Juice"},{"floor":18.0,"key":"GamblersBrew"},{"floor":24.0,"key":"AttackPotion"},{"floor":27.0,"key":"Explosive Potion"},{"floor":28.0,"key":"AttackPotion"},{"floor":31.0,"key":"FairyPotion"},{"floor":35.0,"key":"Poison Potion"},{"floor":39.0,"key":"Swift Potion"},{"floor":55.0,"key":"Regen Potion"}],"is_trial":false,"path_per_floor":["M","?","?","M","$","R","M","R","T","R","E","?","E","T","R","B",null,"M","?","?","M","?","R","E","R","T","M","M","M","$","E","R","B",null,"M","?","M","?","M","R","E","M","T","E","?","R","E","M","R","B","B",null,"R","$","E","B",null],"character_chosen":"IRONCLAD","items_purchased":["Potion Belt","AttackPotion","BloodPotion","Bag of Marbles","Lee\u0027s Waffle","Block Potion"],"campfire_rested":2,"item_purchase_floors":[30,30,30,54,54,54],"current_hp_per_floor":[70,70,70,72,72,72,75,75,75,75,51,40,26,26,26,14,60,53,47,26,35,32,56,48,48,48,31,26,20,20,31,58,48,81,89,80,83,92,66,66,60,74,74,68,68,68,77,77,77,69,70,105,105,123,117,19],"gold":45,"neow_bonus":"TRANSFORM_CARD","is_prod":false,"is_daily":false,"chose_seed":false,"campfire_upgraded":8,"win_rate":0,"timestamp":1553456361,"path_taken":["M","?","?","?","?","R","M","R","T","R","E","?","E","?","R","BOSS","M","?","?","M","?","R","E","R","T","M","M","M","$","E","R","BOSS","M","?","?","?","M","R","E","M","T","E","?","R","E","M","R","BOSS","BOSS","R","$","E","BOSS"],"build_version":"2019-03-15","purchased_purges":2,"victory":true,"max_hp_per_floor":[75,75,75,75,75,75,75,75,75,75,75,75,75,75,75,75,75,78,78,78,81,81,81,86,86,86,89,92,92,92,92,92,92,92,95,95,98,101,104,104,104,110,110,113,113,113,113,113,113,116,116,116,116,123,123,123],"card_choices":[{"not_picked":["Thunderclap","Warcry"],"picked":"Flame Barrier","floor":1.0},{"not_picked":["Evolve","Body Slam"],"picked":"Anger","floor":4.0},{"not_picked":["Fire Breathing","Body Slam"],"picked":"Pummel","floor":7.0},{"not_picked":["Blood for Blood","Fire Breathing"],"picked":"Bludgeon","floor":11.0},{"not_picked":["Iron Wave","Headbutt"],"picked":"Intimidate","floor":13.0},{"not_picked":["Barricade","Offering"],"picked":"Feed","floor":16.0},{"not_picked":["Shrug It Off","Flex"],"picked":"Inflame","floor":18.0},{"not_picked":["Ghostly Armor","Heavy Blade"],"picked":"Disarm","floor":21.0},{"not_picked":["Anger","Warcry+1"],"picked":"Whirlwind","floor":22.0},{"not_picked":["Flex","Fire Breathing"],"picked":"Inflame","floor":24.0},{"not_picked":["Anger","Rampage"],"picked":"Fiend Fire","floor":27.0},{"not_picked":["Sentinel","Thunderclap","Perfected Strike"],"picked":"SKIP","floor":28.0},{"not_picked":["Entrench","Thunderclap"],"picked":"Battle Trance","floor":29.0},{"not_picked":["Pommel Strike","Flex"],"picked":"Shrug It Off","floor":31.0},{"not_picked":["Barricade","Bludgeon"],"picked":"Feed","floor":33.0},{"not_picked":["True Grit","Clothesline+1"],"picked":"Metallicize","floor":35.0},{"not_picked":["Sword Boomerang","Flex"],"picked":"Disarm","floor":37.0},{"not_picked":["Sword Boomerang","Clothesline"],"picked":"Entrench","floor":38.0},{"not_picked":["Anger","Heavy Blade"],"picked":"Shockwave+1","floor":39.0},{"not_picked":["Fiend Fire","Body Slam"],"picked":"Shrug It Off","floor":41.0},{"not_picked":["Clash","Evolve+1"],"picked":"Disarm","floor":42.0},{"not_picked":["Second Wind","Wild Strike"],"picked":"True Grit+1","floor":44.0},{"not_picked":["Thunderclap","Wild Strike"],"picked":"Exhume","floor":47.0},{"not_picked":["Pommel Strike+1","Reckless Charge"],"picked":"True Grit","floor":48.0},{"not_picked":["Wild Strike+1","Cleave","Burning Pact"],"picked":"SKIP","floor":55.0}],"player_experience":1227826,"relics_obtained":[{"floor":9.0,"key":"Vajra"},{"floor":11.0,"key":"Whetstone"},{"floor":13.0,"key":"Pen Nib"},{"floor":14.0,"key":"Thread and Needle"},{"floor":20.0,"key":"Nilry\u0027s Codex"},{"floor":22.0,"key":"Red Mask"},{"floor":24.0,"key":"Ornamental Fan"},{"floor":26.0,"key":"Shuriken"},{"floor":31.0,"key":"Champion Belt"},{"floor":38.0,"key":"Magic Flower"},{"floor":41.0,"key":"Nunchaku"},{"floor":44.0,"key":"Lantern"},{"floor":47.0,"key":"Boot"},{"floor":55.0,"key":"Kunai"}],"event_choices":[{"damage_healed":0.0,"max_hp_gain":0.0,"max_hp_loss":0.0,"gold_gain":0.0,"event_name":"The Cleric","player_choice":"Leave","floor":2.0,"gold_loss":0.0,"damage_taken":0.0},{"damage_healed":0.0,"max_hp_gain":0.0,"max_hp_loss":0.0,"gold_gain":0.0,"event_name":"Lab","player_choice":"Got Potions","floor":3.0,"gold_loss":0.0,"damage_taken":0.0},{"damage_healed":0.0,"max_hp_gain":0.0,"max_hp_loss":0.0,"gold_gain":75.0,"event_name":"World of Goop","player_choice":"Gather Gold","floor":12.0,"gold_loss":0.0,"damage_taken":11.0},{"damage_healed":0.0,"max_hp_gain":0.0,"max_hp_loss":0.0,"gold_gain":0.0,"event_name":"Nest","player_choice":"Joined the Cult","floor":19.0,"gold_loss":0.0,"damage_taken":6.0,"cards_obtained":["RitualDagger"]},{"damage_healed":0.0,"max_hp_gain":0.0,"max_hp_loss":0.0,"gold_gain":0.0,"event_name":"Cursed Tome","player_choice":"Obtained Book","floor":20.0,"gold_loss":0.0,"damage_taken":21.0},{"damage_healed":0.0,"max_hp_gain":0.0,"max_hp_loss":0.0,"gold_gain":0.0,"event_name":"Masked Bandits","player_choice":"Fought Bandits","floor":22.0,"gold_loss":0.0,"damage_taken":0.0},{"damage_healed":0.0,"max_hp_gain":0.0,"max_hp_loss":0.0,"gold_gain":50.0,"event_name":"FaceTrader","player_choice":"Touch","floor":36.0,"gold_loss":0.0,"damage_taken":9.0},{"damage_healed":0.0,"max_hp_gain":0.0,"max_hp_loss":0.0,"gold_gain":0.0,"event_name":"MindBloom","player_choice":"Fight","floor":38.0,"gold_loss":0.0,"damage_taken":0.0},{"cards_removed":["Defend_R"],"damage_healed":0.0,"max_hp_gain":0.0,"max_hp_loss":0.0,"gold_gain":0.0,"event_name":"Falling","player_choice":"Removed Skill","floor":45.0,"gold_loss":0.0,"damage_taken":0.0}],"is_beta":true,"boss_relics":[{"not_picked":["Busted Crown","Tiny House"],"picked":"Runic Dome"},{"not_picked":["Empty Cage","Cursed Key"],"picked":"Snecko Eye"}],"items_purged_floors":[30,54],"is_endless":false,"potions_floor_spawned":[4,16,18,24,27,28,31,35,39,42,44,55],"ascension_level":20}