{"path_per_floor":["M","?","M","M","M","R","?","M","T","?","$","?","$","M","R","B",null,"M","M","M","$","?","R","M"],"character_chosen":"DEFECT","items_purchased":["Redo","Defragment+1"],"gold_per_floor":[113,113,124,139,158,158,233,252,252,252,129,129,29,45,45,145,145,155,165,180,107,107,107,118,118],"floor_reached":25,"campfire_rested":1,"playtime":872,"item_purchase_floors":[11,21],"current_hp_per_floor":[75,75,75,64,61,61,50,50,50,50,50,35,35,28,50,11,75,55,51,44,44,44,44,35,0],"items_purged":["Strike_B","Defend_B"],"gold":118,"score":195,"play_id":"f54b1870-948f-4db6-a747-82936b5e3bce","local_time":"20180610045742","is_prod":false,"is_daily":false,"chose_seed":false,"is_ascension_mode":false,"campfire_upgraded":2,"win_rate":0.0,"timestamp":1528631862,"campfire_choices":[{"data":"FTL","floor":6,"key":"SMITH"},{"floor":15,"key":"REST"},{"data":"Hologram","floor":23,"key":"SMITH"}],"path_taken":["M","?","M","M","M","R","?","M","T","?","?","?","$","?","R","BOSS","M","M","M","$","?","R","M","E"],"build_version":"2018-06-07v3","seed_source_timestamp":1572121359620149,"purchased_purges":2,"victory":false,"master_deck":["Strike_B","Defend_B","Defend_B+1","Zap","Dualcast","Hyperbeam+1","FTL+1","Injury","Ball Lightning","White Noise+1","Static Discharge+1","Redo","Reboot","Amplify","Undo+1","Loop+1","Conserve Battery+1","Beam Cell+1","Hologram+1","Defragment+1"],"max_hp_per_floor":[75,75,75,75,75,75,75,75,75,75,75,75,75,75,75,75,75,75,75,75,75,75,75,75,75],"relics":["Cracked Core","Frozen Egg 2","Astrolabe"],"card_choices":[{"not_picked":["Skim","Go for the Eyes"],"picked":"FTL","floor":1},{"not_picked":["Hologram","Steam Power"],"picked":"Ball Lightning","floor":3},{"not_picked":["Steam","Aggregate"],"picked":"White Noise","floor":4},{"not_picked":["Streamline","Go for the Eyes","Rip and Tear"],"picked":"SKIP","floor":5},{"not_picked":["Blizzard","Redo"],"picked":"Static Discharge","floor":8},{"not_picked":["Compile Driver","Gash"],"picked":"Reboot","floor":14},{"not_picked":["Reboot","Rainbow"],"picked":"Amplify","floor":16},{"not_picked":["Stack","Doom and Gloom"],"picked":"Beam Cell+1","floor":18},{"not_picked":["Go for the Eyes","Glacier","Beam Cell"],"picked":"SKIP","floor":19},{"not_picked":["Streamline","Darkness"],"picked":"Hologram","floor":20},{"not_picked":["Redo","Compile Driver","Stack"],"picked":"SKIP","floor":24}],"player_experience":170910,"potions_floor_usage":[4,14,19,20,25,25],"damage_taken":[{"damage":0,"enemies":"2 Louse","floor":1,"turns":2},{"damage":0,"enemies":"Cultist","floor":3,"turns":2},{"damage":11,"enemies":"Jaw Worm","floor":4,"turns":2},{"damage":10,"enemies":"Looter","floor":5,"turns":3},{"damage":0,"enemies":"2 Fungi Beasts","floor":8,"turns":1},{"damage":7,"enemies":"Large Slime","floor":14,"turns":2},{"damage":39,"enemies":"Hexaghost","floor":16,"turns":5},{"damage":20,"enemies":"2 Thieves","floor":18,"turns":4},{"damage":4,"enemies":"Shell Parasite","floor":19,"turns":4},{"damage":7,"enemies":"Sentry and Sphere","floor":20,"turns":4},{"damage":9,"enemies":"Snake Plant","floor":24,"turns":3},{"damage":37,"enemies":"Book of Stabbing","floor":25,"turns":4}],"relics_obtained":[{"floor":9,"key":"Frozen Egg 2"}],"event_choices":[{"event_name":"Accursed Blacksmith","player_choice":"Forge","floor":2,"damage_taken":0},{"event_name":"World of Goop","player_choice":"Gather Gold","floor":7,"damage_taken":0},{"event_name":"Upgrade Shrine","player_choice":"Upgraded","floor":10,"damage_taken":0},{"event_name":"Shining Light","player_choice":"Entered Light","floor":12,"damage_taken":0},{"event_name":"Vampires","player_choice":"Ignored","floor":22,"damage_taken":0}],"boss_relics":[{"not_picked":["Sozu","Cursed Key"],"picked":"Astrolabe"}],"items_purged_floors":[11,13],"potions_floor_spawned":[1,3,5,16,18,24],"seed_played":"-3472108091271819648","killed_by":"Book of Stabbing","ascension_level":0,"potions_obtained":[{"floor":1,"key":"LiquidBronze"},{"floor":3,"key":"SkillPotion"},{"floor":5,"key":"EssenceOfSteel"},{"floor":16,"key":"Ancient Potion"},{"floor":18,"key":"AttackPotion"},{"floor":24,"key":"Weak Potion"}],"is_trial":false}