{"gold_per_floor":[115,115,115,115,138,138,15,53,53,69,87,87,87,126,126,219,219,237,237,260,45,45,45,45,45,86,86,111,111,125,125,82,82],"floor_reached":33,"playtime":1264,"items_purged":[],"score":542,"play_id":"aa509cff-4171-4fc0-b4aa-a5923d817f8c","local_time":"20190302011527","is_ascension_mode":true,"campfire_choices":[{"data":"Zap","floor":6,"key":"SMITH"},{"floor":13,"key":"REST"},{"floor":15,"key":"REST"},{"floor":25,"key":"REST"},{"floor":27,"key":"REST"},{"floor":29,"key":"REST"}],"neow_cost":"NONE","seed_source_timestamp":619231823903089,"circlet_count":0,"master_deck":["AscendersBane","Strike_B","Strike_B","Strike_B","Strike_B","Defend_B+1","Defend_B","Defend_B","Defend_B","Zap+1","Dualcast","Ball Lightning","Sweeping Beam","Core Surge","Core Surge","Reboot","Gash","Skim","Seek+1","Buffer+1","Gash","Cold Snap","Defragment+1","Doom and Gloom+1","Barrage+1","Reinforced Body","Reinforced Body+1"],"relics":["Cracked Core","Ginger","Golden Idol","Turnip","Centennial Puzzle","Golden Egg","Anchor","Velvet Choker","FaceOfCleric","Replay:WaspNest","Kunai"],"potions_floor_usage":[14,14,16,22,26,33],"damage_taken":[{"damage":12,"enemies":"Small Slimes","floor":1,"turns":4},{"damage":0,"enemies":"2 Louse","floor":5,"turns":2},{"damage":24,"enemies":"Gremlin Nob","floor":8,"turns":4},{"damage":0,"enemies":"Cultist","floor":10,"turns":2},{"damage":0,"enemies":"Large Slime","floor":11,"turns":4},{"damage":17,"enemies":"3 Sentries","floor":14,"turns":5},{"damage":28,"enemies":"The Guardian","floor":16,"turns":12},{"damage":20,"enemies":"theJungle:Flameango_and_Byrd","floor":18,"turns":5},{"damage":9,"enemies":"Shell Parasite","floor":20,"turns":5},{"damage":12,"enemies":"theJungle:2_Flameangoes","floor":22,"turns":3},{"damage":14,"enemies":"theJungle:Cassacara","floor":26,"turns":5},{"damage":4,"enemies":"theJungle:Lyon","floor":30,"turns":3},{"damage":44,"enemies":"JungleHuntersEvent","floor":31,"turns":5},{"damage":14,"enemies":"theJungle:2_Phrogs","floor":33,"turns":3}],"seed_played":"-5708069143829222415","potions_obtained":[{"floor":8,"key":"Explosive Potion"},{"floor":10,"key":"Adrenaline Potion"},{"floor":14,"key":"Adrenaline Potion"},{"floor":18,"key":"SmokeBomb"},{"floor":26,"key":"Energy Potion"},{"floor":31,"key":"Strength Potion"}],"is_trial":false,"path_per_floor":["M","?","?","?","M","R","$","E","T","M","M","?","R","E","R","B",null,"M","?","M","$","M","PTL","PTL","R","E","R","T","R","M","?","$","E"],"character_chosen":"DEFECT","items_purchased":["Core Surge","Strength Potion","Defragment","Doom and Gloom","Reinforced Body"],"campfire_rested":5,"item_purchase_floors":[7,21,21,21,32],"current_hp_per_floor":[52,52,41,34,34,34,34,10,10,10,10,10,29,12,31,3,49,29,29,21,21,10,10,10,29,16,36,36,56,53,10,10,0],"gold":82,"neow_bonus":"RANDOM_EVENT","is_prod":false,"is_daily":false,"chose_seed":false,"campfire_upgraded":1,"win_rate":0,"timestamp":1551507327,"path_taken":["M","?","?","?","M","R","$","E","T","M","M","?","R","E","R","BOSS","M","?","?","$","M","PTL","PTL","R","E","R","T","R","M","?","$","E"],"build_version":"2019-02-06","purchased_purges":0,"victory":false,"max_hp_per_floor":[71,64,64,64,64,64,64,64,64,64,64,64,64,64,64,64,64,64,64,65,65,66,66,66,66,67,67,67,67,68,69,69,69],"card_choices":[{"not_picked":["BasicCrystalCard","Hologram"],"picked":"Ball Lightning","floor":1},{"not_picked":["Coolheaded","ReplayTheSpireMod:GoodbyeWorld"],"picked":"Sweeping Beam","floor":5},{"not_picked":["Hologram","Ball Lightning"],"picked":"Reboot","floor":8},{"not_picked":["ReplaySort","ReplayTheSpireMod:GoodbyeWorld"],"picked":"Gash","floor":10},{"not_picked":["Reprogram","ReplayTheSpireMod:Repulse"],"picked":"Skim","floor":11},{"not_picked":["Skim","ReplaySolidLightProjector"],"picked":"Seek","floor":14},{"not_picked":["Machine Learning","Hyperbeam"],"picked":"Buffer","floor":16},{"not_picked":["Ball Lightning","Panic Button+1"],"picked":"Gash","floor":18},{"not_picked":["Hello World","Defragment"],"picked":"Cold Snap","floor":20},{"not_picked":["Beam Cell","Turbo","Barrage+1"],"picked":"SKIP","floor":26},{"not_picked":["Beam Cell","Turbo"],"picked":"Barrage+1","floor":26},{"not_picked":["Redo","Doom and Gloom"],"picked":"Reinforced Body","floor":30}],"player_experience":1094527,"relics_obtained":[{"floor":8,"key":"Centennial Puzzle"},{"floor":9,"key":"Golden Egg"},{"floor":14,"key":"Anchor"},{"floor":26,"key":"Replay:WaspNest"},{"floor":31,"key":"Kunai"}],"event_choices":[{"damage_healed":0,"gold_gain":0,"player_choice":"Box","damage_taken":0,"relics_obtained":["Ginger"],"max_hp_gain":0,"max_hp_loss":0,"event_name":"Big Fish","floor":0,"gold_loss":0,"cards_obtained":["Regret"]},{"damage_healed":0,"gold_gain":0,"player_choice":"Lose Max HP","damage_taken":0,"relics_obtained":["Golden Idol"],"max_hp_gain":0,"max_hp_loss":7,"event_name":"Golden Idol","floor":2,"gold_loss":0},{"damage_healed":0,"gold_gain":0,"player_choice":"Success","damage_taken":11,"relics_obtained":["Turnip"],"max_hp_gain":0,"max_hp_loss":0,"event_name":"Scrap Ooze","floor":3,"gold_loss":0},{"cards_removed":["Regret"],"damage_healed":0,"gold_gain":0,"player_choice":"Card Removal","damage_taken":7,"max_hp_gain":0,"max_hp_loss":0,"event_name":"Golden Wing","floor":4,"gold_loss":0},{"damage_healed":0,"gold_gain":0,"player_choice":"Trade","damage_taken":0,"relics_obtained":["FaceOfCleric"],"max_hp_gain":0,"max_hp_loss":0,"event_name":"FaceTrader","floor":19,"gold_loss":0}],"is_beta":true,"boss_relics":[{"not_picked":["FrozenCore","Calling Bell"],"picked":"Velvet Choker"}],"items_purged_floors":[],"is_endless":false,"potions_floor_spawned":[8,10,11,14,18,26,31],"killed_by":"theJungle:2_Phrogs","ascension_level":20}