{"gold_per_floor":[112,125,141,216,216,216,247,247,274,285,311,311,52,52,52,52],"floor_reached":16,"playtime":565,"items_purged":[],"score":191,"play_id":"2cc731a1-232c-49f4-94c5-d8127719f511","local_time":"20190319182338","is_ascension_mode":true,"campfire_choices":[{"data":"Rebound","floor":6,"key":"SMITH"},{"floor":8,"key":"REST"},{"data":"Zap","floor":12,"key":"SMITH"},{"floor":15,"key":"REST"}],"neow_cost":"NONE","seed_source_timestamp":2273829824316,"circlet_count":0,"master_deck":["AscendersBane","Strike_B","Strike_B","Strike_B","Defend_B","Defend_B","Defend_B","Defend_B","Zap+1","Dualcast+1","Tempest","Steam","Gash","Rebound+1","Cold Snap","Compile Driver","Panacea"],"relics":["Cracked Core","Strawberry","Oddly Smooth Stone","Boot","Bag of Preparation"],"potions_floor_usage":[7,10],"damage_taken":[{"damage":1,"enemies":"2 Louse","floor":1,"turns":3},{"damage":1,"enemies":"Jaw Worm","floor":2,"turns":3},{"damage":1,"enemies":"Cultist","floor":3,"turns":3},{"damage":29,"enemies":"3 Sentries","floor":7,"turns":8},{"damage":27,"enemies":"Exordium Thugs","floor":10,"turns":4},{"damage":41,"enemies":"Slime Boss","floor":16,"turns":10}],"seed_played":"1336764559701442961","potions_obtained":[{"floor":3,"key":"SpeedPotion"},{"floor":7,"key":"Dexterity Potion"}],"is_trial":false,"path_per_floor":["M","M","M","?","?","R","E","R","T","M","T","R","$","?","R","B"],"character_chosen":"DEFECT","items_purchased":["Panacea","Bag of Preparation"],"campfire_rested":2,"item_purchase_floors":[13,13],"current_hp_per_floor":[63,62,61,50,50,50,28,51,51,24,24,24,24,13,36,0],"gold":52,"neow_bonus":"TRANSFORM_CARD","is_prod":false,"is_daily":false,"chose_seed":false,"campfire_upgraded":2,"win_rate":0,"timestamp":1553034218,"path_taken":["M","M","M","?","?","R","E","R","T","M","?","R","$","?","R","BOSS"],"build_version":"2019-03-15","purchased_purges":0,"victory":false,"max_hp_per_floor":[71,71,71,71,71,71,78,78,78,78,78,78,78,78,78,78],"card_choices":[{"not_picked":["Barrage","Heatsinks"],"picked":"Steam","floor":1},{"not_picked":["Tempest","Streamline"],"picked":"Gash","floor":2},{"not_picked":["Turbo","Static Discharge"],"picked":"Rebound","floor":3},{"not_picked":["Static Discharge","Meteor Strike"],"picked":"Cold Snap","floor":7},{"not_picked":["Storm","Redo"],"picked":"Compile Driver","floor":10}],"player_experience":590100,"relics_obtained":[{"floor":7,"key":"Strawberry"},{"floor":9,"key":"Oddly Smooth Stone"},{"floor":11,"key":"Boot"}],"event_choices":[{"damage_healed":0,"gold_gain":75,"player_choice":"Gather Gold","damage_taken":11,"max_hp_gain":0,"max_hp_loss":0,"event_name":"World of Goop","floor":4,"gold_loss":0},{"damage_healed":0,"gold_gain":0,"player_choice":"Grow","damage_taken":0,"max_hp_gain":0,"max_hp_loss":0,"event_name":"Living Wall","floor":5,"gold_loss":0,"cards_upgraded":["Dualcast"]},{"damage_healed":0,"gold_gain":0,"player_choice":"Damaged","damage_taken":11,"max_hp_gain":0,"max_hp_loss":0,"event_name":"Wheel of Change","floor":14,"gold_loss":0}],"is_beta":true,"boss_relics":[],"items_purged_floors":[],"is_endless":false,"potions_floor_spawned":[3,7],"killed_by":"Slime Boss","ascension_level":19}