{"gold_per_floor":[114,114,114,128,145,145,179,197,245,263,263,263,295,295,295,400,400,400,198,198,148,148,148,148,148,148,148,148,30,30,30,30,30,30,30,30,30,30,0,0,0,0,0,0,0,0,0,0,0,0],"floor_reached":51,"playtime":2284,"items_purged":["Regret","Strike_G","Writhe"],"score":693,"play_id":"540600ff-41b1-47ff-8bab-37954361e008","local_time":"20181029211740","is_ascension_mode":false,"campfire_choices":[{"data":"Neutralize","floor":6.0,"key":"SMITH"},{"data":"Crippling Poison","floor":11.0,"key":"SMITH"},{"floor":15.0,"key":"REST"},{"data":"After Image","floor":23.0,"key":"SMITH"},{"data":"Well Laid Plans","floor":25.0,"key":"SMITH"},{"data":"Deadly Poison","floor":28.0,"key":"SMITH"},{"data":"Footwork","floor":32.0,"key":"SMITH"},{"data":"Malaise","floor":40,"key":"SMITH"},{"data":"Bouncing Flask","floor":42,"key":"SMITH"},{"data":"Dodge and Roll","floor":45,"key":"SMITH"},{"floor":49,"key":"REST"}],"neow_cost":"TEN_PERCENT_HP_LOSS","seed_source_timestamp":0,"circlet_count":0,"master_deck":["Defend_G","Defend_G","Defend_G+1","Defend_G","Defend_G","Strike_G+1","Strike_G","Strike_G","Survivor","Neutralize+1","All Out Attack","Storm of Steel","Well Laid Plans+1","Crippling Poison+1","Backflip","Deadly Poison+1","Dash","After Image+1","Infinite Blades","Footwork+1","Dodge and Roll+1","Malaise+1","Backflip","Deflect+1","Bouncing Flask+1","Cloak And Dagger+1","PiercingWail+1","Sucker Punch+1","Dodge and Roll"],"special_seed":0,"relics":["Ring of the Snake","Ginger","Question Card","Happy Flower","Smiling Mask","Bottled Lightning","Ectoplasm","Blood Vial","Boot","Ornamental Fan","Sundial","Dream Catcher","Orichalcum","Busted Crown","StoneCalendar","Red Mask","Bottled Tornado"],"potions_floor_usage":[37,50,50],"damage_taken":[{"damage":0.0,"enemies":"2 Louse","floor":1.0,"turns":3.0},{"damage":0.0,"enemies":"Small Slimes","floor":4.0,"turns":2.0},{"damage":4.0,"enemies":"Cultist","floor":5.0,"turns":4.0},{"damage":16.0,"enemies":"3 Sentries","floor":7.0,"turns":11.0},{"damage":6.0,"enemies":"Blue Slaver","floor":8.0,"turns":4.0},{"damage":0.0,"enemies":"3 Louse","floor":10.0,"turns":3.0},{"damage":14.0,"enemies":"Gremlin Nob","floor":13.0,"turns":4.0},{"damage":11.0,"enemies":"Hexaghost","floor":16.0,"turns":11.0},{"damage":1.0,"enemies":"3 Byrds","floor":18.0,"turns":4.0},{"damage":10.0,"enemies":"Slavers","floor":24.0,"turns":6.0},{"damage":6.0,"enemies":"Book of Stabbing","floor":27.0,"turns":6.0},{"damage":0.0,"enemies":"Spheric Guardian","floor":30.0,"turns":5.0},{"damage":14.0,"enemies":"Collector","floor":33.0,"turns":12.0},{"damage":0,"enemies":"3 Shapes","floor":35,"turns":4},{"damage":0,"enemies":"Mind Bloom Boss Battle","floor":36,"turns":8},{"damage":0,"enemies":"Orb Walker","floor":37,"turns":5},{"damage":4,"enemies":"Spire Growth","floor":41,"turns":6},{"damage":8,"enemies":"Writhing Mass","floor":44,"turns":6},{"damage":0,"enemies":"4 Shapes","floor":46,"turns":5},{"damage":0,"enemies":"Jaw Worm Horde","floor":47,"turns":4},{"damage":4,"enemies":"Spire Growth","floor":48,"turns":6},{"damage":1,"enemies":"Awakened One","floor":50,"turns":20}],"seed_played":"5117931849235930001","potions_obtained":[{"floor":5.0,"key":"GhostInAJar"},{"floor":7.0,"key":"Ancient Potion"},{"floor":8.0,"key":"Dexterity Potion"},{"floor":27.0,"key":"SkillPotion"},{"floor":33.0,"key":"Dexterity Potion"},{"floor":37,"key":"Fruit Juice"},{"floor":44,"key":"LiquidBronze"}],"is_trial":false,"path_per_floor":["M","?","?","M","M","R","E","M","T","M","R","?","E","?","R","B",null,"M","$","?","$","?","R","E","R","T","E","R","$","M","T","R","B",null,"M","?","M","$","?","R","M","R","T","M","R","M","M","M","R","B"],"character_chosen":"THE_SILENT","items_purchased":["Blood Vial","Footwork"],"campfire_rested":2,"item_purchase_floors":[19,29],"current_hp_per_floor":[63,63,63,63,59,59,43,37,37,37,37,24,10,3,21,10,63,62,62,62,62,62,62,53,53,53,49,49,49,51,51,51,39,63,63,63,68,68,68,68,64,64,64,58,58,60,62,60,68,67],"gold":0,"neow_bonus":"ONE_RARE_RELIC","is_prod":false,"is_daily":false,"chose_seed":false,"campfire_upgraded":9,"win_rate":0,"timestamp":1540862260,"path_taken":["M","?","?","M","M","R","E","M","T","M","R","?","E","?","R","BOSS","M","$","?","$","?","R","E","R","T","E","R","?","M","?","R","BOSS","M","?","M","?","?","R","M","R","T","M","R","M","M","?","R","BOSS"],"build_version":"2018-10-29v2","purchased_purges":3,"victory":true,"max_hp_per_floor":[63,63,63,63,63,63,63,63,63,63,63,63,63,63,63,63,63,63,63,63,63,63,63,63,63,63,63,63,63,63,63,63,63,63,63,63,68,68,68,68,68,68,68,68,68,68,68,68,68,68],"card_choices":[{"not_picked":["Acrobatics","Dodge and Roll"],"picked":"All Out Attack","floor":1.0},{"not_picked":["Deflect","Cloak And Dagger","Sucker Punch"],"picked":"Well Laid Plans","floor":4.0},{"not_picked":["Prepared","PiercingWail","Unload"],"picked":"Crippling Poison","floor":5.0},{"not_picked":["Dagger Spray","Acrobatics","Dagger Throw"],"picked":"Backflip","floor":7.0},{"not_picked":["Deflect","Expertise","Quick Slash","Well Laid Plans"],"picked":"SKIP","floor":8.0},{"not_picked":["Cloak And Dagger","Flying Knee","Dagger Throw"],"picked":"Deadly Poison","floor":10.0},{"not_picked":["Quick Slash","Finisher","Deflect"],"picked":"Dash","floor":13.0},{"not_picked":["Phantasmal Killer","Unload","A Thousand Cuts"],"picked":"After Image","floor":16.0},{"not_picked":["Outmaneuver+1","Setup+1","Deadly Poison","Sucker Punch"],"picked":"SKIP","floor":18.0},{"not_picked":["Riddle With Holes","Cloak And Dagger","All Out Attack+1"],"picked":"Infinite Blades","floor":24.0},{"not_picked":["Eviscerate","Masterful Stab","Poisoned Stab","Concentrate+1"],"picked":"SKIP","floor":27.0},{"not_picked":["Poisoned Stab","Slice","All Out Attack"],"picked":"Dodge and Roll","floor":30.0},{"not_picked":["Glass Knife","Envenom","Bullet Time"],"picked":"Malaise","floor":33.0},{"not_picked":["Sucker Punch","Concentrate"],"picked":"SKIP","floor":35},{"not_picked":["Dagger Throw"],"picked":"Backflip","floor":36},{"not_picked":["Dagger Throw+1"],"picked":"Deflect+1","floor":37},{"not_picked":["Prepared"],"picked":"Bouncing Flask","floor":41},{"not_picked":["Grand Finale","Bane"],"picked":"SKIP","floor":44},{"not_picked":["Sucker Punch"],"picked":"Cloak And Dagger+1","floor":46},{"not_picked":["Flechettes"],"picked":"PiercingWail+1","floor":47},{"not_picked":["Setup"],"picked":"Sucker Punch+1","floor":48},{"not_picked":["Escape Plan"],"picked":"Dodge and Roll","floor":49}],"player_experience":776626,"relics_obtained":[{"floor":7.0,"key":"Happy Flower"},{"floor":9.0,"key":"Smiling Mask"},{"floor":13.0,"key":"Bottled Lightning"},{"floor":24.0,"key":"Ornamental Fan"},{"floor":26.0,"key":"Sundial"},{"floor":27.0,"key":"Dream Catcher"},{"floor":31.0,"key":"Orichalcum"},{"floor":36,"key":"StoneCalendar"},{"floor":43,"key":"Bottled Tornado"}],"event_choices":[{"damage_healed":0.0,"max_hp_gain":0.0,"max_hp_loss":0.0,"gold_gain":0.0,"event_name":"Big Fish","player_choice":"Box","floor":2.0,"gold_loss":0.0,"damage_taken":0.0,"relics_obtained":["Question Card"],"cards_obtained":["Regret"]},{"damage_healed":0.0,"max_hp_gain":0.0,"max_hp_loss":0.0,"gold_gain":0.0,"cards_transformed":["Strike_G"],"event_name":"Transmorgrifier","player_choice":"Transformed","floor":3.0,"gold_loss":0.0,"damage_taken":0.0,"cards_obtained":["Storm of Steel"]},{"damage_healed":0.0,"max_hp_gain":0.0,"max_hp_loss":0.0,"gold_gain":0.0,"event_name":"Shining Light","player_choice":"Entered Light","floor":12.0,"gold_loss":0.0,"damage_taken":13.0,"cards_upgraded":["Strike_G","Defend_G"]},{"damage_healed":0.0,"max_hp_gain":0.0,"max_hp_loss":0.0,"gold_gain":0.0,"event_name":"Scrap Ooze","player_choice":"Fled","floor":14.0,"gold_loss":0.0,"damage_taken":7.0},{"damage_healed":0.0,"max_hp_gain":0.0,"max_hp_loss":0.0,"gold_gain":0.0,"event_name":"The Woman in Blue","player_choice":"Bought 0 Potions","floor":20.0,"gold_loss":0.0,"damage_taken":0.0},{"damage_healed":0.0,"max_hp_gain":0.0,"max_hp_loss":0.0,"gold_gain":0.0,"event_name":"The Mausoleum","player_choice":"Opened","floor":22.0,"gold_loss":0.0,"damage_taken":0.0,"relics_obtained":["Boot"],"cards_obtained":["Writhe"]},{"damage_healed":0,"gold_gain":0,"player_choice":"Fight","damage_taken":0,"max_hp_gain":0,"max_hp_loss":0,"event_name":"MindBloom","floor":36,"gold_loss":0},{"damage_healed":0,"gold_gain":0,"player_choice":"Paid","damage_taken":0,"relics_obtained":["Red Mask"],"max_hp_gain":0,"max_hp_loss":0,"event_name":"Tomb of Lord Red Mask","floor":39,"gold_loss":30}],"is_beta":true,"boss_relics":[{"not_picked":["Lizard Tail","Eternal Feather"],"picked":"Ectoplasm"},{"not_picked":["Runic Dome","White Beast Statue"],"picked":"Busted Crown"}],"items_purged_floors":[19,21,29],"is_endless":false,"potions_floor_spawned":[5,7,8,16,18,27,33,37,44,46,47],"ascension_level":0}