{"gold_per_floor":[110,123,73,73,87,112,112,127,174,186,186,186,264,284,284,357,357,370,157,157,8,26,26],"floor_reached":23,"playtime":1237,"items_purged":["Decay"],"score":363,"play_id":"f78d2017-2e9d-4518-a59a-bd075c0655b7","local_time":"20190315070559","is_ascension_mode":true,"campfire_choices":[{"floor":7,"key":"REST"},{"floor":11,"key":"REST"},{"data":"Bouncing Flask","floor":15,"key":"SMITH"}],"neow_cost":"PERCENT_DAMAGE","seed_source_timestamp":98911528842067,"circlet_count":0,"master_deck":["AscendersBane","Defend_G","Defend_G","Defend_G","Defend_G","Defend_G","Strike_G","Strike_G","Strike_G","Strike_G","Strike_G","Survivor","Neutralize","Crippling Poison+1","Cloak And Dagger","Poisoned Stab","Venomology","Escape Plan","Prepared","Bouncing Flask+1","A Thousand Cuts","Noxious Fumes","Catalyst","Backstab"],"relics":["Ring of the Snake","Peace Pipe","Letter Opener","Strawberry","Bottled Flame","Busted Crown","TwistedFunnel"],"potions_floor_usage":[6,10,16,16,18,23,23],"damage_taken":[{"damage":4,"enemies":"Small Slimes","floor":1,"turns":4},{"damage":5,"enemies":"2 Louse","floor":2,"turns":3},{"damage":3,"enemies":"Jaw Worm","floor":5,"turns":6},{"damage":29,"enemies":"Lagavulin","floor":6,"turns":9},{"damage":19,"enemies":"Exordium Thugs","floor":8,"turns":6},{"damage":3,"enemies":"Looter","floor":10,"turns":3},{"damage":0,"enemies":"Red Slaver","floor":14,"turns":5},{"damage":7,"enemies":"Hexaghost","floor":16,"turns":9},{"damage":27,"enemies":"Shell Parasite","floor":18,"turns":7},{"damage":1,"enemies":"3 Byrds","floor":22,"turns":3},{"damage":33,"enemies":"Book of Stabbing","floor":23,"turns":5}],"seed_played":"-1846697487058738713","potions_obtained":[{"floor":2,"key":"Poison Potion"},{"floor":10,"key":"Dexterity Potion"},{"floor":16,"key":"Weak Potion"},{"floor":18,"key":"GhostInAJar"}],"is_trial":false,"path_per_floor":["M","M","?","?","M","E","R","M","T","M","R","?","T","M","R","B",null,"M","$","?","$","M","E"],"character_chosen":"THE_SILENT","items_purchased":["TwistedFunnel","Catalyst"],"campfire_rested":2,"item_purchase_floors":[19,21],"current_hp_per_floor":[40,35,35,35,32,3,22,3,10,7,28,28,28,28,28,21,60,33,33,33,33,32,0],"gold":26,"neow_bonus":"ONE_RARE_RELIC","is_prod":false,"is_daily":false,"chose_seed":false,"campfire_upgraded":1,"win_rate":0,"timestamp":1552647959,"path_taken":["M","M","?","?","M","E","R","M","T","M","R","?","?","M","R","BOSS","M","$","?","$","M","E"],"build_version":"2019-02-06","purchased_purges":1,"victory":false,"max_hp_per_floor":[66,66,66,66,66,66,66,66,73,73,73,73,73,73,73,73,73,73,73,73,73,73,73],"card_choices":[{"not_picked":["Deflect","Blade Dance"],"picked":"Crippling Poison","floor":1},{"not_picked":["Bane","Deadly Poison"],"picked":"Cloak And Dagger","floor":2},{"not_picked":["Sucker Punch","PiercingWail"],"picked":"Poisoned Stab","floor":5},{"not_picked":["Dagger Throw","Acrobatics"],"picked":"Venomology","floor":6},{"not_picked":["Dodge and Roll","Backflip"],"picked":"Escape Plan","floor":8},{"not_picked":["Bane","Blade Dance"],"picked":"Prepared","floor":10},{"not_picked":["Accuracy","Distraction"],"picked":"Bouncing Flask","floor":14},{"not_picked":["Storm of Steel","Night Terror"],"picked":"A Thousand Cuts","floor":16},{"not_picked":[],"picked":"Noxious Fumes","floor":18},{"not_picked":[],"picked":"Backstab","floor":22}],"player_experience":516089,"relics_obtained":[{"floor":6,"key":"Letter Opener"},{"floor":9,"key":"Strawberry"},{"floor":13,"key":"Bottled Flame"}],"event_choices":[{"damage_healed":0,"gold_gain":0,"player_choice":"Left Gold","damage_taken":0,"max_hp_gain":0,"max_hp_loss":0,"event_name":"World of Goop","floor":3,"gold_loss":50},{"damage_healed":0,"gold_gain":0,"player_choice":"Ignored","damage_taken":0,"max_hp_gain":0,"max_hp_loss":0,"event_name":"Golden Idol","floor":4,"gold_loss":0},{"damage_healed":0,"gold_gain":0,"player_choice":"Grow","damage_taken":0,"max_hp_gain":0,"max_hp_loss":0,"event_name":"Living Wall","floor":12,"gold_loss":0,"cards_upgraded":["Crippling Poison"]},{"damage_healed":0,"gold_gain":0,"player_choice":"Smashed Altar","damage_taken":0,"max_hp_gain":0,"max_hp_loss":0,"event_name":"Forgotten Altar","floor":20,"gold_loss":0,"cards_obtained":["Decay"]}],"is_beta":true,"boss_relics":[{"not_picked":["Snecko Eye","Tiny House"],"picked":"Busted Crown"}],"items_purged_floors":[21],"is_endless":false,"potions_floor_spawned":[2,10,16,18,22],"killed_by":"Book of Stabbing","ascension_level":18}