{"gold_per_floor":[118,132,46,46,56,56,69,89,114,127,156,42,42,54,54,54],"floor_reached":16,"playtime":485,"items_purged":["Strike_R"],"score":104,"play_id":"d711393d-1d5c-4138-8787-fc5a0a2dd87c","local_time":"20190129053522","is_ascension_mode":false,"campfire_choices":[{"data":"Armaments","floor":6,"key":"SMITH"},{"floor":13,"key":"REST"},{"data":"Inflame","floor":15,"key":"SMITH"}],"neow_cost":"NONE","seed_source_timestamp":167911903800937,"circlet_count":0,"master_deck":["Strike_R","Strike_R","Strike_R","Strike_R","Defend_R","Defend_R","Defend_R","Defend_R","Bash+1","Heavy Blade","Inflame+1","Armaments+1","Heavy Blade","Heavy Blade","Searing Blow"],"relics":["Burning Blood","Bag of Marbles","Blood Vial","Centennial Puzzle"],"potions_floor_usage":[5,16,16],"damage_taken":[{"damage":6,"enemies":"Cultist","floor":1,"turns":3},{"damage":7,"enemies":"2 Louse","floor":2,"turns":2},{"damage":4,"enemies":"Small Slimes","floor":5,"turns":3},{"damage":9,"enemies":"2 Fungi Beasts","floor":7,"turns":3},{"damage":19,"enemies":"Blue Slaver","floor":8,"turns":3},{"damage":19,"enemies":"Gremlin Gang","floor":10,"turns":5},{"damage":31,"enemies":"Lagavulin","floor":11,"turns":5},{"damage":10,"enemies":"Looter","floor":14,"turns":2},{"damage":60,"enemies":"The Guardian","floor":16,"turns":8}],"seed_played":"7095097950801798586","potions_obtained":[{"floor":1,"key":"Energy Potion"},{"floor":2,"key":"PowerPotion"},{"floor":11,"key":"Explosive Potion"},{"floor":14,"key":"SkillPotion"}],"is_trial":false,"path_per_floor":["M","M","$","?","M","R","M","M","T","M","E","$","R","M","R","B"],"character_chosen":"IRONCLAD","items_purchased":["Inflame","Armaments","Searing Blow"],"campfire_rested":1,"item_purchase_floors":[3,3,12],"current_hp_per_floor":[80,79,79,79,80,80,77,64,64,53,30,30,54,52,52,0],"gold":54,"neow_bonus":"UPGRADE_CARD","is_prod":false,"is_daily":false,"chose_seed":false,"campfire_upgraded":2,"win_rate":0,"timestamp":1548768922,"path_taken":["M","M","?","?","?","R","M","M","T","M","E","$","R","M","R","BOSS"],"build_version":"2019-01-23","purchased_purges":1,"victory":false,"max_hp_per_floor":[80,80,80,80,80,80,80,80,80,80,80,80,80,80,80,80],"card_choices":[{"not_picked":["Sword Boomerang","Evolve","Battle Trance"],"picked":"SKIP","floor":1},{"not_picked":["Disarm","Twin Strike"],"picked":"Heavy Blade","floor":2},{"not_picked":["Battle Trance","Ghostly Armor","Blood for Blood"],"picked":"SKIP","floor":5},{"not_picked":["Twin Strike","Feel No Pain"],"picked":"Heavy Blade","floor":7},{"not_picked":["Perfected Strike","Exhume","Uppercut"],"picked":"SKIP","floor":8},{"not_picked":["Rupture","Ghostly Armor"],"picked":"Heavy Blade","floor":10},{"not_picked":["Twin Strike","Warcry","Sever Soul"],"picked":"SKIP","floor":11},{"not_picked":["Uppercut","Iron Wave","Seeing Red"],"picked":"SKIP","floor":14}],"player_experience":220640,"relics_obtained":[{"floor":9,"key":"Blood Vial"},{"floor":11,"key":"Centennial Puzzle"}],"event_choices":[{"damage_healed":0,"gold_gain":0,"player_choice":"Gave Potion","damage_taken":0,"relics_obtained":["Bag of Marbles"],"max_hp_gain":0,"max_hp_loss":0,"event_name":"WeMeetAgain","floor":4,"gold_loss":0}],"is_beta":false,"boss_relics":[],"items_purged_floors":[12],"is_endless":false,"potions_floor_spawned":[1,2,11,14],"killed_by":"The Guardian","ascension_level":0}