{"path_per_floor":["M","?","?","?","M","M","M","E","T","R","E","M","M","M","R","B",null,"M","?","M","T","$","R","$","R","T","M","R","M","$","M","R","B",null,"M","T","?","?","M","R","?","M","T","M","M","R"],"character_chosen":"THE_SILENT","items_purchased":["Blood Vial","Bottled Lightning","Bouncing Flask","Infinite Blades","Escape Plan"],"gold_per_floor":[109,284,284,284,294,304,320,347,402,402,430,449,469,483,483,587,587,599,599,619,619,155,155,155,155,155,168,168,181,59,71,71,166,166,182,182,182,182,198,198,198,210,210,222,239,239,239],"floor_reached":47,"campfire_rested":4,"playtime":2486,"current_hp_per_floor":[70,70,70,70,69,69,64,35,35,35,20,14,6,6,27,8,70,47,47,56,56,56,56,56,56,56,30,51,30,30,16,37,7,70,3,17,12,73,64,64,64,50,50,36,9,30,0],"items_purged":[],"gold":239,"score":464,"play_id":"174fbe2c-f14d-4d4e-965d-145936371727","local_time":"20180330052953","is_prod":false,"is_daily":false,"is_ascension_mode":false,"campfire_upgraded":4,"timestamp":1522412993,"path_taken":["M","?","?","?","M","M","M","E","T","R","E","M","?","M","R","BOSS","M","?","?","?","$","R","?","R","T","M","R","M","$","M","R","BOSS","M","?","?","?","?","R","?","M","T","M","M","R","M"],"build_version":"2018-03-29v2","purchased_purges":0,"victory":false,"master_deck":["Defend_G+1","Defend_G+1","Defend_G+1","Defend_G+1","Defend_G+1","Strike_G+1","Strike_G+1","Strike_G+1","Strike_G+1","Strike_G+1","Survivor","Neutralize+1","Backflip","Dagger Throw","Flying Knee","Bouncing Flask+1","Dagger Throw","Bouncing Flask+1","Outmaneuver+1","Deadly Poison+1","Backflip+1","After Image+1","Corpse Explosion","Slice","Poisoned Stab","Choke","Bouncing Flask+1","Well Laid Plans","Outmaneuver+1","Noxious Fumes+1","Infinite Blades+1","Escape Plan+1","Poisoned Stab","Wraith Form","Flying Knee+1","Blade Dance+1","Apotheosis+1","Blind+1","Well Laid Plans","Cloak And Dagger+1","Blade Dance+1","Accuracy","Outmaneuver+1"],"max_hp_per_floor":[70,70,70,70,70,70,70,70,70,70,70,70,70,70,70,70,70,70,70,70,70,70,70,70,70,70,70,70,70,70,70,70,70,70,70,84,84,73,73,73,73,73,73,73,73,73,73],"relics":["Lizard Tail","Prayer Wheel","Tiny Chest","Toxic Egg 2","Black Star","Torii","Blood Vial","Bottled Lightning","Gremlin Horn","The Specimen","Mango","Happy Flower"],"card_choices":[{"not_picked":["All Out Attack","Dagger Spray"],"picked":"Backflip","floor":1},{"not_picked":["Poisoned Stab","Outmaneuver"],"picked":"Dagger Throw","floor":5},{"not_picked":["PiercingWail","Blur"],"picked":"Flying Knee","floor":6},{"not_picked":["Outmaneuver","Underhanded Strike"],"picked":"Bouncing Flask","floor":7},{"not_picked":["Catalyst","Dagger Spray"],"picked":"Dagger Throw","floor":8},{"not_picked":["Poisoned Stab","PiercingWail"],"picked":"Bouncing Flask","floor":9},{"not_picked":["All Out Attack","Underhanded Strike"],"picked":"Outmaneuver","floor":11},{"not_picked":["Leg Sweep","Underhanded Strike"],"picked":"Deadly Poison","floor":12},{"not_picked":["Skewer","Prepared"],"picked":"Backflip","floor":13},{"not_picked":["Prepared","Reflex"],"picked":"After Image","floor":14},{"not_picked":["Venomology","Storm of Steel"],"picked":"Corpse Explosion","floor":16},{"not_picked":["Dagger Throw","Bane"],"picked":"Slice","floor":18},{"not_picked":["PiercingWail","Choke"],"picked":"Poisoned Stab","floor":20},{"not_picked":["Deflect","Blade Dance"],"picked":"Choke","floor":21},{"not_picked":["Flying Knee","Terror"],"picked":"Well Laid Plans","floor":26},{"not_picked":["Underhanded Strike","PiercingWail"],"picked":"Outmaneuver","floor":27},{"not_picked":["Poisoned Stab","Sucker Punch"],"picked":"Noxious Fumes","floor":29},{"not_picked":["Underhanded Strike","Expertise"],"picked":"Poisoned Stab","floor":31},{"not_picked":["Phantasmal Killer","Glass Knife"],"picked":"Wraith Form","floor":33},{"not_picked":["Prepared","Outmaneuver"],"picked":"Flying Knee","floor":35},{"not_picked":["Backflip","Riddle With Holes"],"picked":"Blade Dance","floor":36},{"not_picked":["Secret Weapon","Panacea"],"picked":"Apotheosis","floor":37},{"not_picked":["Finesse","Thinking Ahead"],"picked":"Blind","floor":37},{"not_picked":["Backflip","All Out Attack"],"picked":"Well Laid Plans","floor":39},{"not_picked":["Prepared","Slice"],"picked":"Cloak And Dagger","floor":42},{"not_picked":["Leg Sweep","Predator"],"picked":"Blade Dance","floor":43},{"not_picked":["Predator","Underhanded Strike"],"picked":"Accuracy","floor":44},{"not_picked":["Masterful Stab","PiercingWail"],"picked":"Outmaneuver","floor":45}],"player_experience":44185,"potions_floor_usage":[13,13,16,20,20,29,33,44,45],"damage_taken":[{"damage":0,"enemies":"2 Louse","floor":1,"turns":4},{"damage":1,"enemies":"Jaw Worm","floor":5,"turns":5},{"damage":0,"enemies":"Cultist","floor":6,"turns":3},{"damage":5,"enemies":"Exordium Wildlife","floor":7,"turns":6},{"damage":29,"enemies":"Lagavulin","floor":8,"turns":7},{"damage":15,"enemies":"Gremlin Nob","floor":11,"turns":4},{"damage":6,"enemies":"2 Fungi Beasts","floor":12,"turns":3},{"damage":17,"enemies":"Lots of Slimes","floor":13,"turns":4},{"damage":0,"enemies":"Large Slime","floor":14,"turns":3},{"damage":19,"enemies":"Hexaghost","floor":16,"turns":7},{"damage":23,"enemies":"2 Thieves","floor":18,"turns":5},{"damage":0,"enemies":"Spheric Guardian","floor":20,"turns":3},{"damage":28,"enemies":"Centurion and Healer","floor":27,"turns":8},{"damage":23,"enemies":"Snake Plant","floor":29,"turns":3},{"damage":16,"enemies":"Sentry and Sphere","floor":31,"turns":5},{"damage":92,"enemies":"Automaton","floor":33,"turns":10},{"damage":67,"enemies":"3 Darklings","floor":35,"turns":6},{"damage":9,"enemies":"Orb Walker","floor":39,"turns":3},{"damage":16,"enemies":"4 Shapes","floor":42,"turns":4},{"damage":16,"enemies":"Maw","floor":44,"turns":8},{"damage":29,"enemies":"Sphere and 2 Shapes","floor":45,"turns":5},{"damage":49,"enemies":"4 Shapes","floor":47,"turns":3}],"event_choices":[{"event_name":"Liars Game","player_choice":"agreed","floor":2,"damage_taken":0},{"event_name":"Upgrade Shrine","player_choice":"Upgraded","floor":3,"damage_taken":0},{"event_name":"Fountain of Cleansing","player_choice":"Removed Curse","floor":4,"damage_taken":0},{"event_name":"Back to Basics","player_choice":"Simplicity","floor":19,"damage_taken":0},{"event_name":"SensoryStone","player_choice":"Memory 2","floor":37,"damage_taken":0},{"event_name":"The Moai Head","player_choice":"Heal","floor":38,"damage_taken":0},{"event_name":"Accursed Blacksmith","player_choice":"Forge","floor":41,"damage_taken":0}],"boss_relics":[{"not_picked":["Sozu","Philosopher\u0027s Stone"],"picked":"Black Star"},{"not_picked":["White Beast Statue","Orrery"],"picked":"The Specimen"}],"potions_floor_spawned":[1,8,12,16,18,27,31,35,44],"seed_played":"-100146918106707093","killed_by":"4 Shapes","ascension_level":0,"is_trial":false}