{"gold_per_floor":[110,110,163,35,35,70,70,95,148,163,180,180],"floor_reached":12,"playtime":925,"items_purged":["Dualcast"],"score":120,"play_id":"7bc6930f-30cd-4e61-b9ac-4066ea63706c","local_time":"20181220182622","is_ascension_mode":true,"campfire_choices":[{"floor":7,"key":"REST"}],"neow_cost":"NONE","seed_source_timestamp":0,"circlet_count":0,"master_deck":["Strike_B","Strike_B","Strike_B","Defend_B","Defend_B","Defend_B","Defend_B","Zap","Sweeping Beam","Coolheaded","Trip","Core Surge","Ball Lightning","Core Surge","Sunder","Rebound"],"special_seed":0,"relics":["Sozu","Emotion Chip","Darkstone Periapt","Lantern"],"potions_floor_usage":[],"damage_taken":[{"damage":0.0,"enemies":"Cultist","floor":1.0,"turns":4.0},{"damage":27,"enemies":"3 Sentries","floor":6,"turns":8},{"damage":42,"enemies":"Gremlin Nob","floor":8,"turns":4},{"damage":2,"enemies":"Jaw Worm","floor":10,"turns":2},{"damage":0,"enemies":"Small Slimes","floor":11,"turns":2},{"damage":14,"enemies":"Red Slaver","floor":12,"turns":1}],"seed_played":"-6405719349725117070","potions_obtained":[],"is_trial":false,"path_per_floor":["M","?","T","$","?","E","R","E","T","M","M","M"],"character_chosen":"DEFECT","items_purchased":["Coolheaded"],"campfire_rested":1,"item_purchase_floors":[4],"current_hp_per_floor":[68,61,61,61,61,34,56,14,14,12,12,0],"gold":180,"neow_bonus":"BOSS_RELIC","is_prod":false,"is_daily":false,"chose_seed":false,"campfire_upgraded":0,"win_rate":0,"timestamp":1545348382,"path_taken":["M","?","?","?","?","E","R","E","T","M","?","M"],"build_version":"2018-12-13","purchased_purges":1,"victory":false,"max_hp_per_floor":[75,75,75,75,75,75,75,75,75,75,75,75],"card_choices":[{"not_picked":["Rebound","Force Field"],"picked":"Sweeping Beam","floor":1.0},{"not_picked":["Fusion","Skim"],"picked":"Ball Lightning","floor":6},{"not_picked":["Steam","Melter"],"picked":"Core Surge","floor":8},{"not_picked":["Turbo","Gash"],"picked":"Sunder","floor":10},{"not_picked":["Darkness","Beam Cell"],"picked":"Rebound","floor":11}],"player_experience":298536,"relics_obtained":[{"floor":6,"key":"Emotion Chip"},{"floor":8,"key":"Darkstone Periapt"},{"floor":9,"key":"Lantern"}],"event_choices":[{"cards_removed":["Strike_B"],"damage_healed":0.0,"max_hp_gain":0.0,"max_hp_loss":0.0,"gold_gain":0.0,"event_name":"Golden Wing","player_choice":"Card Removal","floor":2.0,"gold_loss":0.0,"damage_taken":7.0},{"damage_healed":0,"gold_gain":0,"player_choice":"2 cards matched","damage_taken":0,"max_hp_gain":0,"max_hp_loss":0,"event_name":"Match and Keep!","floor":5,"gold_loss":0,"cards_obtained":["Trip","Core Surge"]},{"damage_healed":0,"gold_gain":0,"player_choice":"2 cards matched","damage_taken":0,"max_hp_gain":0,"max_hp_loss":0,"event_name":"Match and Keep!","floor":5,"gold_loss":0,"cards_obtained":["Trip","Core Surge"]}],"is_beta":false,"boss_relics":[],"items_purged_floors":[4],"is_endless":false,"potions_floor_spawned":[11],"killed_by":"Red Slaver","ascension_level":8}