{"gold_per_floor":[115,126,72,87,87,87,125,145,170,170,170,229,254,269,269,392,392,438,452,552,867,883,883,158,158,158,173,204,219,264,283,283,407,407,422,40,55,91,122,168,180,192,229,260,292,324,336,364,376,388],"floor_reached":51,"playtime":3377,"items_purged":[],"score":1082,"play_id":"1c72f830-bb3d-4227-9093-8bb66410cc56","local_time":"20190203080800","daily_mods":["Chimera","Shiny","Specialized","Vintage","Diverse","Colorless Cards","Heirloom","Uncertain Future"],"is_ascension_mode":false,"campfire_choices":[{"data":"Seek","floor":6,"key":"SMITH"},{"data":"Apotheosis","floor":11,"key":"SMITH"},{"data":"Adrenaline","floor":15,"key":"SMITH"},{"data":"1","floor":23,"key":"LIFT"},{"data":"2","floor":25,"key":"LIFT"},{"data":"3","floor":32,"key":"LIFT"},{"floor":41,"key":"REST"},{"floor":49,"key":"REST"}],"neow_cost":"","seed_source_timestamp":7943732794815,"circlet_count":0,"master_deck":["Bash","Survivor","Zap","Strike_R+1","Strike_G","Strike_B","Defend_R","Defend_G","Defend_B","Multi-Cast","Hyperbeam","Thunder Strike","Biased Cognition","Machine Learning","Electrodynamics","Buffer","Rainbow","Seek+1","Meteor Strike","Echo Form","All For One","Reboot","Amplify","Creative AI","Fission","Core Surge","Venomology","Corpse Explosion","Malaise","Phantasmal Killer","Die Die Die","Adrenaline+1","Envenom","Doppelganger","Burst","Wraith Form v2","Tools of the Trade","Night Terror","Unload","After Image+1","Bullet Time","Storm of Steel","Glass Knife","A Thousand Cuts","Grand Finale","Double Tap","Demon Form","Bludgeon","Feed","Limit Break","Barricade","Fiend Fire","Dark Embrace","Berserk","Impervious","Juggernaut","Brutality","Reaper","Exhume","Offering","Immolate+1","Thinking Ahead","Metamorphosis","Master of Strategy","Magnetism","Chrysalis","Transmutation","HandOfGreed","Mayhem","Apotheosis+1","Secret Weapon","Panache","Violence","Secret Technique","The Bomb","Sadistic Nature","Metamorphosis","Metamorphosis","Metamorphosis","Metamorphosis","Metamorphosis","Backflip","HandOfGreed","Discovery","Amplify","Predator","Bandage Up+1","Dagger Throw","True Grit+1"],"relics":["Unceasing Top","Charon\u0027s Ashes","Vajra","Art of War","Anchor","Golden Idol","Odd Mushroom","Ginger","Red Skull","Ancient Tea Set","Dream Catcher","Bag of Preparation","Fusion Hammer","Strawberry","Letter Opener","Old Coin","Girya","Omamori","Strange Spoon","Calipers","Gambling Chip","Incense Burner","Darkstone Periapt","Self Forming Clay","Oddly Smooth Stone","Ornamental Fan","Sozu","Potion Belt","Centennial Puzzle","Medical Kit","MawBank","Shuriken","Toxic Egg 2","Blue Candle","Lantern","Happy Flower","Whetstone","Mummified Hand","Blood Vial","Bronze Scales"],"potions_floor_usage":[14,14,33],"damage_taken":[{"damage":7,"enemies":"2 Louse","floor":1,"turns":2},{"damage":0,"enemies":"Jaw Worm","floor":2,"turns":1},{"damage":0,"enemies":"Small Slimes","floor":4,"turns":2},{"damage":0,"enemies":"The Mushroom Lair","floor":7,"turns":2},{"damage":0,"enemies":"2 Fungi Beasts","floor":8,"turns":1},{"damage":12,"enemies":"Lagavulin","floor":12,"turns":5},{"damage":2,"enemies":"Red Slaver","floor":13,"turns":3},{"damage":0,"enemies":"Exordium Thugs","floor":14,"turns":6},{"damage":27,"enemies":"Hexaghost","floor":16,"turns":5},{"damage":0,"enemies":"Chosen","floor":18,"turns":3},{"damage":0,"enemies":"3 Byrds","floor":19,"turns":1},{"damage":2,"enemies":"Centurion and Healer","floor":21,"turns":5},{"damage":6,"enemies":"Snake Plant","floor":22,"turns":3},{"damage":0,"enemies":"3 Cultists","floor":27,"turns":3},{"damage":0,"enemies":"Gremlin Leader","floor":28,"turns":3},{"damage":7,"enemies":"Sentry and Sphere","floor":29,"turns":3},{"damage":0,"enemies":"Snake Plant","floor":31,"turns":1},{"damage":6,"enemies":"Collector","floor":33,"turns":2},{"damage":0,"enemies":"3 Darklings","floor":35,"turns":4},{"damage":12,"enemies":"3 Shapes","floor":37,"turns":4},{"damage":22,"enemies":"Writhing Mass","floor":38,"turns":3},{"damage":14,"enemies":"Sphere and 2 Shapes","floor":39,"turns":4},{"damage":3,"enemies":"Giant Head","floor":40,"turns":5},{"damage":1,"enemies":"Spire Growth","floor":44,"turns":4},{"damage":7,"enemies":"Writhing Mass","floor":45,"turns":5},{"damage":0,"enemies":"Transient","floor":46,"turns":5},{"damage":1,"enemies":"Maw","floor":48,"turns":4},{"damage":0,"enemies":"Donu and Deca","floor":50,"turns":4}],"seed_played":"-5341702726157242308","potions_obtained":[{"floor":2,"key":"Strength Potion"},{"floor":12,"key":"Block Potion"},{"floor":19,"key":"FearPotion"}],"is_trial":true,"path_per_floor":["M","M","$","M","?","R","?","M","T","?","R","E","M","M","R","B",null,"M","M","?","M","M","R","$","R","T","M","E","M","T","M","R","B",null,"M","$","M","M","M","E","R","?","T","M","M","M","?","M","R","B",null],"character_chosen":"IRONCLAD","items_purchased":["Backflip","Omamori","Strange Spoon","Calipers","Discovery","Centennial Puzzle","Medical Kit","Predator"],"campfire_rested":2,"item_purchase_floors":[3,24,24,24,24,36,36,36],"current_hp_per_floor":[73,76,76,76,56,56,56,56,56,56,56,44,42,51,51,27,89,96,96,96,97,91,91,91,91,91,91,91,84,84,84,84,82,103,103,103,91,72,61,58,90,90,90,101,94,109,109,108,109,109],"gold":400,"neow_bonus":"","is_prod":false,"is_daily":false,"chose_seed":false,"campfire_upgraded":3,"win_rate":0,"timestamp":1549199280,"path_taken":["M","M","$","M","?","R","?","M","T","?","R","E","M","M","R","BOSS","M","M","?","?","M","R","$","R","T","M","E","M","?","M","R","BOSS","M","$","M","M","M","E","R","?","T","M","?","M","?","M","R","BOSS"],"build_version":"2019-01-23","purchased_purges":0,"victory":true,"max_hp_per_floor":[80,83,83,83,83,83,83,83,83,83,83,83,83,86,86,89,89,96,96,96,99,99,99,99,99,99,99,99,99,99,99,99,103,103,103,103,103,106,109,109,109,109,109,109,109,109,109,109,109,109],"card_choices":[{"not_picked":["Purity","Cloak And Dagger","Setup"],"picked":"SKIP","floor":12},{"not_picked":["Chrysalis","Bludgeon"],"picked":"HandOfGreed","floor":16},{"not_picked":["Static Discharge","Pommel Strike","Catalyst"],"picked":"SKIP","floor":28},{"not_picked":["Secret Technique","Hyperbeam"],"picked":"Amplify","floor":33},{"not_picked":["Impatience+1","Setup+1"],"picked":"Bandage Up+1","floor":40},{"not_picked":["Turbo+1","Streamline+1"],"picked":"Dagger Throw","floor":41},{"not_picked":["Clothesline+1","Quick Slash"],"picked":"True Grit+1","floor":49}],"player_experience":336710,"relics_obtained":[{"floor":1,"key":"Vajra"},{"floor":2,"key":"Art of War"},{"floor":4,"key":"Anchor"},{"floor":7,"key":"Odd Mushroom"},{"floor":8,"key":"Ginger"},{"floor":9,"key":"Red Skull"},{"floor":12,"key":"Ancient Tea Set"},{"floor":13,"key":"Dream Catcher"},{"floor":14,"key":"Bag of Preparation"},{"floor":18,"key":"Strawberry"},{"floor":19,"key":"Letter Opener"},{"floor":21,"key":"Old Coin"},{"floor":22,"key":"Girya"},{"floor":26,"key":"Gambling Chip"},{"floor":27,"key":"Incense Burner"},{"floor":28,"key":"Darkstone Periapt"},{"floor":29,"key":"Self Forming Clay"},{"floor":30,"key":"Oddly Smooth Stone"},{"floor":31,"key":"Ornamental Fan"},{"floor":35,"key":"Potion Belt"},{"floor":37,"key":"MawBank"},{"floor":38,"key":"Shuriken"},{"floor":39,"key":"Toxic Egg 2"},{"floor":40,"key":"Blue Candle"},{"floor":43,"key":"Happy Flower"},{"floor":44,"key":"Whetstone"},{"floor":45,"key":"Mummified Hand"},{"floor":46,"key":"Blood Vial"},{"floor":48,"key":"Bronze Scales"}],"event_choices":[{"damage_healed":0,"gold_gain":0,"player_choice":"Take Damage","damage_taken":20,"relics_obtained":["Golden Idol"],"max_hp_gain":0,"max_hp_loss":0,"event_name":"Golden Idol","floor":5,"gold_loss":0},{"damage_healed":0,"gold_gain":0,"player_choice":"Fought Mushrooms","damage_taken":0,"max_hp_gain":0,"max_hp_loss":0,"event_name":"Mushrooms","floor":7,"gold_loss":0},{"damage_healed":0,"gold_gain":0,"player_choice":"Grow","damage_taken":0,"max_hp_gain":0,"max_hp_loss":0,"event_name":"Living Wall","floor":10,"gold_loss":0,"cards_upgraded":["After Image"]},{"damage_healed":0,"gold_gain":100,"player_choice":"Pray","damage_taken":0,"max_hp_gain":0,"max_hp_loss":0,"event_name":"Golden Shrine","floor":20,"gold_loss":0},{"damage_healed":0,"gold_gain":0,"player_choice":"Gave Potion","damage_taken":0,"relics_obtained":["Lantern"],"max_hp_gain":0,"max_hp_loss":0,"event_name":"WeMeetAgain","floor":42,"gold_loss":0},{"damage_healed":0,"gold_gain":0,"player_choice":"Memory 1","damage_taken":0,"max_hp_gain":0,"max_hp_loss":0,"event_name":"SensoryStone","floor":47,"gold_loss":0}],"is_beta":true,"boss_relics":[{"not_picked":["Orrery","White Beast Statue"],"picked":"Fusion Hammer"},{"not_picked":["Lizard Tail","Snecko Eye"],"picked":"Sozu"}],"items_purged_floors":[],"is_endless":false,"potions_floor_spawned":[2,12,13,19,27,28,29,31,35,39,44,48],"ascension_level":0}