{"path_per_floor":["M","M","M","?","T","R","E","R","T","M","?","M","M","M","R","B",null,"M","M","?","M","M","M","R","M","T","E","?","M"],"character_chosen":"THE_SILENT","items_purchased":[],"gold_per_floor":[113,130,145,145,145,145,180,180,231,249,271,288,302,320,320,424,424,424,424,424,424,424,424,424,424,424,424,424,424,424],"floor_reached":30,"campfire_rested":0,"playtime":2357,"current_hp_per_floor":[75,75,74,79,79,79,74,74,74,76,72,68,68,58,58,20,89,86,88,88,84,77,57,57,37,37,32,15,14,0],"items_purged":[],"gold":424,"score":283,"play_id":"2c85d937-06e6-4690-b404-23a1e9885118","local_time":"20180330044815","is_prod":false,"is_daily":false,"is_ascension_mode":false,"campfire_upgraded":4,"timestamp":1522410495,"path_taken":["M","M","M","?","?","R","E","R","T","M","?","M","M","M","R","BOSS","M","?","?","M","M","M","R","?","T","E","?","?","?"],"build_version":"2018-03-29v2","purchased_purges":0,"victory":false,"master_deck":["Defend_G","Defend_G","Defend_G","Defend_G","Defend_G","Strike_G","Strike_G","Strike_G","Strike_G","Strike_G","Survivor","Neutralize+1","Caltrops","Escape Plan","Cloak And Dagger","After Image+1","Prepared","Well Laid Plans","Infinite Blades+1","Flying Knee","Quick Slash","After Image+1","Slice","Prepared","Slice+1","Deflect","Slice","After Image","Flying Knee","Riddle With Holes"],"max_hp_per_floor":[77,77,77,82,82,82,89,89,89,89,89,89,89,89,89,89,89,89,89,89,89,89,89,89,89,89,89,94,94,94],"relics":["Ring of the Snake","Bag of Marbles","Strawberry","Blood Vial","Odd Mushroom","Ectoplasm","Bronze Scales","Torii"],"card_choices":[{"not_picked":["Dodge and Roll","Catalyst"],"picked":"Caltrops","floor":1},{"not_picked":["Backflip","Predator"],"picked":"Escape Plan","floor":2},{"not_picked":["Distraction","Riddle With Holes"],"picked":"Cloak And Dagger","floor":3},{"not_picked":["PiercingWail","Poisoned Stab"],"picked":"After Image","floor":7},{"not_picked":["Masterful Stab","Crippling Poison"],"picked":"Prepared","floor":10},{"not_picked":["Underhanded Strike","PiercingWail"],"picked":"Well Laid Plans","floor":11},{"not_picked":["Sucker Punch","Dagger Throw"],"picked":"Infinite Blades","floor":12},{"not_picked":["Dodge and Roll","Catalyst"],"picked":"Flying Knee","floor":13},{"not_picked":["Skewer","Tactician"],"picked":"Quick Slash","floor":14},{"not_picked":["Unload","Phantasmal Killer"],"picked":"After Image","floor":16},{"not_picked":["Dagger Spray","Deflect"],"picked":"Slice","floor":18},{"not_picked":["Choke","Flying Knee"],"picked":"Prepared","floor":19},{"not_picked":["Dagger Spray","Riddle With Holes"],"picked":"Slice","floor":21},{"not_picked":["Crippling Poison","Flechettes"],"picked":"Deflect","floor":22},{"not_picked":["Quick Slash","Dodge and Roll"],"picked":"Slice","floor":23},{"not_picked":["Underhanded Strike","Cloak And Dagger"],"picked":"After Image","floor":25},{"not_picked":["Blade Dance","Deadly Poison"],"picked":"Flying Knee","floor":27},{"not_picked":["Bane","Prepared"],"picked":"Riddle With Holes","floor":29}],"player_experience":41828,"potions_floor_usage":[7,7,11,16,22,25,27,29,30],"damage_taken":[{"damage":2,"enemies":"Small Slimes","floor":1,"turns":6},{"damage":0,"enemies":"Cultist","floor":2,"turns":4},{"damage":1,"enemies":"Jaw Worm","floor":3,"turns":6},{"damage":12,"enemies":"Lagavulin","floor":7,"turns":10},{"damage":0,"enemies":"Large Slime","floor":10,"turns":9},{"damage":6,"enemies":"The Mushroom Lair","floor":11,"turns":5},{"damage":6,"enemies":"Looter","floor":12,"turns":4},{"damage":2,"enemies":"Exordium Wildlife","floor":13,"turns":5},{"damage":12,"enemies":"Gremlin Gang","floor":14,"turns":6},{"damage":40,"enemies":"The Guardian","floor":16,"turns":13},{"damage":3,"enemies":"3 Byrds","floor":18,"turns":6},{"damage":0,"enemies":"Spheric Guardian","floor":19,"turns":6},{"damage":5,"enemies":"Centurion and Healer","floor":21,"turns":12},{"damage":21,"enemies":"Snake Plant","floor":22,"turns":5},{"damage":22,"enemies":"Slaver and Parasite","floor":23,"turns":9},{"damage":22,"enemies":"Centurion and Healer","floor":25,"turns":13},{"damage":22,"enemies":"Slavers","floor":27,"turns":7},{"damage":3,"enemies":"Chosen and Byrds","floor":29,"turns":8},{"damage":24,"enemies":"Slaver and Parasite","floor":30,"turns":3}],"event_choices":[{"event_name":"Big Fish","player_choice":"Donut","floor":4,"damage_taken":0},{"event_name":"Mushrooms","player_choice":"Fought Mushrooms","floor":11,"damage_taken":0},{"event_name":"Drug Dealer","player_choice":"Ignored","floor":20,"damage_taken":0},{"event_name":"Forgotten Altar","player_choice":"Shed Blood","floor":28,"damage_taken":0}],"boss_relics":[{"not_picked":["Snecko Eye","Runic Pyramid"],"picked":"Ectoplasm"}],"potions_floor_spawned":[1,3,7,11,14,21,23,25,27],"seed_played":"-5888540359844327091","killed_by":"Slaver and Parasite","ascension_level":0,"is_trial":false}