{"gold_per_floor":[119,119,119,130,47,76,76,108,108,118,136,194,194,219,219,296,296,315,325,337,356,356,356,391,409,486,486,504,521,521,546,546,619,619,633,633,633,633,633],"floor_reached":39,"playtime":2275,"items_purged":[],"score":953,"play_id":"82383ed0-6bb1-418a-84d1-8ef3474125e8","local_time":"20190325220424","is_ascension_mode":true,"campfire_choices":[{"data":"Bash","floor":7.0,"key":"SMITH"},{"data":"Clothesline","floor":15,"key":"SMITH"},{"data":"Barricade","floor":23,"key":"SMITH"},{"data":"Intimidate","floor":27,"key":"SMITH"},{"floor":32,"key":"REST"}],"neow_cost":"NONE","seed_source_timestamp":1098519257617845,"circlet_count":0,"master_deck":["AscendersBane","Defend_R","Defend_R","Defend_R","Defend_R","Bash+1","Inflame+1","Clothesline+1","Inflame","Iron Wave","Pummel","Impervious","Sword Boomerang+1","Whirlwind+1","Barricade+1","True Grit+1","Pummel+1","Metallicize+1","Intimidate+1","Sword Boomerang+1","Iron Wave+1","Bite+1","Bite+1","Bite+1","Bite+1","Bite+1","Feed+1","Shrug It Off+1","Madness","Madness"],"special_seed":0,"relics":["Burning Blood","Calipers","Ice Cream","Paper Frog","Molten Egg 2","Ornamental Fan","Runic Pyramid","Art of War","Singing Bowl","Du-Vu Doll","Philosopher\u0027s Stone","Bottled Lightning"],"potions_floor_usage":[14,16,31,33,33],"damage_taken":[{"damage":7.0,"enemies":"Cultist","floor":1.0,"turns":4.0},{"damage":6.0,"enemies":"2 Louse","floor":4.0,"turns":4.0},{"damage":24.0,"enemies":"Gremlin Nob","floor":6.0,"turns":4.0},{"damage":25.0,"enemies":"Lagavulin","floor":8.0,"turns":5.0},{"damage":9.0,"enemies":"Jaw Worm","floor":10.0,"turns":3.0},{"damage":5.0,"enemies":"Red Slaver","floor":11.0,"turns":4.0},{"damage":8.0,"enemies":"Gremlin Nob","floor":12.0,"turns":3.0},{"damage":10,"enemies":"3 Sentries","floor":14,"turns":4},{"damage":16,"enemies":"The Guardian","floor":16,"turns":7},{"damage":15,"enemies":"3 Byrds","floor":18,"turns":6},{"damage":12,"enemies":"Spheric Guardian","floor":19,"turns":6},{"damage":20,"enemies":"Centurion and Healer","floor":20,"turns":7},{"damage":2,"enemies":"Snake Plant","floor":21,"turns":5},{"damage":0,"enemies":"Gremlin Leader","floor":24,"turns":8},{"damage":13,"enemies":"Cultist and Chosen","floor":25,"turns":6},{"damage":8,"enemies":"Sentry and Sphere","floor":28,"turns":5},{"damage":6,"enemies":"Snake Plant","floor":29,"turns":6},{"damage":44,"enemies":"Slavers","floor":31,"turns":7},{"damage":24,"enemies":"Automaton","floor":33,"turns":8},{"damage":38,"enemies":"3 Shapes","floor":35,"turns":14},{"damage":31,"enemies":"3 Darklings","floor":39,"turns":2}],"seed_played":"9042371158379603212","potions_obtained":[{"floor":1.0,"key":"BloodPotion"},{"floor":4.0,"key":"FearPotion"},{"floor":8.0,"key":"Poison Potion"},{"floor":13.0,"key":"SteroidPotion"},{"floor":14,"key":"SpeedPotion"},{"floor":24,"key":"Energy Potion"},{"floor":25,"key":"BloodPotion"},{"floor":28,"key":"Explosive Potion"},{"floor":31,"key":"Strength Potion"},{"floor":33,"key":"Explosive Potion"},{"floor":35,"key":"GamblersBrew"}],"is_trial":false,"path_per_floor":["M","?","?","M","$","E","R","E","T","M","M","?","?","E","R","B",null,"M","M","M","M","?","R","E","M","T","R","M","M","?","E","R","B",null,"M","?","?","T","M"],"character_chosen":"IRONCLAD","items_purchased":["Inflame"],"campfire_rested":1,"item_purchase_floors":[5],"current_hp_per_floor":[74,74,74,74,74,56,56,37,37,42,43,41,41,37,37,27,68,59,53,39,43,43,43,49,44,44,44,42,44,44,26,44,38,56,40,40,28,28,0],"gold":633,"neow_bonus":"TEN_PERCENT_HP_BONUS","is_prod":false,"is_daily":false,"chose_seed":false,"campfire_upgraded":4,"win_rate":0,"timestamp":1553565864,"path_taken":["M","?","?","M","?","E","R","E","T","M","?","?","?","E","R","BOSS","M","?","M","M","?","R","E","?","T","R","M","M","?","E","R","BOSS","M","?","?","?","M"],"build_version":"2019-03-15","purchased_purges":0,"victory":false,"max_hp_per_floor":[82,82,82,82,82,82,82,82,82,82,82,82,82,82,82,82,82,82,82,82,82,82,82,82,84,84,84,84,86,60,62,62,62,62,66,66,66,66,66],"card_choices":[{"not_picked":["Flame Barrier","Twin Strike"],"picked":"Inflame","floor":1.0},{"not_picked":["Corruption","Hemokinesis"],"picked":"Clothesline","floor":4.0},{"not_picked":["Thunderclap","Cleave","Wild Strike"],"picked":"SKIP","floor":6.0},{"not_picked":["Cleave","Hemokinesis"],"picked":"Iron Wave","floor":8.0},{"not_picked":["Hemokinesis","Iron Wave"],"picked":"Pummel","floor":10.0},{"not_picked":["Inflame","Uppercut"],"picked":"Impervious","floor":11.0},{"not_picked":["Headbutt","Spot Weakness"],"picked":"Sword Boomerang","floor":12.0},{"not_picked":["Rupture","Pummel+1"],"picked":"Whirlwind+1","floor":14},{"not_picked":["Bludgeon+1","Berserk"],"picked":"Barricade","floor":16},{"not_picked":["Armaments","Rampage+1"],"picked":"True Grit+1","floor":18},{"not_picked":["Rupture","Burning Pact"],"picked":"Pummel+1","floor":19},{"not_picked":["Corruption","Armaments"],"picked":"Metallicize+1","floor":20},{"not_picked":["Dropkick+1","Body Slam+1"],"picked":"Intimidate","floor":21},{"not_picked":["Wild Strike+1","Combust"],"picked":"Sword Boomerang+1","floor":24},{"not_picked":["Cleave+1","Perfected Strike+1","Exhume"],"picked":"Singing Bowl","floor":25},{"not_picked":["Blood for Blood+1","Armaments"],"picked":"Iron Wave+1","floor":28},{"not_picked":["Second Wind","Body Slam+1","Rampage+1"],"picked":"Singing Bowl","floor":29},{"not_picked":["Rupture","Dropkick+1","Dark Embrace"],"picked":"Singing Bowl","floor":31},{"not_picked":["Offering","Limit Break"],"picked":"Feed+1","floor":33},{"not_picked":["Sever Soul+1","Wild Strike+1"],"picked":"Shrug It Off+1","floor":35}],"player_experience":1273593,"relics_obtained":[{"floor":6.0,"key":"Calipers"},{"floor":8.0,"key":"Ice Cream"},{"floor":9.0,"key":"Paper Frog"},{"floor":12.0,"key":"Molten Egg 2"},{"floor":14,"key":"Ornamental Fan"},{"floor":24,"key":"Singing Bowl"},{"floor":31,"key":"Du-Vu Doll"},{"floor":38,"key":"Bottled Lightning"}],"event_choices":[{"damage_healed":0.0,"max_hp_gain":0.0,"max_hp_loss":0.0,"gold_gain":0.0,"event_name":"Living Wall","player_choice":"Grow","floor":2.0,"gold_loss":0.0,"damage_taken":0.0,"cards_upgraded":["Inflame"]},{"damage_healed":0.0,"max_hp_gain":0.0,"max_hp_loss":0.0,"gold_gain":0.0,"event_name":"Liars Game","player_choice":"Ignored","floor":3.0,"gold_loss":0.0,"damage_taken":0.0},{"damage_healed":0.0,"max_hp_gain":0.0,"max_hp_loss":0.0,"gold_gain":0.0,"event_name":"Dead Adventurer","player_choice":"Searched \u00272\u0027 times","floor":12.0,"gold_loss":0.0,"damage_taken":0.0},{"damage_healed":0.0,"max_hp_gain":0.0,"max_hp_loss":0.0,"gold_gain":0.0,"event_name":"Lab","player_choice":"Got Potions","floor":13.0,"gold_loss":0.0,"damage_taken":0.0},{"damage_healed":0,"gold_gain":0,"player_choice":"Gave Potion","damage_taken":0,"relics_obtained":["Art of War"],"max_hp_gain":0,"max_hp_loss":0,"event_name":"WeMeetAgain","floor":22,"gold_loss":0},{"damage_healed":0,"gold_gain":0,"player_choice":"Became a vampire","damage_taken":0,"max_hp_gain":0,"max_hp_loss":26,"event_name":"Vampires","floor":30,"gold_loss":0,"cards_obtained":["Bite","Bite","Bite","Bite","Bite"]},{"damage_healed":0,"gold_gain":0,"player_choice":"Ignored","damage_taken":0,"max_hp_gain":0,"max_hp_loss":0,"event_name":"Tomb of Lord Red Mask","floor":36,"gold_loss":0},{"damage_healed":0,"gold_gain":0,"player_choice":"Embrace Madness","damage_taken":12,"max_hp_gain":0,"max_hp_loss":0,"event_name":"Winding Halls","floor":37,"gold_loss":0,"cards_obtained":["Madness","Madness"]}],"is_beta":true,"boss_relics":[{"not_picked":["Orrery","Astrolabe"],"picked":"Runic Pyramid"},{"not_picked":["Snecko Eye","White Beast Statue"],"picked":"Philosopher\u0027s Stone"}],"items_purged_floors":[],"is_endless":false,"potions_floor_spawned":[1,4,8,14,24,25,28,31,33,35],"killed_by":"3 Darklings","ascension_level":20}