{"gold_per_floor":[115,129,304,72,22,22,50,50,50,75,93,113,166,177,177,274,274,289,18,31,43,43,43,73,73,73,73,88,88],"floor_reached":29,"playtime":953,"items_purged":["Doubt"],"score":331,"play_id":"ccf8e98c-c59a-4fe3-83d8-aec8250e2b7e","local_time":"20190312035049","is_ascension_mode":true,"campfire_choices":[{"data":"Twin Strike","floor":6,"key":"SMITH"},{"data":"Armaments","floor":8,"key":"SMITH"},{"floor":15,"key":"RECALL"},{"data":"Searing Blow+1","floor":23,"key":"SMITH"},{"data":"Searing Blow+2","floor":27,"key":"SMITH"}],"neow_cost":"NONE","seed_source_timestamp":334969204508263,"circlet_count":0,"master_deck":["Defend_R","Defend_R","Defend_R","Defend_R","Bash","Twin Strike+1","Armaments+1","Cleave","Shockwave","Flex","Dual Wield","Double Tap","Twin Strike","Shrug It Off","Shockwave","Searing Blow+3","Bite","Bite","Bite","Bite","Bite"],"relics":["Burning Blood","NeowsBlessing","Vajra","Dodecahedron","PreservedInsect","Lizard Tail","Shuriken","Pantograph","Paper Frog"],"potions_floor_usage":[10,10,11,18,20,29],"damage_taken":[{"damage":0,"enemies":"Jaw Worm","floor":1,"turns":1},{"damage":0,"enemies":"Small Slimes","floor":2,"turns":1},{"damage":0,"enemies":"Gremlin Nob","floor":7,"turns":1},{"damage":13,"enemies":"Lagavulin","floor":10,"turns":3},{"damage":1,"enemies":"2 Louse","floor":11,"turns":2},{"damage":11,"enemies":"Lots of Slimes","floor":12,"turns":3},{"damage":4,"enemies":"Blue Slaver","floor":14,"turns":2},{"damage":61,"enemies":"Hexaghost","floor":16,"turns":9},{"damage":12,"enemies":"Shell Parasite","floor":18,"turns":3},{"damage":15,"enemies":"3 Byrds","floor":20,"turns":7},{"damage":31,"enemies":"Snake Plant","floor":21,"turns":6},{"damage":57,"enemies":"Gremlin Leader","floor":24,"turns":4},{"damage":40,"enemies":"Sentry and Sphere","floor":28,"turns":6},{"damage":16,"enemies":"3 Cultists","floor":29,"turns":4}],"seed_played":"-7967752896886895720","potions_obtained":[{"floor":2,"key":"GamblersBrew"},{"floor":7,"key":"PowerPotion"},{"floor":10,"key":"EssenceOfSteel"},{"floor":16,"key":"Energy Potion"},{"floor":18,"key":"Block Potion"},{"floor":28,"key":"Dexterity Potion"}],"is_trial":false,"path_per_floor":["M","M","?","$","?","R","E","R","T","E","M","M","T","M","R","B",null,"M","$","M","M","$","R","E","?","T","R","M","M"],"character_chosen":"IRONCLAD","items_purchased":["Vajra","Shuriken","Shrug It Off"],"campfire_rested":0,"item_purchase_floors":[4,19,19],"current_hp_per_floor":[80,80,80,80,80,80,80,80,80,73,80,75,75,79,79,25,80,74,74,67,44,44,44,40,40,40,40,12,0],"gold":88,"neow_bonus":"THREE_ENEMY_KILL","is_prod":false,"is_daily":false,"chose_seed":false,"campfire_upgraded":4,"win_rate":0,"timestamp":1552387849,"path_taken":["M","M","?","$","?","R","E","R","T","E","M","M","?","M","R","BOSS","M","$","M","M","$","R","E","?","T","R","M","M"],"build_version":"2019-01-23","purchased_purges":1,"victory":false,"max_hp_per_floor":[80,80,80,80,80,80,80,80,80,80,80,80,80,80,80,80,80,80,80,80,80,80,80,80,80,80,80,80,80],"card_choices":[{"not_picked":["Armaments","Heavy Blade"],"picked":"Twin Strike","floor":1},{"not_picked":["Dropkick","Shrug It Off"],"picked":"Armaments","floor":2},{"not_picked":["Pommel Strike","Perfected Strike"],"picked":"Cleave","floor":7},{"not_picked":["Cleave","Metallicize"],"picked":"Shockwave","floor":10},{"not_picked":["Wild Strike","Headbutt"],"picked":"Flex","floor":11},{"not_picked":["Bloodletting","Evolve","Ghostly Armor"],"picked":"SKIP","floor":12},{"not_picked":["Body Slam","Reckless Charge"],"picked":"Dual Wield","floor":14},{"not_picked":["Juggernaut","Brutality"],"picked":"Double Tap","floor":16},{"not_picked":["Body Slam+1","Hemokinesis"],"picked":"Twin Strike","floor":18},{"not_picked":["Wild Strike","Perfected Strike"],"picked":"Shockwave","floor":20},{"not_picked":["Metallicize","Thunderclap"],"picked":"Searing Blow+1","floor":21},{"not_picked":["Fire Breathing","Reckless Charge+1","Twin Strike"],"picked":"SKIP","floor":24},{"not_picked":["Intimidate+1","Carnage","Metallicize"],"picked":"SKIP","floor":28}],"player_experience":326138,"relics_obtained":[{"floor":7,"key":"Blood Vial"},{"floor":9,"key":"Dodecahedron"},{"floor":10,"key":"PreservedInsect"},{"floor":24,"key":"Pantograph"},{"floor":26,"key":"Paper Frog"}],"event_choices":[{"damage_healed":0,"gold_gain":175,"player_choice":"AGREE","damage_taken":0,"max_hp_gain":0,"max_hp_loss":0,"event_name":"Liars Game","floor":3,"gold_loss":0,"cards_obtained":["Doubt"]},{"cards_removed":["Strike_R"],"damage_healed":0,"gold_gain":0,"player_choice":"Card Removal","damage_taken":0,"max_hp_gain":0,"max_hp_loss":0,"event_name":"The Cleric","floor":5,"gold_loss":50},{"damage_healed":0,"gold_gain":0,"player_choice":"Became a vampire (Vial)","damage_taken":0,"max_hp_gain":0,"max_hp_loss":0,"event_name":"Vampires","floor":25,"relics_lost":["Blood Vial"],"gold_loss":0,"cards_obtained":["Bite","Bite","Bite","Bite","Bite"]}],"is_beta":false,"boss_relics":[{"not_picked":["Runic Pyramid","Orrery"],"picked":"Lizard Tail"}],"items_purged_floors":[4],"is_endless":false,"potions_floor_spawned":[2,7,10,16,18,28],"killed_by":"3 Cultists","ascension_level":2}