{"path_per_floor":["M","M","?","?","M","R","M","$","T","M","?","E","M","$","R","B",null,"M","?","?","M","M","R","E","R","T","?","$","M","M"],"character_chosen":"THE_SILENT","items_purchased":["Storm of Steel","Anchor"],"gold_per_floor":[112,126,126,126,140,140,157,7,7,21,21,56,76,1,1,103,103,115,115,115,134,153,153,188,188,188,188,39,59,78,78],"floor_reached":31,"campfire_rested":3,"playtime":1371,"item_purchase_floors":[8,28],"current_hp_per_floor":[63,63,63,56,50,50,48,48,48,37,37,28,27,27,45,25,63,56,45,45,34,32,52,6,26,26,26,26,13,2,0],"items_purged":["Strike_G"],"gold":78,"score":257,"play_id":"ed5dd9a4-4fae-4a6e-8f04-941c4a28b29c","local_time":"20180608000652","is_prod":false,"is_daily":false,"chose_seed":false,"is_ascension_mode":false,"campfire_upgraded":1,"win_rate":0,"timestamp":1528441612,"campfire_choices":[{"data":"Neutralize","floor":6,"key":"SMITH"},{"floor":15,"key":"REST"},{"floor":23,"key":"REST"},{"floor":25,"key":"REST"}],"path_taken":["M","M","?","?","M","R","M","$","T","M","?","E","?","$","R","BOSS","M","?","?","?","M","R","E","R","T","?","$","M","M","E"],"build_version":"2018-06-07","seed_source_timestamp":1381316886475598,"purchased_purges":1,"victory":false,"master_deck":["Defend_G","Defend_G","Defend_G","Strike_G","Strike_G","Strike_G","Strike_G","Survivor","Neutralize+1","Blade Dance","Accuracy","Backflip","Accuracy","Storm of Steel+1","Backflip","Backflip","Phantasmal Killer","Cloak And Dagger","Cloak And Dagger","Accuracy+1","Deadly Poison"],"max_hp_per_floor":[63,63,63,63,63,63,63,63,63,63,63,63,63,63,63,63,63,63,68,68,68,68,68,68,68,68,68,68,68,68,68],"relics":["Ring of the Snake","Torii","Dream Catcher","Frozen Egg 2","Runic Pyramid","Blue Candle","Girya","Toolbox","Anchor"],"card_choices":[{"not_picked":["Slice","Endless Agony"],"picked":"Blade Dance","floor":1},{"not_picked":["Infinite Blades","Deadly Poison"],"picked":"Accuracy","floor":2},{"not_picked":["Footwork","Quick Slash"],"picked":"Backflip","floor":5},{"not_picked":["Skewer","Reflex"],"picked":"Accuracy","floor":7},{"not_picked":["Dodge and Roll","Deflect","Leg Sweep"],"picked":"SKIP","floor":10},{"not_picked":["Bane","PiercingWail","Dodge and Roll"],"picked":"SKIP","floor":12},{"not_picked":["Masterful Stab","Predator"],"picked":"Backflip","floor":13},{"not_picked":["Deflect","Footwork+1"],"picked":"Backflip","floor":15},{"not_picked":["Corpse Explosion","Tactician"],"picked":"Phantasmal Killer","floor":16},{"not_picked":["Riddle With Holes","Setup+1"],"picked":"Cloak And Dagger","floor":18},{"not_picked":["Outmaneuver","Flying Knee"],"picked":"Cloak And Dagger","floor":21},{"not_picked":["Noxious Fumes+1","Quick Slash"],"picked":"Accuracy+1","floor":22},{"not_picked":["Distraction","Accuracy+1"],"picked":"Deadly Poison","floor":23},{"not_picked":["Slice","Bouncing Flask+1","PiercingWail+1"],"picked":"SKIP","floor":24},{"not_picked":["Reflex","Deadly Poison","All Out Attack+1"],"picked":"SKIP","floor":29},{"not_picked":["Bane","Cloak And Dagger","Skewer+1"],"picked":"SKIP","floor":30}],"player_experience":142034,"potions_floor_usage":[10,12,16,21,24,30],"damage_taken":[{"damage":0,"enemies":"Small Slimes","floor":1,"turns":5},{"damage":0,"enemies":"Jaw Worm","floor":2,"turns":4},{"damage":6,"enemies":"2 Louse","floor":5,"turns":3},{"damage":2,"enemies":"Looter","floor":7,"turns":3},{"damage":11,"enemies":"Large Slime","floor":10,"turns":3},{"damage":9,"enemies":"3 Sentries","floor":12,"turns":4},{"damage":1,"enemies":"3 Louse","floor":13,"turns":3},{"damage":20,"enemies":"Hexaghost","floor":16,"turns":10},{"damage":7,"enemies":"Shell Parasite","floor":18,"turns":2},{"damage":11,"enemies":"Spheric Guardian","floor":21,"turns":4},{"damage":2,"enemies":"Centurion and Healer","floor":22,"turns":7},{"damage":46,"enemies":"Gremlin Leader","floor":24,"turns":6},{"damage":13,"enemies":"Chosen and Byrds","floor":29,"turns":5},{"damage":11,"enemies":"3 Cultists","floor":30,"turns":4},{"damage":10,"enemies":"Slavers","floor":31,"turns":1}],"relics_obtained":[{"floor":9,"key":"Dream Catcher"},{"floor":12,"key":"Frozen Egg 2"},{"floor":24,"key":"Girya"},{"floor":26,"key":"Toolbox"}],"event_choices":[{"event_name":"Liars Game","player_choice":"disagreed","floor":3,"damage_taken":0},{"event_name":"Golden Wing","player_choice":"Card Removal","floor":4,"damage_taken":0},{"event_name":"Living Wall","player_choice":"Grow","floor":11,"damage_taken":0},{"event_name":"Forgotten Altar","player_choice":"Shed Blood","floor":19,"damage_taken":0},{"event_name":"The Mausoleum","player_choice":"Yes","floor":20,"damage_taken":0},{"event_name":"Back to Basics","player_choice":"Elegance","floor":27,"damage_taken":0}],"boss_relics":[{"not_picked":["Runic Dome","Black Star"],"picked":"Runic Pyramid"}],"items_purged_floors":[14],"potions_floor_spawned":[5,7,12,13,18,29],"seed_played":"707557425014421675","killed_by":"Slavers","ascension_level":0,"potions_obtained":[{"floor":5,"key":"LiquidBronze"},{"floor":7,"key":"Swift Potion"},{"floor":12,"key":"LiquidBronze"},{"floor":13,"key":"Energy Potion"},{"floor":18,"key":"SkillPotion"},{"floor":29,"key":"Strength Potion"}],"is_trial":false}