{"gold_per_floor":[20,31,46,60,78,78,97,97,121,121,121,41,51,83,83,155,155,166,182,97,97,109,109,122,122,145,145,145,173,57,74,74,151,151,168,181,192,192,92,118,218,253,301,328,340,340,394,394,394,394,394,394,17,17],"floor_reached":54,"playtime":3130,"items_purged":["Strike_R","Strike_R"],"score":1592,"play_id":"d10e4ed8-8a63-439e-82bf-9cca94271057","local_time":"20190314093205","is_ascension_mode":true,"campfire_choices":[{"data":"Uppercut","floor":6,"key":"SMITH"},{"data":"Bash","floor":8,"key":"SMITH"},{"data":"Metallicize","floor":10,"key":"SMITH"},{"data":"Double Tap","floor":15,"key":"SMITH"},{"data":"Heavy Blade","floor":23,"key":"SMITH"},{"data":"Inflame","floor":25,"key":"SMITH"},{"data":"Iron Wave","floor":28,"key":"SMITH"},{"data":"Rage","floor":32,"key":"SMITH"},{"data":"Shrug It Off","floor":46,"key":"SMITH"},{"floor":49,"key":"RECALL"},{"data":"Metallicize","floor":52,"key":"SMITH"}],"neow_cost":"NO_GOLD","seed_source_timestamp":19379911603055,"circlet_count":0,"master_deck":["AscendersBane","Strike_R","Strike_R","Strike_R","Defend_R","Defend_R","Defend_R","Bash+1","Sword Boomerang","Iron Wave+1","Uppercut+1","Metallicize+1","Anger","Inflame+1","Double Tap+1","Limit Break+1","Twin Strike","Heavy Blade+1","Inflame+1","Cleave","Rage+1","Feed","Metallicize+1","True Grit+1","Fiend Fire","Shrug It Off+1","Inflame"],"relics":["Burning Blood","FossilizedHelix","Juzu Bracelet","Pen Nib","Coffee Dripper","Vajra","Lantern","Boot","Runic Pyramid","Unceasing Top","Nunchaku","Bronze Scales","Kunai","Turnip","Torii"],"potions_floor_usage":[5,7,14,14,22,29,29,29,33,33,47,47,50,54],"damage_taken":[{"damage":0,"enemies":"Small Slimes","floor":1,"turns":4},{"damage":0,"enemies":"Cultist","floor":2,"turns":4},{"damage":0,"enemies":"Jaw Worm","floor":3,"turns":4},{"damage":16,"enemies":"3 Louse","floor":4,"turns":4},{"damage":0,"enemies":"Large Slime","floor":5,"turns":4},{"damage":6,"enemies":"Exordium Wildlife","floor":7,"turns":4},{"damage":4,"enemies":"Blue Slaver","floor":13,"turns":4},{"damage":4,"enemies":"3 Sentries","floor":14,"turns":6},{"damage":33,"enemies":"The Guardian","floor":16,"turns":12},{"damage":22,"enemies":"2 Thieves","floor":18,"turns":4},{"damage":20,"enemies":"3 Byrds","floor":19,"turns":5},{"damage":27,"enemies":"Snake Plant","floor":22,"turns":4},{"damage":6,"enemies":"3 Cultists","floor":24,"turns":3},{"damage":7,"enemies":"Gremlin Leader","floor":29,"turns":3},{"damage":0,"enemies":"Shelled Parasite and Fungi","floor":31,"turns":3},{"damage":0,"enemies":"Automaton","floor":33,"turns":7},{"damage":0,"enemies":"Orb Walker","floor":35,"turns":2},{"damage":17,"enemies":"3 Shapes","floor":36,"turns":3},{"damage":8,"enemies":"Sphere and 2 Shapes","floor":37,"turns":5},{"damage":5,"enemies":"Nemesis","floor":40,"turns":5},{"damage":0,"enemies":"Mind Bloom Boss Battle","floor":41,"turns":6},{"damage":0,"enemies":"Giant Head","floor":42,"turns":6},{"damage":0,"enemies":"Nemesis","floor":44,"turns":4},{"damage":19,"enemies":"4 Shapes","floor":45,"turns":6},{"damage":11,"enemies":"2 Orb Walkers","floor":47,"turns":3},{"damage":19,"enemies":"Time Eater","floor":50,"turns":6},{"damage":94,"enemies":"Shield and Spear","floor":54,"turns":3}],"seed_played":"-3749789277759502540","potions_obtained":[{"floor":1,"key":"PowerPotion"},{"floor":4,"key":"AttackPotion"},{"floor":5,"key":"SkillPotion"},{"floor":13,"key":"AttackPotion"},{"floor":19,"key":"BloodPotion"},{"floor":22,"key":"Weak Potion"},{"floor":24,"key":"EntropicBrew"},{"floor":29,"key":"EssenceOfSteel"},{"floor":42,"key":"PowerPotion"},{"floor":44,"key":"SteroidPotion"},{"floor":47,"key":"EssenceOfSteel"}],"is_trial":false,"path_per_floor":["M","M","M","M","M","R","M","R","T","R","?","$","M","E","R","B",null,"M","M","?","?","M","R","M","R","T","?","R","E","$","M","R","B",null,"M","M","M","?","$","E","?","E","T","E","M","R","?","?","R","B",null,"R","$","E"],"character_chosen":"IRONCLAD","items_purchased":["Inflame","Rage","Torii","SpeedPotion"],"campfire_rested":0,"item_purchase_floors":[12,30,53,53],"current_hp_per_floor":[74,75,75,65,71,71,71,71,71,71,60,60,62,64,64,37,66,50,36,36,36,22,22,22,22,22,37,37,36,36,42,42,48,68,77,69,70,70,70,74,80,89,89,90,80,80,78,78,78,68,91,91,91,0],"gold":17,"neow_bonus":"ONE_RARE_RELIC","is_prod":false,"is_daily":false,"chose_seed":false,"campfire_upgraded":10,"win_rate":0,"timestamp":1552570325,"path_taken":["M","M","M","M","M","R","M","R","T","R","?","$","M","E","R","BOSS","M","M","?","?","M","R","M","R","T","?","R","E","$","M","R","BOSS","M","M","M","?","$","E","?","E","T","E","M","R","?","?","R","BOSS","R","$","E"],"build_version":"2019-02-06","purchased_purges":2,"victory":false,"max_hp_per_floor":[75,75,75,75,75,75,75,75,75,75,75,75,75,75,75,75,75,75,75,75,75,75,75,75,75,75,75,75,75,75,75,75,75,75,78,81,84,84,84,87,87,90,90,90,93,93,96,96,96,99,99,99,99,99],"card_choices":[{"not_picked":["Rupture","Flex","Body Slam"],"picked":"SKIP","floor":1},{"not_picked":["Combust","Reckless Charge"],"picked":"Sword Boomerang","floor":2},{"not_picked":["Cleave","Second Wind"],"picked":"Iron Wave","floor":3},{"not_picked":["Body Slam","Feel No Pain"],"picked":"Uppercut","floor":4},{"not_picked":["Dual Wield","Dropkick"],"picked":"Metallicize","floor":5},{"not_picked":["Sword Boomerang","Warcry"],"picked":"Anger","floor":7},{"not_picked":["Clothesline","Perfected Strike"],"picked":"Double Tap","floor":13},{"not_picked":["Blood for Blood","Heavy Blade","Evolve"],"picked":"SKIP","floor":14},{"not_picked":["Reaper","Immolate"],"picked":"Limit Break","floor":16},{"not_picked":["Body Slam","Shockwave"],"picked":"Twin Strike","floor":18},{"not_picked":["Intimidate","Flex"],"picked":"Heavy Blade","floor":19},{"not_picked":["Twin Strike","Sentinel"],"picked":"Inflame+1","floor":22},{"not_picked":["Perfected Strike","Pommel Strike"],"picked":"Cleave","floor":24},{"not_picked":["Havoc+1","Clothesline","Anger"],"picked":"SKIP","floor":29},{"not_picked":["Thunderclap","Twin Strike","Armaments"],"picked":"SKIP","floor":31},{"not_picked":["Brutality","Impervious"],"picked":"Feed","floor":33},{"not_picked":["Clothesline","Twin Strike+1"],"picked":"Metallicize","floor":35},{"not_picked":["Armaments","Cleave","Flex"],"picked":"SKIP","floor":36},{"not_picked":["Warcry+1","Armaments","Cleave"],"picked":"SKIP","floor":37},{"not_picked":["Warcry","Feel No Pain"],"picked":"True Grit+1","floor":40},{"not_picked":["Twin Strike+1","Clothesline"],"picked":"Fiend Fire","floor":41},{"not_picked":["Warcry","Clash"],"picked":"Shrug It Off","floor":42},{"not_picked":["Infernal Blade","Clash","Twin Strike"],"picked":"SKIP","floor":44},{"not_picked":["True Grit","Anger","Thunderclap+1"],"picked":"SKIP","floor":45},{"not_picked":["Sword Boomerang","Havoc"],"picked":"Inflame","floor":47}],"player_experience":490354,"relics_obtained":[{"floor":9,"key":"Juzu Bracelet"},{"floor":14,"key":"Pen Nib"},{"floor":26,"key":"Lantern"},{"floor":29,"key":"Boot"},{"floor":40,"key":"Unceasing Top"},{"floor":41,"key":"Nunchaku"},{"floor":42,"key":"Bronze Scales"},{"floor":44,"key":"Kunai"},{"floor":47,"key":"Turnip"}],"event_choices":[{"damage_healed":0,"gold_gain":0,"player_choice":"Damaged","damage_taken":11,"max_hp_gain":0,"max_hp_loss":0,"event_name":"Wheel of Change","floor":11,"gold_loss":0},{"damage_healed":0,"gold_gain":0,"player_choice":"Obtained Relic","damage_taken":0,"relics_obtained":["Vajra"],"max_hp_gain":0,"max_hp_loss":0,"event_name":"Addict","floor":20,"gold_loss":85},{"damage_healed":0,"gold_gain":0,"player_choice":"Forge","damage_taken":0,"max_hp_gain":0,"max_hp_loss":0,"event_name":"Accursed Blacksmith","floor":21,"gold_loss":0,"cards_upgraded":["Limit Break"]},{"damage_healed":15,"gold_gain":0,"player_choice":"Heal","damage_taken":0,"max_hp_gain":0,"max_hp_loss":0,"event_name":"The Library","floor":27,"gold_loss":0},{"cards_removed":["Defend_R"],"damage_healed":0,"gold_gain":0,"player_choice":"Removed Skill","damage_taken":0,"max_hp_gain":0,"max_hp_loss":0,"event_name":"Falling","floor":38,"gold_loss":0},{"damage_healed":0,"gold_gain":0,"player_choice":"Fight","damage_taken":0,"max_hp_gain":0,"max_hp_loss":0,"event_name":"MindBloom","floor":41,"gold_loss":0},{"damage_healed":0,"gold_gain":0,"player_choice":"Fight","damage_taken":0,"max_hp_gain":0,"max_hp_loss":0,"event_name":"Mysterious Sphere","floor":47,"gold_loss":0},{"damage_healed":0,"gold_gain":0,"player_choice":"Memory 1","damage_taken":0,"max_hp_gain":0,"max_hp_loss":0,"event_name":"SensoryStone","floor":48,"gold_loss":0}],"is_beta":true,"boss_relics":[{"not_picked":["Runic Cube","White Beast Statue"],"picked":"Coffee Dripper"},{"not_picked":["Fusion Hammer","Cursed Key"],"picked":"Runic Pyramid"}],"items_purged_floors":[30,39],"is_endless":false,"potions_floor_spawned":[1,4,5,13,19,22,24,29,42,44,45,47],"killed_by":"Shield and Spear","ascension_level":17}