{"gold_per_floor":[111,111,130,180,198,226,54,54,80,80,94,122,122,138,138,209,209,209,129,129,129,129,129,129,129,129,129,129,129,51,51,51,51],"floor_reached":33,"playtime":1853,"items_purged":["Regret"],"score":723,"play_id":"2549bda6-7be2-4dbb-9470-7b66364be0a8","local_time":"20181118133043","is_ascension_mode":true,"campfire_choices":[{"data":"Doom and Gloom","floor":8,"key":"SMITH"},{"data":"Zap","floor":10,"key":"SMITH"},{"data":"Seek","floor":13,"key":"SMITH"},{"data":"Steam","floor":15,"key":"SMITH"},{"data":"Buffer","floor":23,"key":"SMITH"},{"floor":32,"key":"REST"}],"neow_cost":"TEN_PERCENT_HP_LOSS","seed_source_timestamp":321064806076119,"circlet_count":0,"master_deck":["AscendersBane","Defend_B","Defend_B","Defend_B+1","Defend_B","Zap+1","Dualcast+1","Echo Form","Gash","Steam+1","Cold Snap","Melter","Doom and Gloom+1","Compile Driver","Seek+1","Leap","Electrodynamics","Go for the Eyes+1","Buffer+1","Melter+1","White Noise+1","Defragment","Compile Driver","Bite","Bite","Bite","Bite","Bite","Capacitor","Force Field","Core Surge","Echo Form"],"special_seed":0,"relics":["Cracked Core","War Paint","Pocketwatch","Dead Branch","Ectoplasm","Omamori","Emotion Chip"],"potions_floor_usage":[12,16,24,24,24,28,33],"damage_taken":[{"damage":1.0,"enemies":"Cultist","floor":1.0,"turns":4.0},{"damage":0.0,"enemies":"Small Slimes","floor":3.0,"turns":2.0},{"damage":3,"enemies":"Jaw Worm","floor":5,"turns":3},{"damage":29,"enemies":"Lagavulin","floor":6,"turns":8},{"damage":6,"enemies":"Large Slime","floor":11,"turns":4},{"damage":7,"enemies":"3 Sentries","floor":12,"turns":4},{"damage":6,"enemies":"Blue Slaver","floor":14,"turns":2},{"damage":0,"enemies":"The Guardian","floor":16,"turns":10},{"damage":0,"enemies":"Spheric Guardian","floor":18,"turns":1},{"damage":6,"enemies":"2 Thieves","floor":19,"turns":3},{"damage":8,"enemies":"Snake Plant","floor":20,"turns":5},{"damage":0,"enemies":"3 Cultists","floor":21,"turns":4},{"damage":8,"enemies":"Slavers","floor":24,"turns":4},{"damage":8,"enemies":"Chosen and Byrds","floor":27,"turns":6},{"damage":33,"enemies":"Book of Stabbing","floor":28,"turns":6},{"damage":13,"enemies":"Snecko","floor":29,"turns":5},{"damage":11,"enemies":"Cultist and Chosen","floor":31,"turns":6},{"damage":0,"enemies":"Automaton","floor":33,"turns":2}],"seed_played":"6707817619001896974","potions_obtained":[{"floor":11,"key":"PowerPotion"},{"floor":14,"key":"Dexterity Potion"},{"floor":16,"key":"Block Potion"},{"floor":20,"key":"AttackPotion"},{"floor":21,"key":"EntropicBrew"},{"floor":31,"key":"GamblersBrew"}],"is_trial":false,"path_per_floor":["M","?","M","?","M","E","$","R","T","R","M","E","R","M","R","B",null,"M","M","M","M","?","R","E","?","T","M","E","M","$","M","R","B"],"character_chosen":"DEFECT","items_purchased":["Doom and Gloom","PowerPotion","Core Surge"],"campfire_rested":1,"item_purchase_floors":[7,7,30],"current_hp_per_floor":[63,63,63,57,54,25,25,25,25,25,21,16,16,12,12,14,52,54,50,44,46,46,46,40,40,40,40,13,8,8,5,24,24],"gold":51,"neow_bonus":"THREE_RARE_CARDS","is_prod":false,"is_daily":false,"chose_seed":false,"campfire_upgraded":5,"win_rate":0,"timestamp":1542565843,"path_taken":["M","?","M","?","M","E","$","R","T","R","M","E","R","M","R","BOSS","M","M","?","M","?","R","E","?","T","M","E","M","?","M","R","BOSS"],"build_version":"2018-11-15","purchased_purges":1,"victory":false,"max_hp_per_floor":[64,64,64,64,64,64,64,64,64,64,64,64,64,64,64,64,64,64,64,64,64,64,64,64,64,64,64,64,64,64,64,64,64],"card_choices":[{"not_picked":["All For One","Seek"],"picked":"Echo Form","floor":0.0},{"not_picked":["Turbo","Leap"],"picked":"Gash","floor":1.0},{"not_picked":["Stack","Leap"],"picked":"Steam","floor":3.0},{"not_picked":["Reprogram","Leap"],"picked":"Cold Snap","floor":5},{"not_picked":["Rip and Tear","Reboot"],"picked":"Melter","floor":6},{"not_picked":["Chaos","Beam Cell"],"picked":"Compile Driver","floor":11},{"not_picked":["Beam Cell","Cold Snap"],"picked":"Seek","floor":12},{"not_picked":["Streamline","Aggregate"],"picked":"Leap","floor":14},{"not_picked":["Seek","Multi-Cast"],"picked":"Electrodynamics","floor":16},{"not_picked":["Barrage","Ball Lightning"],"picked":"Go for the Eyes+1","floor":18},{"not_picked":["Streamline","Coolheaded+1"],"picked":"Buffer","floor":19},{"not_picked":["Hologram","Turbo+1"],"picked":"Melter+1","floor":20},{"not_picked":["Streamline","Auto Shields"],"picked":"White Noise+1","floor":21},{"not_picked":["Sweeping Beam","Recycle"],"picked":"Compile Driver","floor":24},{"not_picked":["Cold Snap","Turbo"],"picked":"Capacitor","floor":27},{"not_picked":["Sweeping Beam","Turbo","Beam Cell"],"picked":"SKIP","floor":28},{"not_picked":["Coolheaded","Sweeping Beam"],"picked":"Force Field","floor":29},{"not_picked":["Hologram","Ball Lightning+1"],"picked":"Echo Form","floor":31}],"player_experience":886499,"relics_obtained":[{"floor":6,"key":"Pocketwatch"},{"floor":9,"key":"Blood Vial"},{"floor":12,"key":"Dead Branch"},{"floor":24,"key":"Omamori"},{"floor":28,"key":"Emotion Chip"}],"event_choices":[{"damage_healed":0.0,"max_hp_gain":0.0,"max_hp_loss":0.0,"gold_gain":0.0,"event_name":"Big Fish","player_choice":"Box","floor":2.0,"gold_loss":0.0,"damage_taken":0.0,"relics_obtained":["War Paint"],"cards_obtained":["Regret"]},{"damage_healed":0,"gold_gain":50,"player_choice":"Touch","damage_taken":6,"max_hp_gain":0,"max_hp_loss":0,"event_name":"FaceTrader","floor":4,"gold_loss":0},{"damage_healed":0,"gold_gain":0,"player_choice":"Read","damage_taken":0,"max_hp_gain":0,"max_hp_loss":0,"event_name":"The Library","floor":22,"gold_loss":0,"cards_obtained":["Defragment"]},{"damage_healed":0,"gold_gain":0,"player_choice":"Became a vampire (Vial)","damage_taken":0,"max_hp_gain":0,"max_hp_loss":0,"event_name":"Vampires","floor":25,"relics_lost":["Blood Vial"],"gold_loss":0,"cards_obtained":["Bite","Bite","Bite","Bite","Bite"]}],"is_beta":true,"boss_relics":[{"not_picked":["Eternal Feather","Philosopher\u0027s Stone"],"picked":"Ectoplasm"}],"items_purged_floors":[7],"is_endless":false,"potions_floor_spawned":[11,14,16,19,20,21,31],"killed_by":"Automaton","ascension_level":20}