{"gold_per_floor":[116,116,128,147,147,147,223,237,237,272,272,303,322,16,16,115,115,134,149,3,3,20,20,37,37,37,57,57,72,72,104,104,205,205,219,219,234,35,35,35,135,153,153,179,196,222,234,266,278,290],"floor_reached":51,"playtime":2531,"items_purged":["Strike_B"],"score":1107,"play_id":"c272570e-9c79-4851-b4a4-44b77fc98dea","local_time":"20190131183743","is_ascension_mode":true,"campfire_choices":[{"data":"Dualcast","floor":6,"key":"SMITH"},{"data":"Doom and Gloom","floor":11,"key":"SMITH"},{"data":"Sunder","floor":15,"key":"SMITH"},{"data":"Defragment","floor":23,"key":"SMITH"},{"data":"Consume","floor":25,"key":"SMITH"},{"data":"Glacier","floor":28,"key":"SMITH"},{"floor":32,"key":"REST"},{"data":"Undo","floor":40,"key":"SMITH"},{"data":"Echo Form","floor":47,"key":"SMITH"},{"floor":49,"key":"REST"}],"neow_cost":"NONE","seed_source_timestamp":1142432909185,"circlet_count":0,"master_deck":["Strike_B+1","Defend_B","Defend_B","Defend_B","Zap+1","Dualcast+1","Cold Snap+1","Sunder+1","Cold Snap","Undo+1","Consume+1","Gash","Finesse","Hyperbeam","Streamline","Glacier+1","Defragment+1","Sunder+1","Hologram+1","Creative AI","Rainbow+1","Biased Cognition+1","Self Repair+1","Sunder","Capacitor+1","Echo Form+1"],"relics":["Cracked Core","NeowsBlessing","Whetstone","Pantograph","Strawberry","Meat on the Bone","Pen Nib","Snecko Eye","Omamori","WarpedTongs","Lantern","Singing Bowl","Astrolabe","Ginger","ClockworkSouvenir","Unceasing Top","Turnip","Emotion Chip","MawBank"],"potions_floor_usage":[8,10,33,41],"damage_taken":[{"damage":0,"enemies":"Small Slimes","floor":1,"turns":1},{"damage":0,"enemies":"Cultist","floor":3,"turns":1},{"damage":0,"enemies":"Jaw Worm","floor":4,"turns":1},{"damage":11,"enemies":"Lots of Slimes","floor":8,"turns":3},{"damage":19,"enemies":"Lagavulin","floor":10,"turns":5},{"damage":4,"enemies":"3 Sentries","floor":12,"turns":5},{"damage":2,"enemies":"2 Fungi Beasts","floor":13,"turns":3},{"damage":21,"enemies":"The Guardian","floor":16,"turns":11},{"damage":0,"enemies":"3 Byrds","floor":18,"turns":3},{"damage":0,"enemies":"Shell Parasite","floor":19,"turns":3},{"damage":16,"enemies":"Shelled Parasite and Fungi","floor":22,"turns":4},{"damage":4,"enemies":"Snecko","floor":24,"turns":5},{"damage":0,"enemies":"Centurion and Healer","floor":27,"turns":4},{"damage":22,"enemies":"Snake Plant","floor":29,"turns":3},{"damage":3,"enemies":"Gremlin Leader","floor":31,"turns":7},{"damage":32,"enemies":"Collector","floor":33,"turns":9},{"damage":4,"enemies":"Orb Walker","floor":35,"turns":3},{"damage":4,"enemies":"3 Darklings","floor":37,"turns":2},{"damage":6,"enemies":"Mind Bloom Boss Battle","floor":41,"turns":5},{"damage":4,"enemies":"4 Shapes","floor":42,"turns":3},{"damage":13,"enemies":"Giant Head","floor":44,"turns":8},{"damage":9,"enemies":"Writhing Mass","floor":45,"turns":8},{"damage":36,"enemies":"Reptomancer","floor":46,"turns":4},{"damage":25,"enemies":"Transient","floor":48,"turns":5},{"damage":0,"enemies":"Awakened One","floor":50,"turns":8}],"seed_played":"-9149211230480101232","potions_obtained":[{"floor":3,"key":"LiquidBronze"},{"floor":8,"key":"AttackPotion"},{"floor":12,"key":"Swift Potion"},{"floor":13,"key":"Explosive Potion"},{"floor":22,"key":"PowerPotion"},{"floor":37,"key":"SteroidPotion"},{"floor":46,"key":"Regen Potion"}],"is_trial":false,"path_per_floor":["M","?","M","M","T","R","?","M","T","E","R","E","M","$","R","B",null,"M","M","$","?","M","R","M","R","T","M","R","M","?","E","R","B",null,"M","T","M","$","?","R","?","M","T","E","M","E","R","M","R","B",null],"character_chosen":"DEFECT","items_purchased":["Pen Nib","Finesse","Omamori","ClockworkSouvenir"],"campfire_rested":2,"item_purchase_floors":[14,14,20,38],"current_hp_per_floor":[68,68,68,68,68,68,68,57,57,45,45,41,51,51,51,55,75,75,75,75,75,59,59,55,55,55,55,55,45,45,42,66,50,74,72,72,70,70,70,70,86,86,86,75,78,54,54,53,80,92],"gold":302,"neow_bonus":"THREE_ENEMY_KILL","is_prod":false,"is_daily":false,"chose_seed":false,"campfire_upgraded":8,"win_rate":0,"timestamp":1548977863,"path_taken":["M","?","?","M","?","R","?","M","T","E","R","E","M","$","R","BOSS","M","M","$","?","M","R","?","R","T","M","R","M","?","E","R","BOSS","M","?","M","$","?","R","?","M","T","E","M","E","R","M","R","BOSS"],"build_version":"2019-01-23","purchased_purges":1,"victory":true,"max_hp_per_floor":[75,75,75,75,75,75,75,75,75,82,82,82,82,82,82,82,82,82,82,82,82,82,82,82,82,82,82,82,82,82,82,82,82,82,84,84,86,86,86,86,86,86,86,88,90,90,90,92,92,92],"card_choices":[{"not_picked":["Redo","Coolheaded"],"picked":"Cold Snap","floor":1},{"not_picked":["Storm","Stack"],"picked":"Sunder","floor":3},{"not_picked":["Reprogram","Streamline"],"picked":"Cold Snap","floor":4},{"not_picked":["Go for the Eyes","Skim"],"picked":"Undo","floor":8},{"not_picked":["Rebound","Reboot"],"picked":"Doom and Gloom","floor":10},{"not_picked":["Sweeping Beam","Double Energy"],"picked":"Consume","floor":12},{"not_picked":["Coolheaded","Conserve Battery"],"picked":"Gash","floor":13},{"not_picked":["Biased Cognition","Amplify"],"picked":"Hyperbeam","floor":16},{"not_picked":["Sweeping Beam","Leap"],"picked":"Streamline","floor":18},{"not_picked":["Conserve Battery+1","Darkness"],"picked":"Glacier","floor":19},{"not_picked":["Ball Lightning","Streamline"],"picked":"Defragment","floor":22},{"not_picked":["Leap","Rip and Tear+1","Go for the Eyes+1"],"picked":"SKIP","floor":24},{"not_picked":["Steam","Leap","Static Discharge+1"],"picked":"SKIP","floor":27},{"not_picked":["Cold Snap","Fusion","Turbo"],"picked":"SKIP","floor":29},{"not_picked":["Rainbow","Go for the Eyes"],"picked":"Hologram+1","floor":31},{"not_picked":["Amplify","Fission"],"picked":"Creative AI","floor":33},{"not_picked":["Steam Power+1","Undo","Blizzard"],"picked":"Singing Bowl","floor":35},{"not_picked":["Steam","Stack","Compile Driver"],"picked":"Singing Bowl","floor":37},{"not_picked":["Lockon","Force Field+1"],"picked":"Sunder","floor":41},{"not_picked":["Steam+1","Coolheaded+1"],"picked":"Capacitor+1","floor":42},{"not_picked":["Leap","Skim+1","Cold Snap"],"picked":"Singing Bowl","floor":44},{"not_picked":["Steam+1","Redo","Cold Snap"],"picked":"Singing Bowl","floor":45},{"not_picked":["Consume","Genetic Algorithm"],"picked":"Echo Form","floor":46},{"not_picked":["Streamline","Loop","Sweeping Beam+1"],"picked":"Singing Bowl","floor":48}],"player_experience":306390,"relics_obtained":[{"floor":5,"key":"Whetstone"},{"floor":9,"key":"Pantograph"},{"floor":10,"key":"Strawberry"},{"floor":12,"key":"Meat on the Bone"},{"floor":26,"key":"Lantern"},{"floor":31,"key":"Singing Bowl"},{"floor":36,"key":"Ginger"},{"floor":41,"key":"Unceasing Top"},{"floor":43,"key":"Turnip"},{"floor":44,"key":"Emotion Chip"},{"floor":46,"key":"MawBank"}],"event_choices":[{"damage_healed":0,"gold_gain":0,"player_choice":"Upgraded","damage_taken":0,"max_hp_gain":0,"max_hp_loss":0,"event_name":"Upgrade Shrine","floor":2,"gold_loss":0,"cards_upgraded":["Zap"]},{"damage_healed":0,"gold_gain":76,"player_choice":"Gained Gold","damage_taken":0,"max_hp_gain":0,"max_hp_loss":0,"event_name":"Golden Wing","floor":7,"gold_loss":0},{"damage_healed":0,"gold_gain":0,"player_choice":"Rummage","damage_taken":0,"relics_obtained":["WarpedTongs"],"max_hp_gain":0,"max_hp_loss":0,"event_name":"Accursed Blacksmith","floor":21,"gold_loss":0,"cards_obtained":["Pain"]},{"damage_healed":0,"gold_gain":0,"player_choice":"Copied","damage_taken":0,"max_hp_gain":0,"max_hp_loss":0,"event_name":"Duplicator","floor":30,"gold_loss":0,"cards_obtained":["Sunder"]},{"cards_removed":["Doom and Gloom"],"damage_healed":0,"gold_gain":0,"player_choice":"Removed Attack","damage_taken":0,"max_hp_gain":0,"max_hp_loss":0,"event_name":"Falling","floor":39,"gold_loss":0},{"damage_healed":0,"gold_gain":0,"player_choice":"Fight","damage_taken":0,"max_hp_gain":0,"max_hp_loss":0,"event_name":"MindBloom","floor":41,"gold_loss":0}],"is_beta":true,"boss_relics":[{"not_picked":["Busted Crown","Runic Dome"],"picked":"Snecko Eye"},{"not_picked":["Runic Pyramid","Lizard Tail"],"picked":"Astrolabe"}],"items_purged_floors":[14],"is_endless":false,"potions_floor_spawned":[3,8,12,13,22,27,29,37,46,48],"ascension_level":8}