{"gold_per_floor":[119,194,207,106,123,185,202,202,226,241,259,274,308,308,308,379,379,391,391,391,411,430,458,458,458],"floor_reached":25,"playtime":1565,"items_purged":["Strike_B"],"score":495,"play_id":"367e69b1-626b-4aa4-bda1-bdeb1c9d9810","local_time":"20181010204132","is_ascension_mode":true,"campfire_choices":[{"floor":8,"key":"REST"},{"data":"Zap","floor":15,"key":"SMITH"},{"floor":24,"key":"REST"}],"neow_cost":"NONE","seed_source_timestamp":619804693872143,"circlet_count":0,"master_deck":["Strike_B+1","Strike_B+1","Strike_B+1","Defend_B+1","Defend_B+1","Defend_B+1","Defend_B+1","Zap+1","Dualcast","AscendersBane","Rebound","FTL","Conserve Battery","Sunder","Undo","Conserve Battery","Glacier","Conserve Battery","Double Energy","Core Surge","Ghostly","Ghostly","Ghostly","Ghostly","Ghostly","Recycle"],"special_seed":0,"relics":["Cracked Core","Tiny Chest","Smiling Mask","Vajra","Snecko Eye","The Courier"],"potions_floor_usage":[6,7,16],"damage_taken":[{"damage":7,"enemies":"Jaw Worm","floor":1,"turns":4},{"damage":0,"enemies":"2 Louse","floor":3,"turns":1},{"damage":1,"enemies":"Cultist","floor":5,"turns":3},{"damage":20,"enemies":"Lagavulin","floor":6,"turns":7},{"damage":12,"enemies":"Exordium Thugs","floor":7,"turns":4},{"damage":0,"enemies":"2 Fungi Beasts","floor":10,"turns":3},{"damage":0,"enemies":"Lots of Slimes","floor":11,"turns":2},{"damage":8,"enemies":"Exordium Wildlife","floor":12,"turns":3},{"damage":7,"enemies":"3 Sentries","floor":13,"turns":4},{"damage":52,"enemies":"Slime Boss","floor":16,"turns":9},{"damage":0,"enemies":"3 Byrds","floor":18,"turns":6},{"damage":0,"enemies":"Shell Parasite","floor":21,"turns":10},{"damage":0,"enemies":"Centurion and Healer","floor":22,"turns":8},{"damage":24,"enemies":"Slavers","floor":23,"turns":9},{"damage":35,"enemies":"Gremlin Leader","floor":25,"turns":10}],"seed_played":"1442229411489842746","potions_obtained":[{"floor":3,"key":"SpeedPotion"},{"floor":5,"key":"Fire Potion"},{"floor":6,"key":"AttackPotion"},{"floor":10,"key":"FearPotion"},{"floor":18,"key":"Strength Potion"}],"is_trial":false,"path_per_floor":["M","?","M","$","M","E","M","R","T","M","M","M","E","?","R","B",null,"M","?","?","M","M","E","R"],"character_chosen":"DEFECT","items_purchased":["Conserve Battery"],"campfire_rested":2,"item_purchase_floors":[4],"current_hp_per_floor":[57,46,46,46,45,25,13,34,34,34,34,26,19,81,81,29,68,68,40,40,40,40,16,28,0],"gold":458,"neow_bonus":"ONE_RANDOM_RARE_CARD","is_prod":false,"is_daily":false,"chose_seed":false,"campfire_upgraded":1,"win_rate":0,"timestamp":1539218492,"path_taken":["M","?","?","$","M","E","M","R","T","M","M","?","E","?","R","BOSS","M","?","?","M","?","E","R","E"],"build_version":"2018-10-04v2","purchased_purges":1,"victory":false,"max_hp_per_floor":[71,71,71,71,71,71,71,71,71,71,71,71,71,81,81,81,81,81,40,40,40,40,40,40,40],"card_choices":[{"not_picked":["Sweeping Beam","Go for the Eyes"],"picked":"Rebound","floor":1},{"not_picked":["Redo","Heatsinks"],"picked":"FTL","floor":3},{"not_picked":["Rebound","Steam Power"],"picked":"Sunder","floor":5},{"not_picked":["Barrage","Stack"],"picked":"Undo","floor":6},{"not_picked":["Fission","Hologram"],"picked":"Conserve Battery","floor":7},{"not_picked":["Heatsinks","Compile Driver","Go for the Eyes"],"picked":"SKIP","floor":10},{"not_picked":["Gash","Sweeping Beam"],"picked":"Glacier","floor":11},{"not_picked":["Turbo","Leap"],"picked":"Conserve Battery","floor":12},{"not_picked":["Doom and Gloom","Loop"],"picked":"Double Energy","floor":13},{"not_picked":["Reboot","Multi-Cast"],"picked":"Core Surge","floor":16},{"not_picked":["Cold Snap","Loop","Go for the Eyes"],"picked":"SKIP","floor":18},{"not_picked":["Chill","Leap","Hello World"],"picked":"SKIP","floor":21},{"not_picked":["Coolheaded","Barrage","FTL"],"picked":"SKIP","floor":22},{"not_picked":["Steam","Go for the Eyes"],"picked":"Recycle","floor":23}],"player_experience":946229,"relics_obtained":[{"floor":6,"key":"Tiny Chest"},{"floor":9,"key":"Smiling Mask"},{"floor":13,"key":"Vajra"},{"floor":23,"key":"The Courier"}],"event_choices":[{"event_name":"World of Goop","player_choice":"Gather Gold","floor":2,"damage_taken":0},{"event_name":"Bonfire Elementals","player_choice":"RARE","floor":14,"damage_taken":0},{"event_name":"Ghosts","player_choice":"Became a Ghost","floor":19,"damage_taken":0},{"event_name":"Back to Basics","player_choice":"Simplicity","floor":20,"damage_taken":0}],"is_beta":false,"boss_relics":[{"not_picked":["Tiny House","Coffee Dripper"],"picked":"Snecko Eye"}],"items_purged_floors":[4],"is_endless":false,"potions_floor_spawned":[3,5,6,10,13,18],"killed_by":"Gremlin Leader","ascension_level":20}