{"gold_per_floor":[116,127,42,42,57,57,232,265,335,355,355,365,365,377,377,472,472,482,482,182,201,39,68,68,103,179,179,207,207,221,233,233,333,333,344,14,32,32,32,32,62,75,75,110,110,120,120],"floor_reached":47,"playtime":2237,"items_purged":[],"score":705,"play_id":"ec12bb08-31a1-49d0-a248-839599f5bc31","local_time":"20181104195759","is_ascension_mode":true,"campfire_choices":[{"data":"Setup","floor":6.0,"key":"SMITH"},{"data":"Choke","floor":11.0,"key":"SMITH"},{"data":"Dash","floor":13.0,"key":"SMITH"},{"data":"Dash","floor":15.0,"key":"SMITH"},{"data":"Choke","floor":24.0,"key":"SMITH"},{"floor":27.0,"key":"REST"},{"data":"Bouncing Flask","floor":32.0,"key":"SMITH"},{"data":"Storm of Steel","floor":40.0,"key":"SMITH"}],"neow_cost":"NONE","seed_source_timestamp":15428346955948,"circlet_count":0,"master_deck":["Survivor","Neutralize","Cloak And Dagger","Dagger Throw","Mind Blast","Setup+1","Choke+1","Dash+1","Dash+1","Blade Dance","After Image+1","Blur","Eviscerate","Magnetism+1","Choke+1","Underhanded Strike+1","Crippling Poison+1","Bouncing Flask+1","Outmaneuver","A Thousand Cuts+1","Blade Dance","Escape Plan","Noxious Fumes+1","Crippling Poison","Infinite Blades+1","Flying Knee+1","Sucker Punch+1","Bane+1","Outmaneuver","Sucker Punch+1","Underhanded Strike+1","Storm of Steel+1","Quick Slash+1","Flash of Steel+1","Adrenaline","Crippling Poison","Acrobatics","Predator+1"],"special_seed":0,"relics":["Snecko Eye","CultistMask","Bag of Marbles","Frozen Egg 2","Sozu","Bag of Preparation","Orichalcum","Blood Vial","Darkstone Periapt","Molten Egg 2","Gremlin Horn","MutagenicStrength","Pandora\u0027s Box","Medical Kit","Pen Nib","Ornamental Fan","Dream Catcher"],"potions_floor_usage":[],"damage_taken":[{"damage":1.0,"enemies":"Cultist","floor":1.0,"turns":5.0},{"damage":0.0,"enemies":"Small Slimes","floor":2.0,"turns":3.0},{"damage":2.0,"enemies":"Jaw Worm","floor":5.0,"turns":5.0},{"damage":20.0,"enemies":"Lagavulin","floor":8.0,"turns":9.0},{"damage":4.0,"enemies":"2 Fungi Beasts","floor":10.0,"turns":4.0},{"damage":2.0,"enemies":"3 Louse","floor":12.0,"turns":3.0},{"damage":10.0,"enemies":"Gremlin Gang","floor":14.0,"turns":4.0},{"damage":0.0,"enemies":"Slime Boss","floor":16.0,"turns":7.0},{"damage":7.0,"enemies":"Spheric Guardian","floor":18.0,"turns":4.0},{"damage":2.0,"enemies":"2 Thieves","floor":21.0,"turns":4.0},{"damage":29.0,"enemies":"Book of Stabbing","floor":23.0,"turns":7.0},{"damage":13.0,"enemies":"Gremlin Leader","floor":25.0,"turns":3.0},{"damage":0.0,"enemies":"Book of Stabbing","floor":28.0,"turns":4.0},{"damage":0.0,"enemies":"Snake Plant","floor":30.0,"turns":1.0},{"damage":3.0,"enemies":"Shelled Parasite and Fungi","floor":31.0,"turns":3.0},{"damage":36.0,"enemies":"Collector","floor":33.0,"turns":8.0},{"damage":0.0,"enemies":"3 Darklings","floor":35.0,"turns":2.0},{"damage":4.0,"enemies":"Orb Walker","floor":37.0,"turns":3.0},{"damage":34.0,"enemies":"Giant Head","floor":41.0,"turns":7.0},{"damage":14.0,"enemies":"Maw","floor":42.0,"turns":5.0},{"damage":6.0,"enemies":"Nemesis","floor":44.0,"turns":3.0},{"damage":0,"enemies":"Jaw Worm Horde","floor":46,"turns":1},{"damage":25,"enemies":"Spire Growth","floor":47,"turns":2}],"seed_played":"6931677699893770402","potions_obtained":[{"floor":1.0,"key":"EssenceOfSteel"},{"floor":2.0,"key":"LiquidBronze"},{"floor":8.0,"key":"Explosive Potion"},{"floor":14.0,"key":"Strength Potion"}],"is_trial":false,"path_per_floor":["M","M","$","?","M","R","?","E","T","M","R","M","R","M","R","B",null,"M","?","$","M","$","E","R","E","T","R","E","?","M","M","R","B",null,"M","$","M","?","?","R","E","M","T","E","E","?","M","M"],"character_chosen":"THE_SILENT","items_purchased":["Mind Blast","Bag of Preparation","Orichalcum","Magnetism+1","Storm of Steel","Medical Kit"],"campfire_rested":1,"item_purchase_floors":[3,20,20,22,36,36],"current_hp_per_floor":[69,69,69,69,67,67,67,47,47,43,43,41,41,31,31,31,70,63,63,63,61,61,32,32,21,21,42,44,44,46,45,45,11,70,70,70,66,66,66,66,32,20,20,16,16,18,0],"gold":120,"neow_bonus":"BOSS_RELIC","is_prod":false,"is_daily":false,"chose_seed":false,"campfire_upgraded":7,"win_rate":0,"timestamp":1541379479,"path_taken":["M","?","$","?","?","R","?","E","T","M","R","M","R","M","R","BOSS","M","?","?","?","$","E","R","E","T","R","E","?","M","M","R","BOSS","M","$","M","?","?","R","E","M","T","E","?","?","M"],"build_version":"2018-11-02","purchased_purges":0,"victory":false,"max_hp_per_floor":[70,70,70,70,70,70,70,70,70,70,70,70,70,70,70,70,70,70,70,70,70,70,70,70,70,70,70,70,70,70,70,70,70,70,70,70,70,70,66,66,66,66,66,66,66,66,66],"card_choices":[{"not_picked":["Calculated Gamble","PiercingWail"],"picked":"Cloak And Dagger","floor":1.0},{"not_picked":["Expertise","Prepared"],"picked":"Dagger Throw","floor":2.0},{"not_picked":["Catalyst","Infinite Blades"],"picked":"Setup","floor":5.0},{"not_picked":["Deflect","Caltrops"],"picked":"Choke","floor":8.0},{"not_picked":["Prepared","Tools of the Trade+1"],"picked":"Dash","floor":10.0},{"not_picked":["Dagger Spray","Quick Slash"],"picked":"Dash","floor":12.0},{"not_picked":["Bane","Prepared"],"picked":"Blade Dance","floor":14.0},{"not_picked":["Corpse Explosion","Grand Finale"],"picked":"After Image+1","floor":16.0},{"not_picked":["Sucker Punch+1","Outmaneuver"],"picked":"Blur","floor":18.0},{"not_picked":["Blade Dance","Flechettes"],"picked":"Eviscerate","floor":21.0},{"not_picked":["Tactician","Poisoned Stab"],"picked":"Choke","floor":23.0},{"not_picked":["Deflect","Distraction"],"picked":"Underhanded Strike+1","floor":25.0},{"not_picked":["PiercingWail+1","Dagger Throw+1"],"picked":"Crippling Poison+1","floor":28.0},{"not_picked":["Sucker Punch+1","Setup"],"picked":"Bouncing Flask","floor":30.0},{"not_picked":["Prepared","Masterful Stab+1"],"picked":"Outmaneuver","floor":31.0},{"not_picked":["After Image+1","Malaise"],"picked":"A Thousand Cuts+1","floor":33.0},{"not_picked":["Sucker Punch+1","Slice+1"],"picked":"Underhanded Strike+1","floor":35.0},{"not_picked":["Flying Knee+1","Infinite Blades+1"],"picked":"Quick Slash+1","floor":37.0},{"not_picked":["Finesse","Trip"],"picked":"Flash of Steel+1","floor":38.0},{"not_picked":["All Out Attack+1","Outmaneuver+1"],"picked":"Adrenaline","floor":41.0},{"not_picked":["Backflip","Eviscerate+1"],"picked":"Crippling Poison","floor":42.0},{"not_picked":["Endless Agony+1","Dagger Spray+1"],"picked":"Acrobatics","floor":44},{"not_picked":["Acrobatics+1","Deflect"],"picked":"Predator+1","floor":46}],"player_experience":101021,"relics_obtained":[{"floor":8.0,"key":"Bag of Marbles"},{"floor":9.0,"key":"Frozen Egg 2"},{"floor":23.0,"key":"Blood Vial"},{"floor":25.0,"key":"Darkstone Periapt"},{"floor":26.0,"key":"Molten Egg 2"},{"floor":28.0,"key":"Gremlin Horn"},{"floor":41.0,"key":"Pen Nib"},{"floor":43.0,"key":"Ornamental Fan"},{"floor":44,"key":"Dream Catcher"}],"event_choices":[{"damage_healed":0.0,"max_hp_gain":0.0,"max_hp_loss":0.0,"gold_gain":0.0,"event_name":"FaceTrader","player_choice":"Trade","floor":4.0,"gold_loss":0.0,"damage_taken":0.0,"relics_obtained":["CultistMask"]},{"damage_healed":0.0,"max_hp_gain":0.0,"max_hp_loss":0.0,"gold_gain":175.0,"event_name":"Liars Game","player_choice":"AGREE","floor":7.0,"gold_loss":0.0,"damage_taken":0.0,"cards_obtained":["Doubt"]},{"damage_healed":0.0,"max_hp_gain":0.0,"max_hp_loss":0.0,"gold_gain":0.0,"event_name":"The Woman in Blue","player_choice":"Bought 0 Potions","floor":19.0,"gold_loss":0.0,"damage_taken":0.0},{"damage_healed":0.0,"max_hp_gain":0.0,"max_hp_loss":0.0,"gold_gain":0.0,"event_name":"Drug Dealer","player_choice":"Inject Mutagens","floor":29.0,"gold_loss":0.0,"damage_taken":0.0,"relics_obtained":["MutagenicStrength"]},{"damage_healed":0.0,"max_hp_gain":0.0,"max_hp_loss":0.0,"gold_gain":0.0,"event_name":"SensoryStone","player_choice":"Memory 1","floor":38.0,"gold_loss":0.0,"damage_taken":0.0},{"damage_healed":0.0,"max_hp_gain":0.0,"max_hp_loss":4.0,"gold_gain":0.0,"event_name":"Winding Halls","player_choice":"Max HP","floor":39.0,"gold_loss":0.0,"damage_taken":0.0},{"cards_removed":["Doubt"],"damage_healed":0,"gold_gain":0,"player_choice":"Removed Curses","damage_taken":0,"max_hp_gain":0,"max_hp_loss":0,"event_name":"Fountain of Cleansing","floor":45,"gold_loss":0}],"is_beta":true,"boss_relics":[{"not_picked":["Lizard Tail","Ectoplasm"],"picked":"Sozu"},{"not_picked":["White Beast Statue","Orrery"],"picked":"Pandora\u0027s Box"}],"items_purged_floors":[],"is_endless":false,"potions_floor_spawned":[1,2,8,14,23,25,30,31,33,37,42,46],"killed_by":"Spire Growth","ascension_level":2}