{"path_per_floor":["M","$","M","?","?","M","E","R","T","E","T"],"character_chosen":"DEFECT","items_purchased":["Capacitor"],"gold_per_floor":[114,44,60,60,10,20,49,49,49,77,125,125],"floor_reached":12,"campfire_rested":0,"playtime":473,"item_purchase_floors":[2],"current_hp_per_floor":[75,75,68,61,61,56,37,37,37,13,13,0],"items_purged":[],"gold":125,"score":86,"play_id":"3b1bd56d-58bf-4e36-9081-a51efc9bffe2","local_time":"20180608011609","is_prod":false,"is_daily":false,"chose_seed":false,"is_ascension_mode":false,"campfire_upgraded":1,"win_rate":0.0,"timestamp":1528445769,"campfire_choices":[{"data":"Zap","floor":8,"key":"SMITH"}],"path_taken":["M","$","?","?","?","M","E","R","T","E","?","E"],"build_version":"2018-06-07","seed_source_timestamp":1386414198428948,"purchased_purges":0,"victory":false,"master_deck":["Strike_B+1","Strike_B","Defend_B","Defend_B","Defend_B","Defend_B","Zap+1","Dualcast","Capacitor","BootSequence","Compile Driver","Gash+1"],"max_hp_per_floor":[75,75,75,75,75,75,75,75,75,75,75,75],"relics":["Cracked Core","Shuriken","Vajra","Prayer Wheel","Whetstone"],"card_choices":[{"not_picked":["Hologram","Go for the Eyes","Self Repair"],"picked":"SKIP","floor":1},{"not_picked":["Scrape","Streamline"],"picked":"BootSequence","floor":3},{"not_picked":["Aggregate","Reinforced Body"],"picked":"Compile Driver","floor":6},{"not_picked":["Leap","Steam"],"picked":"Gash","floor":7},{"not_picked":["Go for the Eyes","Self Repair","BootSequence"],"picked":"SKIP","floor":10}],"player_experience":146374,"potions_floor_usage":[7,10],"damage_taken":[{"damage":0,"enemies":"Cultist","floor":1,"turns":4},{"damage":7,"enemies":"2 Louse","floor":3,"turns":4},{"damage":5,"enemies":"Small Slimes","floor":6,"turns":5},{"damage":19,"enemies":"Lagavulin","floor":7,"turns":8},{"damage":24,"enemies":"Gremlin Nob","floor":10,"turns":4},{"damage":17,"enemies":"Lagavulin","floor":12,"turns":5}],"relics_obtained":[{"floor":7,"key":"Shuriken"},{"floor":9,"key":"Vajra"},{"floor":10,"key":"Prayer Wheel"},{"floor":11,"key":"Whetstone"}],"event_choices":[{"event_name":"Golden Wing","player_choice":"Card Removal","floor":4,"damage_taken":0},{"event_name":"The Cleric","player_choice":"Card Removal","floor":5,"damage_taken":0}],"boss_relics":[],"items_purged_floors":[],"potions_floor_spawned":[3,6],"seed_played":"3438019583869603535","killed_by":"Lagavulin","ascension_level":0,"potions_obtained":[{"floor":3,"key":"EssenceOfSteel"},{"floor":6,"key":"Energy Potion"}],"is_trial":false}