{"gold_per_floor":[114,132,132,1,76,104,18,75,75,75],"floor_reached":10,"playtime":214,"items_purged":["Regret"],"score":198,"play_id":"33af64ea-e025-4498-ae71-9265f1b65925","local_time":"20190324194649","is_ascension_mode":true,"campfire_choices":[],"neow_cost":"NONE","seed_source_timestamp":1005996801665411,"circlet_count":0,"master_deck":["AscendersBane","Strike_R","Strike_R","Strike_R","Strike_R","Strike_R","Defend_R","Defend_R","Defend_R","Defend_R","Bash","Heavy Blade","Battle Trance","Feed","Metallicize","Pummel"],"special_seed":0,"relics":["Burning Blood","NeowsBlessing","Prayer Wheel","Ornamental Fan","Tiny Chest","Incense Burner"],"potions_floor_usage":[8],"damage_taken":[{"damage":0.0,"enemies":"Cultist","floor":1.0,"turns":1.0},{"damage":0.0,"enemies":"Jaw Worm","floor":2.0,"turns":1.0},{"damage":0.0,"enemies":"3 Sentries","floor":6.0,"turns":1.0},{"damage":51,"enemies":"Gremlin Nob","floor":8,"turns":5},{"damage":29,"enemies":"Lagavulin","floor":10,"turns":5}],"seed_played":"8898236137289967945","potions_obtained":[{"floor":1.0,"key":"GamblersBrew"}],"is_trial":false,"path_per_floor":["M","M","?","$","?","E","$","E","T","E"],"character_chosen":"IRONCLAD","items_purchased":["Fire Potion","Metallicize"],"campfire_rested":0,"item_purchase_floors":[4,7],"current_hp_per_floor":[74,75,75,75,64,70,70,28,28,0],"gold":75,"neow_bonus":"THREE_ENEMY_KILL","is_prod":false,"is_daily":false,"chose_seed":false,"campfire_upgraded":0,"win_rate":0,"timestamp":1553471209,"path_taken":["M","?","?","$","?","E","?","E","T","E"],"build_version":"2019-03-15","purchased_purges":1,"victory":false,"max_hp_per_floor":[75,75,75,75,75,75,75,78,78,78],"card_choices":[{"not_picked":["Hemokinesis","Sword Boomerang"],"picked":"Heavy Blade","floor":1.0},{"not_picked":["True Grit","Twin Strike"],"picked":"Battle Trance","floor":2.0},{"not_picked":["Headbutt","Flex"],"picked":"Feed","floor":6.0},{"not_picked":["Second Wind","Blood for Blood"],"picked":"Pummel","floor":8}],"player_experience":1241299,"relics_obtained":[{"floor":6.0,"key":"Ornamental Fan"},{"floor":8,"key":"Tiny Chest"},{"floor":9,"key":"Incense Burner"}],"event_choices":[{"damage_healed":0.0,"max_hp_gain":0.0,"max_hp_loss":0.0,"gold_gain":0.0,"event_name":"Big Fish","player_choice":"Box","floor":3.0,"gold_loss":0.0,"damage_taken":0.0,"relics_obtained":["Prayer Wheel"],"cards_obtained":["Regret"]},{"damage_healed":0.0,"max_hp_gain":0.0,"max_hp_loss":0.0,"gold_gain":75.0,"event_name":"World of Goop","player_choice":"Gather Gold","floor":5.0,"gold_loss":0.0,"damage_taken":11.0}],"is_beta":true,"boss_relics":[],"items_purged_floors":[4],"is_endless":false,"potions_floor_spawned":[1],"killed_by":"Lagavulin","ascension_level":20}