{"path_per_floor":["M","?","M","M","$","R","?","R","T","M","M","M","R","M","R","B",null,"M","?","?","M","$","R","?","R","T","?","R"],"character_chosen":"THE_SILENT","items_purchased":["Backstab","Slice","Omamori"],"gold_per_floor":[118,118,131,148,54,54,54,54,54,66,78,92,92,108,108,212,212,229,229,189,204,53,53,53,53,53,53,53,53],"floor_reached":29,"campfire_rested":2,"playtime":694,"current_hp_per_floor":[70,70,70,70,70,70,70,70,70,57,57,46,46,46,67,53,70,51,35,35,32,32,53,53,53,53,53,53,0],"items_purged":[],"gold":53,"score":213,"play_id":"39b7a09a-515a-4b32-88cd-a8d16522d75e","local_time":"20180401061017","is_prod":false,"is_daily":false,"is_ascension_mode":false,"campfire_upgraded":4,"timestamp":1522588217,"path_taken":["M","?","M","?","$","R","?","R","T","M","?","M","R","M","R","BOSS","M","?","?","M","$","R","?","R","T","?","R","E"],"build_version":"2018-03-29v2","purchased_purges":0,"victory":false,"master_deck":["Defend_G","Defend_G","Defend_G","Defend_G","Strike_G","Strike_G","Strike_G","Strike_G","Survivor","Neutralize+1","Bouncing Flask","Sucker Punch","Slice","Backstab+1","Slice","Infinite Blades+1","Deadly Poison","Cloak And Dagger","Cloak And Dagger","Envenom+1","Backstab","Cloak And Dagger"],"max_hp_per_floor":[70,70,70,70,70,70,70,70,70,70,70,70,70,70,70,70,70,70,70,70,70,70,70,70,70,70,70,70,70],"relics":["Ring of the Snake","NeowsBlessing","Oddly Smooth Stone","The Specimen","Nilry\u0027s Codex","Omamori","Girya"],"card_choices":[{"not_picked":["Eviscerate","Leg Sweep"],"picked":"Bouncing Flask","floor":1},{"not_picked":["Prepared","Bane"],"picked":"Sucker Punch","floor":3},{"not_picked":["PiercingWail","Setup"],"picked":"Slice","floor":4},{"not_picked":["Dagger Spray","Concentrate"],"picked":"Infinite Blades","floor":10},{"not_picked":["Sucker Punch","Dagger Throw"],"picked":"Deadly Poison","floor":11},{"not_picked":["Bane","Wraith Form"],"picked":"Cloak And Dagger","floor":12},{"not_picked":["Outmaneuver","Finisher"],"picked":"Cloak And Dagger","floor":14},{"not_picked":["Phantasmal Killer","Tactician"],"picked":"Envenom","floor":16},{"not_picked":["Backflip","Endless Agony"],"picked":"Backstab","floor":18},{"not_picked":["Backflip","Dagger Spray"],"picked":"Cloak And Dagger","floor":21}],"player_experience":87782,"potions_floor_usage":[10,21,21],"damage_taken":[{"damage":0,"enemies":"2 Louse","floor":1,"turns":1},{"damage":0,"enemies":"Cultist","floor":3,"turns":1},{"damage":0,"enemies":"Jaw Worm","floor":4,"turns":1},{"damage":13,"enemies":"Gremlin Gang","floor":10,"turns":4},{"damage":0,"enemies":"2 Fungi Beasts","floor":11,"turns":3},{"damage":11,"enemies":"Lots of Slimes","floor":12,"turns":3},{"damage":0,"enemies":"Blue Slaver","floor":14,"turns":2},{"damage":14,"enemies":"Hexaghost","floor":16,"turns":9},{"damage":19,"enemies":"3 Byrds","floor":18,"turns":5},{"damage":3,"enemies":"2 Thieves","floor":21,"turns":3},{"damage":55,"enemies":"Slavers","floor":29,"turns":3}],"event_choices":[{"event_name":"Bonfire Elementals","player_choice":"BASIC","floor":2,"damage_taken":0},{"event_name":"Purifier","player_choice":"One Purge","floor":7,"damage_taken":0},{"event_name":"Cursed Tome","player_choice":"Obtained Book","floor":19,"damage_taken":0},{"event_name":"The Woman in Blue","player_choice":"Bought 3 Potions","floor":20,"damage_taken":0},{"event_name":"Vampires","player_choice":"Ignored","floor":24,"damage_taken":0},{"event_name":"Ghosts","player_choice":"Ignored","floor":27,"damage_taken":0}],"boss_relics":[{"not_picked":["Lizard Tail","Runic Pyramid"],"picked":"The Specimen"}],"potions_floor_spawned":[1,3,16,21],"seed_played":"-6997979939725746646","killed_by":"Slavers","ascension_level":0,"is_trial":false}