{"gold_per_floor":[218,14,26,46,97,97,109,82,132,132,207,207,222,240,240,240],"floor_reached":16,"playtime":352,"items_purged":[],"score":92,"play_id":"ad115a43-b7b0-4975-8571-ee7723bee5b7","local_time":"20190203050114","is_ascension_mode":false,"campfire_choices":[{"data":"Searing Blow","floor":6,"key":"SMITH"},{"data":"Searing Blow+1","floor":10,"key":"SMITH"},{"data":"Searing Blow+2","floor":12,"key":"SMITH"},{"data":"Searing Blow+3","floor":15,"key":"SMITH"}],"neow_cost":"NONE","seed_source_timestamp":598031716222869,"circlet_count":0,"master_deck":["Strike_R","Strike_R","Strike_R","Strike_R","Strike_R","Defend_R","Defend_R","Defend_R","Defend_R","Bash","Searing Blow+4","Inflame","Iron Wave","Flex","Pommel Strike","Demon Form","Shrug It Off"],"relics":["Burning Blood","Brimstone","Orichalcum"],"potions_floor_usage":[3,13,16],"damage_taken":[{"damage":1,"enemies":"Cultist","floor":1,"turns":3},{"damage":0,"enemies":"2 Louse","floor":3,"turns":1},{"damage":7,"enemies":"Jaw Worm","floor":4,"turns":2},{"damage":1,"enemies":"Looter","floor":7,"turns":2},{"damage":19,"enemies":"Lots of Slimes","floor":13,"turns":3},{"damage":7,"enemies":"Blue Slaver","floor":14,"turns":3},{"damage":62,"enemies":"The Guardian","floor":16,"turns":5}],"seed_played":"5787903457018585189","potions_obtained":[{"floor":1,"key":"AttackPotion"},{"floor":4,"key":"GamblersBrew"},{"floor":14,"key":"Energy Potion"}],"is_trial":false,"path_per_floor":["M","$","M","M","?","R","M","$","T","R","?","R","M","M","R","B"],"character_chosen":"IRONCLAD","items_purchased":["Brimstone","Pommel Strike"],"campfire_rested":0,"item_purchase_floors":[2,8],"current_hp_per_floor":[80,80,80,79,79,79,80,80,80,80,69,69,56,55,55,0],"gold":240,"neow_bonus":"HUNDRED_GOLD","is_prod":false,"is_daily":false,"chose_seed":false,"campfire_upgraded":4,"win_rate":0,"timestamp":1549198874,"path_taken":["M","$","?","M","?","R","M","$","T","R","?","R","M","M","R","BOSS"],"build_version":"2019-01-23","purchased_purges":0,"victory":false,"max_hp_per_floor":[80,80,80,80,80,80,80,80,80,80,80,80,80,80,80,80],"card_choices":[{"not_picked":["Thunderclap","Havoc"],"picked":"Searing Blow","floor":1},{"not_picked":["Warcry","Evolve"],"picked":"Inflame","floor":3},{"not_picked":["Body Slam","Wild Strike"],"picked":"Iron Wave","floor":4},{"not_picked":["Cleave","Clash"],"picked":"Flex","floor":7},{"not_picked":["Whirlwind","Carnage"],"picked":"Demon Form","floor":13},{"not_picked":["Iron Wave","Perfected Strike"],"picked":"Shrug It Off","floor":14}],"player_experience":235711,"relics_obtained":[{"floor":9,"key":"Orichalcum"}],"event_choices":[{"damage_healed":0,"gold_gain":51,"player_choice":"Gained Gold","damage_taken":0,"max_hp_gain":0,"max_hp_loss":0,"event_name":"Golden Wing","floor":5,"gold_loss":0},{"damage_healed":0,"gold_gain":75,"player_choice":"Gather Gold","damage_taken":11,"max_hp_gain":0,"max_hp_loss":0,"event_name":"World of Goop","floor":11,"gold_loss":0}],"is_beta":false,"boss_relics":[],"items_purged_floors":[],"is_endless":false,"potions_floor_spawned":[1,4,14],"killed_by":"The Guardian","ascension_level":0}