{"gold_per_floor":[364,364,387,403,33,33,83,97,97,21,21,37,37,60,60,156,156,156],"floor_reached":18,"playtime":784,"items_purged":["Injury"],"score":289,"play_id":"e3047eb6-ffc2-4358-9277-e80eedf75bba","local_time":"20190317112938","is_ascension_mode":true,"campfire_choices":[{"data":"Darkness","floor":6,"key":"SMITH"},{"floor":11,"key":"REST"},{"data":"Darkness","floor":13,"key":"SMITH"},{"data":"Consume","floor":15,"key":"SMITH"}],"neow_cost":"TEN_PERCENT_HP_LOSS","seed_source_timestamp":287981144984506,"circlet_count":0,"master_deck":["AscendersBane","Strike_B","Strike_B","Strike_B","Strike_B","Defend_B","Defend_B","Defend_B","Defend_B","Zap","Dualcast","Capacitor","Darkness+1","Conserve Battery","White Noise","Darkness+1","Force Field","Hello World","Consume+1","Amplify"],"relics":["Cracked Core","Golden Idol","Runic Capacitor","Regal Pillow","Nuclear Battery"],"potions_floor_usage":[18],"damage_taken":[{"damage":1,"enemies":"Cultist","floor":1,"turns":3},{"damage":7,"enemies":"Small Slimes","floor":3,"turns":4},{"damage":9,"enemies":"Jaw Worm","floor":4,"turns":4},{"damage":20,"enemies":"Exordium Thugs","floor":8,"turns":4},{"damage":13,"enemies":"Red Slaver","floor":12,"turns":4},{"damage":7,"enemies":"Looter","floor":14,"turns":4},{"damage":31,"enemies":"Hexaghost","floor":16,"turns":6},{"damage":52,"enemies":"3 Byrds","floor":18,"turns":4}],"seed_played":"-8628626079632715518","potions_obtained":[{"floor":1,"key":"SteroidPotion"},{"floor":8,"key":"FocusPotion"},{"floor":12,"key":"EssenceOfSteel"}],"is_trial":false,"path_per_floor":["M","?","M","M","$","R","?","M","T","$","R","M","R","M","R","B",null,"M"],"character_chosen":"DEFECT","items_purchased":["Runic Capacitor","White Noise","Force Field"],"campfire_rested":1,"item_purchase_floors":[5,5,10],"current_hp_per_floor":[63,63,56,47,47,47,47,27,27,27,61,48,48,41,41,10,51,0],"gold":156,"neow_bonus":"TWO_FIFTY_GOLD","is_prod":false,"is_daily":false,"chose_seed":false,"campfire_upgraded":3,"win_rate":0,"timestamp":1552836578,"path_taken":["M","?","M","M","$","R","?","M","T","$","R","M","R","M","R","BOSS","M"],"build_version":"2019-03-15","purchased_purges":1,"victory":false,"max_hp_per_floor":[64,64,64,64,64,64,64,64,64,64,64,64,64,64,64,64,64,64],"card_choices":[{"not_picked":["White Noise","Compile Driver"],"picked":"Capacitor","floor":1},{"not_picked":["Self Repair","Tempest"],"picked":"Darkness","floor":3},{"not_picked":["Leap","Darkness"],"picked":"Conserve Battery","floor":4},{"not_picked":["Hologram","Conserve Battery"],"picked":"Darkness","floor":8},{"not_picked":["Turbo","Rip and Tear","Hello World"],"picked":"SKIP","floor":12},{"not_picked":["Turbo","Rip and Tear"],"picked":"Hello World","floor":12},{"not_picked":["Hologram","Steam"],"picked":"Consume","floor":14},{"not_picked":["All For One","Thunder Strike"],"picked":"Amplify","floor":16}],"player_experience":549162,"relics_obtained":[{"floor":9,"key":"Regal Pillow"}],"event_choices":[{"damage_healed":0,"gold_gain":0,"player_choice":"Take Wound","damage_taken":0,"relics_obtained":["Golden Idol"],"max_hp_gain":0,"max_hp_loss":0,"event_name":"Golden Idol","floor":2,"gold_loss":0,"cards_obtained":["Injury"]},{"damage_healed":0,"gold_gain":50,"player_choice":"Pray","damage_taken":0,"max_hp_gain":0,"max_hp_loss":0,"event_name":"Golden Shrine","floor":7,"gold_loss":0}],"is_beta":true,"boss_relics":[{"not_picked":["Fusion Hammer","Cursed Key"],"picked":"Nuclear Battery"}],"items_purged_floors":[5],"is_endless":false,"potions_floor_spawned":[1,8,12,16],"killed_by":"3 Byrds","ascension_level":18}