{"gold_per_floor":[118,135,135,145,145,61,61,61,61,81,81,111,111],"floor_reached":13,"playtime":356,"items_purged":[],"score":166,"play_id":"2d2a3bab-020a-4c0d-b863-88e140b9700f","local_time":"20190315002817","is_ascension_mode":true,"campfire_choices":[{"data":"Noxious Fumes","floor":8,"key":"SMITH"},{"data":"Neutralize","floor":11,"key":"SMITH"}],"neow_cost":"CURSE","seed_source_timestamp":158797545661521,"circlet_count":0,"master_deck":["AscendersBane","Defend_G","Defend_G","Defend_G","Defend_G","Defend_G","Strike_G","Strike_G","Strike_G","Strike_G","Strike_G","Survivor","Neutralize+1","Noxious Fumes+1","Dodge and Roll","Dagger Spray","Footwork","Poisoned Stab"],"relics":["Ring of the Snake","Torii","Anchor","Centennial Puzzle","Prayer Wheel"],"potions_floor_usage":[13],"damage_taken":[{"damage":1,"enemies":"Small Slimes","floor":1,"turns":5},{"damage":2,"enemies":"Jaw Worm","floor":2,"turns":7},{"damage":1,"enemies":"2 Louse","floor":4,"turns":4},{"damage":1,"enemies":"Looter","floor":10,"turns":4},{"damage":36,"enemies":"Gremlin Nob","floor":12,"turns":6},{"damage":7,"enemies":"Exordium Thugs","floor":13,"turns":2}],"seed_played":"-3275434680149453106","potions_obtained":[{"floor":12,"key":"SneckoOil"}],"is_trial":false,"path_per_floor":["M","M","?","M","?","$","?","R","T","M","R","E","M"],"character_chosen":"THE_SILENT","items_purchased":["Footwork"],"campfire_rested":0,"item_purchase_floors":[6],"current_hp_per_floor":[58,56,61,60,53,53,42,42,42,41,41,5,0],"gold":111,"neow_bonus":"ONE_RARE_RELIC","is_prod":false,"is_daily":false,"chose_seed":false,"campfire_upgraded":2,"win_rate":0,"timestamp":1552624097,"path_taken":["M","M","?","M","?","?","?","R","T","M","R","E","M"],"build_version":"2019-02-06","purchased_purges":0,"victory":false,"max_hp_per_floor":[66,66,71,71,71,71,71,71,71,71,71,71,71],"card_choices":[{"not_picked":["PiercingWail","Terror"],"picked":"Noxious Fumes","floor":1},{"not_picked":["Outmaneuver","Quick Slash"],"picked":"Dodge and Roll","floor":2},{"not_picked":["Tactician","Flying Knee"],"picked":"Dagger Spray","floor":4},{"not_picked":["Terror","Slice","Sucker Punch"],"picked":"SKIP","floor":10},{"not_picked":["Bullet Time","Sucker Punch"],"picked":"Poisoned Stab","floor":12}],"player_experience":1091102,"relics_obtained":[{"floor":9,"key":"Centennial Puzzle"},{"floor":12,"key":"Prayer Wheel"}],"event_choices":[{"damage_healed":0,"gold_gain":0,"player_choice":"Donut","damage_taken":0,"max_hp_gain":5,"max_hp_loss":0,"event_name":"Big Fish","floor":3,"gold_loss":0},{"cards_removed":["Injury"],"damage_healed":0,"gold_gain":0,"player_choice":"Card Removal","damage_taken":7,"max_hp_gain":0,"max_hp_loss":0,"event_name":"Golden Wing","floor":5,"gold_loss":0},{"damage_healed":0,"gold_gain":0,"player_choice":"Success","damage_taken":11,"relics_obtained":["Anchor"],"max_hp_gain":0,"max_hp_loss":0,"event_name":"Scrap Ooze","floor":7,"gold_loss":0}],"is_beta":true,"boss_relics":[],"items_purged_floors":[],"is_endless":false,"potions_floor_spawned":[12],"killed_by":"Exordium Thugs","ascension_level":20}