{"gold_per_floor":[214,214,22,33,33,33,68,68,95,95,106,124,138,138,138,212,212,223,223,46,65,75,75,95,115,115,115,115,115,141,160,160,235,235,250,276,296,46,46,46,46,77,77,94,94,120,120,20,20,20,20],"floor_reached":51,"playtime":3038,"items_purged":["Strike_B","Strike_B"],"score":1546,"play_id":"3c1370ae-63e3-4434-9611-4d18b2c1fcfb","local_time":"20181016200224","is_ascension_mode":true,"campfire_choices":[{"floor":6.0,"key":"DIG"},{"floor":8.0,"key":"DIG"},{"floor":10.0,"key":"REST"},{"floor":15.0,"key":"DIG"},{"floor":23.0,"key":"DIG"},{"floor":27.0,"key":"DIG"},{"floor":29.0,"key":"DIG"},{"floor":32.0,"key":"DIG"},{"floor":40.0,"key":"DIG"},{"floor":45.0,"key":"DIG"},{"floor":49.0,"key":"DIG"}],"neow_cost":"NONE","seed_source_timestamp":434322819842729,"circlet_count":0,"master_deck":["Defend_B","Defend_B","Defend_B","Defend_B+1","Zap+1","Dualcast","AscendersBane","Chill","Conserve Battery","Go for the Eyes","Ball Lightning+1","Lockon+1","Ball Lightning","Conserve Battery","Ball Lightning","Fission+1","Auto Shields+1","Stack+1","Hologram+1","Coolheaded+1","Tempest+1","Undo+1","Ghostly+1","Ghostly+1","Ghostly+1","Ghostly+1","Ghostly+1","Tempest+1","Undo+1","Undo+1","Hologram+1","Conserve Battery+1","Conserve Battery+1","Seek+1","Defragment+1","Skim+1","Violence+1","Go for the Eyes+1","Rebound+1","Undo+1"],"special_seed":0,"relics":["Cracked Core","Tiny Chest","Shovel","Bag of Preparation","DataDisk","Dream Catcher","Centennial Puzzle","Toxic Egg 2","Orrery","Bronze Scales","Boot","Prayer Wheel","Oddly Smooth Stone","Shuriken","Cables","Blood Vial","Whetstone","Coffee Dripper","Juzu Bracelet","Lantern","Mango","Molten Egg 2","Ornamental Fan","Bottled Flame","Incense Burner","Mummified Hand"],"potions_floor_usage":[50,51],"damage_taken":[{"damage":5.0,"enemies":"Small Slimes","floor":1.0,"turns":5.0},{"damage":0.0,"enemies":"Cultist","floor":4.0,"turns":3.0},{"damage":28.0,"enemies":"Gremlin Nob","floor":7.0,"turns":4.0},{"damage":0.0,"enemies":"Jaw Worm","floor":11.0,"turns":2.0},{"damage":0.0,"enemies":"Exordium Thugs","floor":12.0,"turns":3.0},{"damage":0.0,"enemies":"Looter","floor":13.0,"turns":2.0},{"damage":23.0,"enemies":"Hexaghost","floor":16.0,"turns":7.0},{"damage":16.0,"enemies":"3 Byrds","floor":18.0,"turns":4.0},{"damage":0.0,"enemies":"Shell Parasite","floor":21.0,"turns":4.0},{"damage":0.0,"enemies":"Snake Plant","floor":22.0,"turns":3.0},{"damage":0.0,"enemies":"Chosen and Byrds","floor":24.0,"turns":4.0},{"damage":0.0,"enemies":"Centurion and Healer","floor":25.0,"turns":7.0},{"damage":4.0,"enemies":"Gremlin Leader","floor":30.0,"turns":6.0},{"damage":4.0,"enemies":"3 Cultists","floor":31.0,"turns":5.0},{"damage":29.0,"enemies":"Automaton","floor":33.0,"turns":13.0},{"damage":0.0,"enemies":"Orb Walker","floor":35.0,"turns":3.0},{"damage":3.0,"enemies":"3 Darklings","floor":37.0,"turns":4.0},{"damage":0.0,"enemies":"Nemesis","floor":42.0,"turns":7.0},{"damage":0.0,"enemies":"Spire Growth","floor":44.0,"turns":5.0},{"damage":2.0,"enemies":"2 Orb Walkers","floor":46.0,"turns":5.0},{"damage":13,"enemies":"Donu and Deca","floor":50,"turns":16},{"damage":37,"enemies":"Time Eater","floor":51,"turns":13}],"seed_played":"-833790860895158819","potions_obtained":[{"floor":4.0,"key":"Explosive Potion"},{"floor":21.0,"key":"Ancient Potion"},{"floor":22.0,"key":"SteroidPotion"},{"floor":24.0,"key":"PowerPotion"},{"floor":30.0,"key":"LiquidBronze"},{"floor":33.0,"key":"AttackPotion"}],"is_trial":false,"path_per_floor":["M","?","$","M","T","R","E","R","T","R","M","M","M","?","R","B",null,"M","?","$","M","M","R","M","M","T","R","T","R","E","M","R","B",null,"M","T","M","$","?","R","$","E","T","M","R","E","?","$","R","B"],"character_chosen":"DEFECT","items_purchased":["Tiny Chest","Conserve Battery","Bronze Scales","Lantern"],"campfire_rested":1,"item_purchase_floors":[3,3,20,38],"current_hp_per_floor":[59,38,38,38,38,38,10,10,10,31,31,31,31,31,31,8,55,39,35,35,35,35,35,35,35,35,35,35,35,31,29,29,2,27,29,29,28,28,28,42,42,44,44,46,46,46,46,46,46,35,0],"gold":20,"neow_bonus":"HUNDRED_GOLD","is_prod":false,"is_daily":false,"chose_seed":false,"campfire_upgraded":0,"win_rate":0,"timestamp":1539734544,"path_taken":["M","?","$","M","?","R","E","R","T","R","?","M","M","?","R","BOSS","M","?","?","M","?","R","M","M","T","R","?","R","E","M","R","BOSS","M","?","M","$","?","R","?","E","T","M","R","E","?","$","R","BOSS","BOSS"],"build_version":"2018-10-11","purchased_purges":2,"victory":false,"max_hp_per_floor":[71,71,71,71,71,71,71,71,71,71,71,71,71,71,71,71,71,71,35,35,35,35,35,35,35,35,35,35,35,35,35,35,35,35,35,35,35,35,35,49,49,49,49,49,49,49,49,49,49,49,49],"card_choices":[{"not_picked":["Sweeping Beam","Beam Cell"],"picked":"Chill","floor":1.0},{"not_picked":["Leap","Scrape"],"picked":"Go for the Eyes","floor":4.0},{"not_picked":["Beam Cell","Barrage"],"picked":"Ball Lightning","floor":7.0},{"not_picked":["Conserve Battery","Recycle"],"picked":"Lockon","floor":11.0},{"not_picked":["Chaos","Aggregate"],"picked":"Ball Lightning","floor":12.0},{"not_picked":["Steam","Aggregate"],"picked":"Conserve Battery","floor":13.0},{"not_picked":["Seek+1","Multi-Cast+1"],"picked":"Fission+1","floor":16.0},{"not_picked":["Reprogram+1","Turbo+1"],"picked":"Auto Shields+1","floor":17.0},{"not_picked":["Steam+1","Barrage"],"picked":"Stack+1","floor":17.0},{"not_picked":["Aggregate+1","Beam Cell"],"picked":"Hologram+1","floor":17.0},{"not_picked":["Reprogram+1","Streamline"],"picked":"Coolheaded+1","floor":17.0},{"not_picked":["Hologram+1","Steam Power+1"],"picked":"Tempest+1","floor":17.0},{"not_picked":["Cold Snap","Ball Lightning"],"picked":"Undo+1","floor":18.0},{"not_picked":["Genetic Algorithm+1","Hyperbeam"],"picked":"Tempest+1","floor":21.0},{"not_picked":["Steam+1","Static Discharge","Turbo+1"],"picked":"SKIP","floor":22.0},{"not_picked":["Chill+1","Compile Driver"],"picked":"Undo+1","floor":24.0},{"not_picked":["Turbo+1","Gash"],"picked":"Undo+1","floor":25.0},{"not_picked":["Double Energy+1","Chaos+1"],"picked":"Hologram+1","floor":30.0},{"not_picked":["Go for the Eyes","Chaos+1"],"picked":"Conserve Battery+1","floor":31.0},{"not_picked":["Genetic Algorithm+1","Hyperbeam"],"picked":"Conserve Battery+1","floor":31.0},{"not_picked":["Rainbow+1","All For One"],"picked":"Seek+1","floor":33.0},{"not_picked":["Consume+1","Blizzard+1","FTL"],"picked":"SKIP","floor":35.0},{"not_picked":["Aggregate+1","Scrape","Turbo+1"],"picked":"SKIP","floor":35.0},{"not_picked":["Steam+1","Go for the Eyes+1"],"picked":"Defragment+1","floor":37.0},{"not_picked":["Redo+1","Conserve Battery+1"],"picked":"Skim+1","floor":37.0},{"not_picked":["Dramatic Entrance","Mayhem"],"picked":"Violence+1","floor":39.0},{"not_picked":["Redo+1","Genetic Algorithm+1"],"picked":"Go for the Eyes+1","floor":42.0},{"not_picked":["Barrage+1","Compile Driver+1"],"picked":"Rebound+1","floor":44.0},{"not_picked":["Ball Lightning+1","Turbo+1","Blizzard+1"],"picked":"SKIP","floor":44.0},{"not_picked":["Conserve Battery+1","Steam+1"],"picked":"Undo+1","floor":46.0}],"player_experience":970069,"relics_obtained":[{"floor":5.0,"key":"Shovel"},{"floor":6.0,"key":"Bag of Preparation"},{"floor":7.0,"key":"DataDisk"},{"floor":8.0,"key":"Dream Catcher"},{"floor":9.0,"key":"Centennial Puzzle"},{"floor":15.0,"key":"Toxic Egg 2"},{"floor":23.0,"key":"Boot"},{"floor":26.0,"key":"Prayer Wheel"},{"floor":27.0,"key":"Oddly Smooth Stone"},{"floor":28.0,"key":"Shuriken"},{"floor":29.0,"key":"Cables"},{"floor":30.0,"key":"Blood Vial"},{"floor":32.0,"key":"Whetstone"},{"floor":36.0,"key":"Juzu Bracelet"},{"floor":40.0,"key":"Mango"},{"floor":42.0,"key":"Molten Egg 2"},{"floor":43.0,"key":"Ornamental Fan"},{"floor":45.0,"key":"Bottled Flame"},{"floor":46.0,"key":"Incense Burner"},{"floor":49.0,"key":"Mummified Hand"}],"event_choices":[{"event_name":"Shining Light","player_choice":"Entered Light","floor":2.0,"damage_taken":0.0},{"event_name":"Transmorgrifier","player_choice":"Transform","floor":14.0,"damage_taken":0.0},{"event_name":"Ghosts","player_choice":"Became a Ghost","floor":19.0,"damage_taken":0.0},{"event_name":"SensoryStone","player_choice":"Memory 1","floor":39.0,"damage_taken":0.0},{"event_name":"Purifier","player_choice":"One Purge","floor":47.0,"damage_taken":0.0}],"is_beta":false,"boss_relics":[{"not_picked":["FrozenCore","Calling Bell"],"picked":"Orrery"},{"not_picked":["Lizard Tail","Nuclear Battery"],"picked":"Coffee Dripper"}],"items_purged_floors":[38,48],"is_endless":false,"potions_floor_spawned":[4,21,22,24,30,33,35,46],"killed_by":"Time Eater","ascension_level":20}