{"gold_per_floor":[118,118,293,293,306,335,335,27,50,50,50,66,66,86,86,181,181,200,210,229,249,349,349,360,371,371,371],"floor_reached":27,"playtime":615,"items_purged":[],"score":240,"play_id":"dedf3b26-880d-4c7c-8e09-bc20f883eecb","local_time":"20190207060240","is_ascension_mode":false,"campfire_choices":[{"data":"Perfected Strike","floor":7,"key":"SMITH"},{"data":"Bash","floor":10,"key":"SMITH"},{"data":"Strike_R","floor":13,"key":"SMITH"},{"data":"Strike_R","floor":15,"key":"SMITH"},{"data":"Bludgeon","floor":23,"key":"SMITH"}],"neow_cost":"NONE","seed_source_timestamp":947079245895758,"circlet_count":0,"master_deck":["Strike_R","Strike_R","Strike_R","Strike_R+1","Strike_R+1","Defend_R","Defend_R","Defend_R","Defend_R","Bash+1","Perfected Strike+1","Doubt","Bludgeon+1","Twin Strike","Blood for Blood"],"relics":["Burning Blood","NeowsBlessing","Mercury Hourglass","Anchor","Bronze Scales","Strawberry","Molten Egg 2"],"potions_floor_usage":[16,18,19,20,25],"damage_taken":[{"damage":0,"enemies":"Small Slimes","floor":1,"turns":1},{"damage":0,"enemies":"Cultist","floor":5,"turns":1},{"damage":0,"enemies":"Lagavulin","floor":6,"turns":1},{"damage":0,"enemies":"Jaw Worm","floor":12,"turns":2},{"damage":0,"enemies":"Gremlin Gang","floor":14,"turns":3},{"damage":71,"enemies":"Hexaghost","floor":16,"turns":8},{"damage":0,"enemies":"Chosen","floor":18,"turns":3},{"damage":10,"enemies":"Shell Parasite","floor":19,"turns":2},{"damage":15,"enemies":"Snake Plant","floor":20,"turns":2},{"damage":10,"enemies":"Snecko","floor":21,"turns":4},{"damage":43,"enemies":"Shelled Parasite and Fungi","floor":24,"turns":5},{"damage":27,"enemies":"Centurion and Healer","floor":25,"turns":4},{"damage":18,"enemies":"Snecko","floor":27,"turns":3}],"seed_played":"5803239273794385901","potions_obtained":[{"floor":12,"key":"SteroidPotion"},{"floor":14,"key":"Swift Potion"},{"floor":18,"key":"Fire Potion"},{"floor":19,"key":"LiquidBronze"},{"floor":24,"key":"PowerPotion"}],"is_trial":false,"path_per_floor":["M","?","?","?","M","E","R","$","T","R","$","M","R","M","R","B",null,"M","M","M","M","?","R","M","M","T","M"],"character_chosen":"IRONCLAD","items_purchased":["Anchor","Bronze Scales"],"campfire_rested":0,"item_purchase_floors":[8,8],"current_hp_per_floor":[80,85,85,85,85,85,85,85,92,92,92,92,92,92,92,27,92,92,88,79,75,75,75,38,17,17,0],"gold":371,"neow_bonus":"THREE_ENEMY_KILL","is_prod":false,"is_daily":false,"chose_seed":false,"campfire_upgraded":5,"win_rate":0,"timestamp":1549548160,"path_taken":["M","?","?","?","M","E","R","$","T","R","$","M","R","M","R","BOSS","M","M","?","M","?","R","M","?","T","M"],"build_version":"2019-01-23","purchased_purges":0,"victory":false,"max_hp_per_floor":[80,85,85,85,85,85,85,85,92,92,92,92,92,92,92,92,92,92,92,92,92,92,92,92,92,92,92],"card_choices":[{"not_picked":["Clothesline","Dual Wield"],"picked":"Perfected Strike","floor":1},{"not_picked":["Corruption","Body Slam","True Grit"],"picked":"SKIP","floor":5},{"not_picked":["Sentinel","Sword Boomerang","Dual Wield"],"picked":"SKIP","floor":6},{"not_picked":["Carnage","Flame Barrier","Pommel Strike"],"picked":"SKIP","floor":12},{"not_picked":["Intimidate","Reckless Charge","Armaments"],"picked":"SKIP","floor":14},{"not_picked":["Immolate","Demon Form"],"picked":"Bludgeon","floor":16},{"not_picked":["Dual Wield","Sword Boomerang","Fire Breathing"],"picked":"SKIP","floor":18},{"not_picked":["Sword Boomerang+1","Clothesline"],"picked":"Twin Strike","floor":19},{"not_picked":["Flex","Sentinel","Immolate"],"picked":"SKIP","floor":20},{"not_picked":["Havoc","Bloodletting+1","Headbutt"],"picked":"SKIP","floor":21},{"not_picked":["Sword Boomerang+1","Havoc"],"picked":"Blood for Blood","floor":24},{"not_picked":["Disarm","Sword Boomerang","Evolve"],"picked":"SKIP","floor":25}],"player_experience":243286,"relics_obtained":[{"floor":6,"key":"Mercury Hourglass"},{"floor":9,"key":"Strawberry"},{"floor":26,"key":"Molten Egg 2"}],"event_choices":[{"damage_healed":0,"gold_gain":0,"player_choice":"Donut","damage_taken":0,"max_hp_gain":5,"max_hp_loss":0,"event_name":"Big Fish","floor":2,"gold_loss":0},{"damage_healed":0,"gold_gain":175,"player_choice":"AGREE","damage_taken":0,"max_hp_gain":0,"max_hp_loss":0,"event_name":"Liars Game","floor":3,"gold_loss":0,"cards_obtained":["Doubt"]},{"damage_healed":0,"gold_gain":0,"player_choice":"Ignored","damage_taken":0,"max_hp_gain":0,"max_hp_loss":0,"event_name":"NoteForYourself","floor":4,"gold_loss":0},{"damage_healed":0,"gold_gain":100,"player_choice":"Pray","damage_taken":0,"max_hp_gain":0,"max_hp_loss":0,"event_name":"Golden Shrine","floor":22,"gold_loss":0}],"is_beta":false,"boss_relics":[{"not_picked":["Cursed Key","Runic Dome","Philosopher\u0027s Stone"]}],"items_purged_floors":[],"is_endless":false,"potions_floor_spawned":[12,14,18,19,24],"killed_by":"Snecko","ascension_level":0}