{"gold_per_floor":[17,17,28,103,53,53,64,64,64,64,95,107,133,148,148,249,249,261,56,76,87,2,2,13,13,13,41,53,53,153,153],"floor_reached":31,"playtime":1936,"items_purged":[],"score":398,"play_id":"01b388fe-413a-4d99-9158-861614056474","local_time":"20181224023138","is_ascension_mode":true,"campfire_choices":[{"data":"Zap","floor":6.0,"key":"SMITH"},{"data":"Dualcast","floor":8.0,"key":"SMITH"},{"data":"Sunder","floor":15.0,"key":"SMITH"},{"data":"Loop","floor":23.0,"key":"SMITH"},{"floor":29.0,"key":"REST"}],"neow_cost":"NO_GOLD","seed_source_timestamp":0,"circlet_count":0,"master_deck":["AscendersBane","Strike_B","Defend_B","Defend_B","Defend_B","Zap+1","Dualcast+1","Self Repair","Cold Snap","Cold Snap","Conserve Battery","Sunder+1","Storm","Loop+1","Machine Learning","Coolheaded+1","Compile Driver","Storm","Sunder+1","Rebound+1"],"special_seed":0,"relics":["Cracked Core","Nunchaku","Strawberry","Sundial","Snecko Eye","Runic Capacitor","Molten Egg 2","Gremlin Horn","Oddly Smooth Stone","Bird Faced Urn","Matryoshka"],"potions_floor_usage":[],"damage_taken":[{"damage":7.0,"enemies":"Small Slimes","floor":1.0,"turns":3.0},{"damage":6.0,"enemies":"2 Louse","floor":3.0,"turns":3.0},{"damage":0.0,"enemies":"Cultist","floor":7.0,"turns":4.0},{"damage":35.0,"enemies":"Gremlin Nob","floor":11.0,"turns":5.0},{"damage":4.0,"enemies":"Looter","floor":12.0,"turns":3.0},{"damage":24.0,"enemies":"3 Sentries","floor":13.0,"turns":6.0},{"damage":0.0,"enemies":"2 Fungi Beasts","floor":14.0,"turns":3.0},{"damage":4.0,"enemies":"Slime Boss","floor":16.0,"turns":7.0},{"damage":8.0,"enemies":"2 Thieves","floor":18.0,"turns":4.0},{"damage":25.0,"enemies":"3 Byrds","floor":20.0,"turns":4.0},{"damage":6.0,"enemies":"Cultist and Chosen","floor":21.0,"turns":5.0},{"damage":0.0,"enemies":"Sentry and Sphere","floor":24.0,"turns":3.0},{"damage":37.0,"enemies":"Book of Stabbing","floor":27.0,"turns":5.0},{"damage":15.0,"enemies":"Centurion and Healer","floor":28.0,"turns":3.0},{"damage":0.0,"enemies":"Colosseum Slavers","floor":30.0,"turns":1.0},{"damage":28.0,"enemies":"Colosseum Nobs","floor":30.0,"turns":4.0},{"damage":18,"enemies":"Snake Plant","floor":31,"turns":2}],"seed_played":"8039195999815515114","potions_obtained":[{"floor":7.0,"key":"SmokeBomb"},{"floor":10.0,"key":"Regen Potion"},{"floor":10.0,"key":"Dexterity Potion"},{"floor":11.0,"key":"FearPotion"},{"floor":14.0,"key":"SkillPotion"},{"floor":24.0,"key":"Poison Potion"},{"floor":28.0,"key":"LiquidBronze"}],"is_trial":false,"path_per_floor":["M","?","M","?","?","R","M","R","T","?","E","M","E","M","R","B",null,"M","$","M","M","?","R","M","?","T","E","M","R","?","M"],"character_chosen":"DEFECT","items_purchased":["Runic Capacitor"],"campfire_rested":1,"item_purchase_floors":[19],"current_hp_per_floor":[61,61,62,51,51,51,58,58,58,58,51,54,37,44,44,47,73,72,72,54,55,55,55,62,46,46,16,8,34,13,0],"gold":153,"neow_bonus":"REMOVE_TWO","is_prod":false,"is_daily":false,"chose_seed":false,"campfire_upgraded":4,"win_rate":0,"timestamp":1545636698,"path_taken":["M","?","M","?","?","R","M","R","T","?","E","M","E","?","R","BOSS","M","$","M","M","?","R","M","?","T","E","M","R","?","?"],"build_version":"2018-12-20","purchased_purges":0,"victory":false,"max_hp_per_floor":[75,75,75,75,75,75,75,75,75,75,82,82,82,82,82,82,82,82,82,82,82,82,82,82,87,87,87,87,87,87,87],"card_choices":[{"not_picked":["Rebound","Redo"],"picked":"Self Repair","floor":1.0},{"not_picked":["BootSequence","Conserve Battery"],"picked":"Cold Snap","floor":3.0},{"not_picked":["Streamline","Tempest"],"picked":"Cold Snap","floor":7.0},{"not_picked":["Turbo","Multi-Cast"],"picked":"Conserve Battery","floor":11.0},{"not_picked":["Steam","Turbo"],"picked":"Sunder","floor":12.0},{"not_picked":["Redo","Skim"],"picked":"Storm","floor":13.0},{"not_picked":["Rebound","Turbo"],"picked":"Loop","floor":14.0},{"not_picked":["Hyperbeam","Core Surge"],"picked":"Machine Learning","floor":16.0},{"not_picked":["Go for the Eyes","Stack"],"picked":"Coolheaded+1","floor":18.0},{"not_picked":["Steam+1","Go for the Eyes"],"picked":"Compile Driver","floor":20.0},{"not_picked":["Stack","Steam+1"],"picked":"Storm","floor":21.0},{"not_picked":["Barrage+1","Rip and Tear+1","Conserve Battery"],"picked":"SKIP","floor":24.0},{"not_picked":["Fission","Streamline+1"],"picked":"Sunder+1","floor":27.0},{"not_picked":["Turbo","Rip and Tear+1"],"picked":"Rebound+1","floor":28.0}],"player_experience":337691,"relics_obtained":[{"floor":9.0,"key":"Nunchaku"},{"floor":11.0,"key":"Strawberry"},{"floor":13.0,"key":"Sundial"},{"floor":26.0,"key":"Gremlin Horn"},{"floor":27.0,"key":"Oddly Smooth Stone"},{"floor":30.0,"key":"Bird Faced Urn"},{"floor":30.0,"key":"Matryoshka"}],"event_choices":[{"cards_removed":["Strike_B"],"damage_healed":0.0,"max_hp_gain":0.0,"max_hp_loss":0.0,"gold_gain":0.0,"event_name":"Living Wall","player_choice":"Forget","floor":2.0,"gold_loss":0.0,"damage_taken":0.0},{"damage_healed":0.0,"max_hp_gain":0.0,"max_hp_loss":0.0,"gold_gain":75.0,"event_name":"World of Goop","player_choice":"Gather Gold","floor":4.0,"gold_loss":0.0,"damage_taken":11.0},{"cards_removed":["Strike_B"],"damage_healed":0.0,"max_hp_gain":0.0,"max_hp_loss":0.0,"gold_gain":0.0,"event_name":"The Cleric","player_choice":"Card Removal","floor":5.0,"gold_loss":50.0,"damage_taken":0.0},{"damage_healed":0.0,"max_hp_gain":0.0,"max_hp_loss":0.0,"gold_gain":0.0,"event_name":"Lab","player_choice":"Got Potions","floor":10.0,"gold_loss":0.0,"damage_taken":0.0},{"damage_healed":0.0,"max_hp_gain":0.0,"max_hp_loss":0.0,"gold_gain":0.0,"event_name":"Addict","player_choice":"Obtained Relic","floor":22.0,"gold_loss":85.0,"damage_taken":0.0,"relics_obtained":["Molten Egg 2"]},{"damage_healed":0.0,"max_hp_gain":5.0,"max_hp_loss":0.0,"gold_gain":0.0,"event_name":"Forgotten Altar","player_choice":"Shed Blood","floor":25.0,"gold_loss":0.0,"damage_taken":21.0},{"damage_healed":0.0,"max_hp_gain":0.0,"max_hp_loss":0.0,"gold_gain":0.0,"event_name":"Colosseum","player_choice":"Fight","floor":30.0,"gold_loss":0.0,"damage_taken":0.0},{"damage_healed":0.0,"max_hp_gain":0.0,"max_hp_loss":0.0,"gold_gain":0.0,"event_name":"Colosseum","player_choice":"Fought Nobs","floor":30.0,"gold_loss":0.0,"damage_taken":0.0}],"is_beta":false,"boss_relics":[{"not_picked":["Astrolabe","Nuclear Battery"],"picked":"Snecko Eye"}],"items_purged_floors":[],"is_endless":false,"potions_floor_spawned":[7,11,14,24,28,30],"killed_by":"Snake Plant","ascension_level":10}