{"gold_per_floor":[215,234,234,309,325,325,18,18,18,36,36,66,66,85,85,157,157,175,175,185,197,18,18,52,87,87,87,16,47,96,111,111,188,188,208,228,29,74,74,74,100,100,100,120,154,166,166,388,388,388],"floor_reached":51,"playtime":2628,"items_purged":["Strike_R","Perfected Strike"],"score":1459,"play_id":"c09b499d-cdd1-40b3-9916-99b03e8ffdcc","local_time":"20181029195145","is_ascension_mode":true,"campfire_choices":[{"data":"Bash","floor":6.0,"key":"SMITH"},{"data":"Cleave","floor":13.0,"key":"SMITH"},{"data":"Clothesline","floor":15.0,"key":"SMITH"},{"floor":23.0,"key":"REST"},{"data":"Demon Form","floor":27.0,"key":"SMITH"},{"data":"Armaments","floor":32.0,"key":"SMITH"},{"data":"True Grit","floor":40.0,"key":"SMITH"},{"data":"True Grit","floor":42.0,"key":"SMITH"},{"data":"Limit Break","floor":47.0,"key":"SMITH"},{"data":"Evolve","floor":49.0,"key":"SMITH"}],"neow_cost":"NONE","seed_source_timestamp":1557247197080247,"circlet_count":0,"master_deck":["Bash+1","AscendersBane","Flex+1","Cleave+1","Sword Boomerang+1","Reaper+1","Limit Break+1","Shrug It Off","Clothesline+1","Demon Form+1","Warcry","Metallicize","Sword Boomerang+1","Havoc","Shockwave","True Grit+1","Evolve+1","Shrug It Off","Power Through","Offering","Battle Trance","True Grit+1","Armaments+1","Impervious","Offering","Barricade","Shrug It Off+1","Feel No Pain","Power Through"],"special_seed":0,"relics":["Burning Blood","Gremlin Horn","Bag of Marbles","Pandora\u0027s Box","Whetstone","Red Mask","Singing Bowl","Letter Opener","Red Skull","Snecko Eye","StoneCalendar","Magic Flower","Self Forming Clay","Orichalcum"],"potions_floor_usage":[50,50],"damage_taken":[{"damage":7.0,"enemies":"Jaw Worm","floor":1.0,"turns":3.0},{"damage":5.0,"enemies":"Small Slimes","floor":2.0,"turns":4.0},{"damage":11.0,"enemies":"2 Louse","floor":5.0,"turns":2.0},{"damage":11.0,"enemies":"Looter","floor":10.0,"turns":2.0},{"damage":6.0,"enemies":"Gremlin Nob","floor":12.0,"turns":4.0},{"damage":3.0,"enemies":"3 Louse","floor":14.0,"turns":3.0},{"damage":0.0,"enemies":"Slime Boss","floor":16.0,"turns":5.0},{"damage":11.0,"enemies":"Chosen","floor":18.0,"turns":4.0},{"damage":24.0,"enemies":"Spheric Guardian","floor":20.0,"turns":4.0},{"damage":42.0,"enemies":"Snake Plant","floor":21.0,"turns":4.0},{"damage":15.0,"enemies":"Gremlin Leader","floor":24.0,"turns":5.0},{"damage":0.0,"enemies":"Masked Bandits","floor":25.0,"turns":1.0},{"damage":29.0,"enemies":"Book of Stabbing","floor":29.0,"turns":6.0},{"damage":35.0,"enemies":"Sentry and Sphere","floor":31.0,"turns":4.0},{"damage":20.0,"enemies":"Automaton","floor":33.0,"turns":6.0},{"damage":13.0,"enemies":"Orb Walker","floor":35.0,"turns":4.0},{"damage":15.0,"enemies":"3 Darklings","floor":36.0,"turns":4.0},{"damage":42.0,"enemies":"2 Orb Walkers","floor":38.0,"turns":5.0},{"damage":13.0,"enemies":"Giant Head","floor":41.0,"turns":7.0},{"damage":8.0,"enemies":"Sphere and 2 Shapes","floor":44.0,"turns":4.0},{"damage":12.0,"enemies":"Nemesis","floor":45.0,"turns":9.0},{"damage":17.0,"enemies":"Writhing Mass","floor":46.0,"turns":7.0},{"damage":45,"enemies":"Donu and Deca","floor":50,"turns":8}],"seed_played":"1528648476023733526","potions_obtained":[{"floor":1.0,"key":"Block Potion"},{"floor":10.0,"key":"Strength Potion"},{"floor":14.0,"key":"Strength Potion"},{"floor":21.0,"key":"Explosive Potion"},{"floor":29.0,"key":"PowerPotion"},{"floor":41.0,"key":"Swift Potion"},{"floor":44.0,"key":"LiquidBronze"}],"is_trial":false,"path_per_floor":["M","M","?","?","M","R","$","?","T","M","?","E","R","M","R","B",null,"M","?","M","M","$","R","E","?","T","R","$","E","T","M","R","B",null,"M","M","$","?","?","R","E","R","T","M","E","M","R","?","R","B"],"character_chosen":"IRONCLAD","items_purchased":["Reaper","Limit Break","Power Through","True Grit","FearPotion","Barricade","Energy Potion"],"campfire_rested":1,"item_purchase_floors":[7,7,22,28,28,37,37],"current_hp_per_floor":[67,68,61,50,45,45,45,22,22,17,17,25,25,31,31,37,66,61,61,49,13,13,35,43,49,49,49,49,61,61,32,32,18,61,56,70,70,56,56,56,79,79,79,83,83,83,83,83,83,83],"gold":388,"neow_bonus":"HUNDRED_GOLD","is_prod":false,"is_daily":false,"chose_seed":false,"campfire_upgraded":9,"win_rate":0,"timestamp":1540857105,"path_taken":["M","M","?","?","M","R","$","?","T","M","?","E","R","M","R","BOSS","M","?","?","M","$","R","E","?","T","R","?","E","?","?","R","BOSS","M","M","$","?","?","R","E","R","T","?","E","M","R","?","R","BOSS"],"build_version":"2018-10-29","purchased_purges":2,"victory":true,"max_hp_per_floor":[75,75,75,75,75,75,75,75,75,75,75,75,75,75,75,75,75,75,75,75,75,75,75,75,75,75,75,75,75,75,75,75,75,75,77,79,79,79,79,79,81,81,81,83,83,83,83,83,83,83],"card_choices":[{"not_picked":["Dual Wield","Carnage"],"picked":"Flex","floor":1.0},{"not_picked":["Searing Blow","Twin Strike"],"picked":"Cleave","floor":2.0},{"not_picked":["Clothesline","Headbutt"],"picked":"Sword Boomerang","floor":5.0},{"not_picked":["Burning Pact","Headbutt"],"picked":"Shrug It Off","floor":10.0},{"not_picked":["Anger","Dual Wield","Juggernaut"],"picked":"SKIP","floor":12.0},{"not_picked":["Sword Boomerang","Clash"],"picked":"Clothesline","floor":14.0},{"not_picked":["Immolate","Impervious"],"picked":"Demon Form","floor":16.0},{"not_picked":["Rupture","Twin Strike","Entrench+1"],"picked":"SKIP","floor":18.0},{"not_picked":["Perfected Strike","Body Slam"],"picked":"Evolve","floor":20.0},{"not_picked":["Infernal Blade","Headbutt"],"picked":"Shrug It Off","floor":21.0},{"not_picked":["Perfected Strike","Shrug It Off"],"picked":"Offering","floor":24.0},{"not_picked":["Shrug It Off","Twin Strike"],"picked":"Battle Trance","floor":25.0},{"not_picked":["True Grit","Warcry"],"picked":"Armaments","floor":29.0},{"not_picked":["Burning Pact","Thunderclap"],"picked":"Impervious","floor":31.0},{"not_picked":["Immolate","Brutality"],"picked":"Offering","floor":33.0},{"not_picked":["Sword Boomerang","Spot Weakness+1","Searing Blow"],"picked":"Singing Bowl","floor":35.0},{"not_picked":["Pommel Strike+1","Iron Wave","Twin Strike+1"],"picked":"Singing Bowl","floor":36.0},{"not_picked":["Anger","Shockwave"],"picked":"Shrug It Off+1","floor":38.0},{"not_picked":["Anger","Sword Boomerang","Warcry+1"],"picked":"Singing Bowl","floor":41.0},{"not_picked":["Havoc+1","Sever Soul+1","Wild Strike+1"],"picked":"Singing Bowl","floor":44.0},{"not_picked":["Clash","Ghostly Armor"],"picked":"Feel No Pain","floor":45.0},{"not_picked":["Disarm","Flex+1"],"picked":"Power Through","floor":46.0}],"player_experience":771337,"relics_obtained":[{"floor":9.0,"key":"Gremlin Horn"},{"floor":12.0,"key":"Bag of Marbles"},{"floor":24.0,"key":"Whetstone"},{"floor":25.0,"key":"Red Mask"},{"floor":26.0,"key":"Singing Bowl"},{"floor":29.0,"key":"Letter Opener"},{"floor":30.0,"key":"Red Skull"},{"floor":38.0,"key":"StoneCalendar"},{"floor":41.0,"key":"Magic Flower"},{"floor":43.0,"key":"Self Forming Clay"},{"floor":45.0,"key":"Orichalcum"}],"event_choices":[{"cards_removed":["Strike_R"],"damage_healed":0.0,"max_hp_gain":0.0,"max_hp_loss":0.0,"gold_gain":0.0,"event_name":"Golden Wing","player_choice":"Card Removal","floor":3.0,"gold_loss":0.0,"damage_taken":7.0},{"damage_healed":0.0,"max_hp_gain":0.0,"max_hp_loss":0.0,"gold_gain":75.0,"event_name":"World of Goop","player_choice":"Gather Gold","floor":4.0,"gold_loss":0.0,"damage_taken":11.0},{"damage_healed":0.0,"max_hp_gain":0.0,"max_hp_loss":0.0,"gold_gain":0.0,"event_name":"Shining Light","player_choice":"Entered Light","floor":8.0,"gold_loss":0.0,"damage_taken":23.0,"cards_upgraded":["Sword Boomerang","Strike_R"]},{"damage_healed":0.0,"max_hp_gain":0.0,"max_hp_loss":0.0,"gold_gain":0.0,"event_name":"Living Wall","player_choice":"Grow","floor":11.0,"gold_loss":0.0,"damage_taken":0.0,"cards_upgraded":["Flex"]},{"damage_healed":0.0,"max_hp_gain":0.0,"max_hp_loss":0.0,"gold_gain":0.0,"event_name":"The Library","player_choice":"Read","floor":19.0,"gold_loss":0.0,"damage_taken":0.0,"cards_obtained":["True Grit"]},{"damage_healed":0.0,"max_hp_gain":0.0,"max_hp_loss":0.0,"gold_gain":0.0,"event_name":"Masked Bandits","player_choice":"Fought Bandits","floor":25.0,"gold_loss":0.0,"damage_taken":0.0},{"damage_healed":0.0,"max_hp_gain":0.0,"max_hp_loss":0.0,"gold_gain":0.0,"event_name":"Mysterious Sphere","player_choice":"Fight","floor":38.0,"gold_loss":0.0,"damage_taken":0.0},{"cards_removed":["Fire Breathing"],"damage_healed":0.0,"max_hp_gain":0.0,"max_hp_loss":0.0,"gold_gain":0.0,"event_name":"Purifier","player_choice":"Purged","floor":39.0,"gold_loss":0.0,"damage_taken":0.0},{"damage_healed":0.0,"max_hp_gain":0.0,"max_hp_loss":0.0,"gold_gain":222.0,"event_name":"Tomb of Lord Red Mask","player_choice":"Wore Mask","floor":48.0,"gold_loss":0.0,"damage_taken":0.0}],"is_beta":true,"boss_relics":[{"not_picked":["Black Star","White Beast Statue"],"picked":"Pandora\u0027s Box"},{"not_picked":["Cursed Key","Lizard Tail"],"picked":"Snecko Eye"}],"items_purged_floors":[7,22],"is_endless":false,"potions_floor_spawned":[1,10,14,16,18,21,29,31,41,44],"ascension_level":15}