{"gold_per_floor":[116,134,59,59,24,24,24,39,39,50,60,60,72,90,90,164,164,177,190,210,227,238,238,248,248,248,275,285,42,54,73,73,144,144,160,160,178,191,46,46,58,58,58,71,71,90,90,103,103,103],"floor_reached":51,"playtime":4093,"items_purged":["Regret"],"score":1131,"play_id":"2b4e0757-6b62-41b5-9971-bedd13ae9b30","local_time":"20190115005338","is_ascension_mode":true,"campfire_choices":[{"floor":6.0,"key":"REST"},{"data":"Well Laid Plans","floor":12.0,"key":"SMITH"},{"data":"Footwork","floor":15.0,"key":"SMITH"},{"data":"Night Terror","floor":23.0,"key":"SMITH"},{"data":"Catalyst","floor":25.0,"key":"SMITH"},{"data":"Noxious Fumes","floor":32.0,"key":"SMITH"},{"data":"Neutralize","floor":40.0,"key":"SMITH"},{"data":"Night Terror","floor":42.0,"key":"SMITH"},{"data":"Survivor","floor":49.0,"key":"SMITH"}],"neow_cost":"CURSE","seed_source_timestamp":0,"circlet_count":0,"master_deck":["AscendersBane","Defend_G","Defend_G","Defend_G","Defend_G","Defend_G","Strike_G","Strike_G","Survivor+1","Neutralize+1","Corpse Explosion","Backflip","Escape Plan","Well Laid Plans+1","Footwork+1","Corpse Explosion","Night Terror+1","Noxious Fumes+1","Bane","Deadly Poison+1","Catalyst+1","Night Terror+1","Leg Sweep+1","Deadly Poison+1","Madness+1","Acrobatics+1"],"special_seed":0,"relics":["Ring of the Snake","Anchor","Coffee Dripper","Juzu Bracelet","Turnip","Singing Bowl","White Beast Statue","Toxic Egg 2","Lantern","Regal Pillow"],"potions_floor_usage":[50],"damage_taken":[{"damage":12.0,"enemies":"Jaw Worm","floor":1.0,"turns":6.0},{"damage":14.0,"enemies":"Cultist","floor":2.0,"turns":6.0},{"damage":5.0,"enemies":"Small Slimes","floor":8.0,"turns":4.0},{"damage":0.0,"enemies":"Blue Slaver","floor":10.0,"turns":4.0},{"damage":4.0,"enemies":"Exordium Wildlife","floor":11.0,"turns":3.0},{"damage":0.0,"enemies":"Large Slime","floor":13.0,"turns":6.0},{"damage":0.0,"enemies":"2 Fungi Beasts","floor":14.0,"turns":3.0},{"damage":1.0,"enemies":"Slime Boss","floor":16.0,"turns":10.0},{"damage":7.0,"enemies":"2 Thieves","floor":18.0,"turns":4.0},{"damage":2.0,"enemies":"Chosen","floor":19.0,"turns":6.0},{"damage":0.0,"enemies":"Snake Plant","floor":20.0,"turns":7.0},{"damage":5.0,"enemies":"Sentry and Sphere","floor":21.0,"turns":3.0},{"damage":5.0,"enemies":"Centurion and Healer","floor":22.0,"turns":5.0},{"damage":11.0,"enemies":"3 Cultists","floor":24.0,"turns":4.0},{"damage":18.0,"enemies":"Slavers","floor":27.0,"turns":3.0},{"damage":0.0,"enemies":"Cultist and Chosen","floor":28.0,"turns":2.0},{"damage":0.0,"enemies":"Centurion and Healer","floor":30.0,"turns":4.0},{"damage":0.0,"enemies":"Snake Plant","floor":31.0,"turns":2.0},{"damage":10.0,"enemies":"Champ","floor":33.0,"turns":6.0},{"damage":0.0,"enemies":"3 Shapes","floor":35.0,"turns":3.0},{"damage":10.0,"enemies":"3 Darklings","floor":37.0,"turns":3.0},{"damage":46.0,"enemies":"Transient","floor":38.0,"turns":5.0},{"damage":3.0,"enemies":"Jaw Worm Horde","floor":41.0,"turns":4.0},{"damage":0.0,"enemies":"3 Darklings","floor":44.0,"turns":4.0},{"damage":0.0,"enemies":"Maw","floor":46.0,"turns":6.0},{"damage":3.0,"enemies":"Sphere and 2 Shapes","floor":48.0,"turns":3.0},{"damage":4,"enemies":"Time Eater","floor":50,"turns":15}],"seed_played":"-2501779961287705038","potions_obtained":[{"floor":1.0,"key":"SpeedPotion"},{"floor":8.0,"key":"PowerPotion"},{"floor":14.0,"key":"Swift Potion"},{"floor":19.0,"key":"Dexterity Potion"},{"floor":24.0,"key":"LiquidBronze"},{"floor":27.0,"key":"EssenceOfSteel"},{"floor":35.0,"key":"SpeedPotion"},{"floor":37.0,"key":"Fruit Juice"},{"floor":38.0,"key":"GamblersBrew"},{"floor":41.0,"key":"SteroidPotion"},{"floor":44.0,"key":"GamblersBrew"},{"floor":48.0,"key":"AttackPotion"}],"is_trial":false,"path_per_floor":["M","M","$","?","$","R","?","M","T","M","M","R","M","M","R","B",null,"M","M","M","M","M","R","M","R","T","E","M","$","M","M","R","B",null,"M","T","M","M","$","R","M","R","T","M","?","M","?","M","R","B",null],"character_chosen":"THE_SILENT","items_purchased":["Escape Plan","Singing Bowl","Lantern"],"campfire_rested":1,"item_purchase_floors":[5,29,39],"current_hp_per_floor":[47,33,33,33,33,52,52,47,47,47,43,43,43,43,43,42,60,53,51,51,46,41,41,30,30,30,12,12,12,14,16,16,6,54,54,54,51,7,7,7,6,6,6,6,6,6,6,5,5,1],"gold":103,"neow_bonus":"THREE_RARE_CARDS","is_prod":false,"is_daily":false,"chose_seed":false,"campfire_upgraded":8,"win_rate":0,"timestamp":1547531618,"path_taken":["M","M","$","?","$","R","?","M","T","M","M","R","M","M","R","BOSS","M","M","M","M","M","R","M","R","T","E","M","$","M","M","R","BOSS","M","?","M","M","$","R","M","R","T","M","?","M","?","M","R","BOSS"],"build_version":"2019-01-10","purchased_purges":1,"victory":true,"max_hp_per_floor":[66,66,66,66,66,66,66,66,66,66,66,66,66,66,66,66,66,66,66,66,66,66,66,66,66,66,66,66,66,68,70,70,70,70,70,70,77,79,79,79,81,81,81,81,81,81,81,83,83,83],"card_choices":[{"not_picked":["Venomology","A Thousand Cuts"],"picked":"Corpse Explosion","floor":0.0},{"not_picked":["Masterful Stab","Flechettes","Dodge and Roll"],"picked":"SKIP","floor":1.0},{"not_picked":["Dagger Spray","PiercingWail"],"picked":"Backflip","floor":2.0},{"not_picked":["Dodge and Roll","Dagger Spray","Heel Hook"],"picked":"SKIP","floor":8.0},{"not_picked":["Reflex","Finisher"],"picked":"Well Laid Plans","floor":10.0},{"not_picked":["Concentrate","Poisoned Stab","Sucker Punch"],"picked":"SKIP","floor":11.0},{"not_picked":["Outmaneuver","Blade Dance"],"picked":"Footwork","floor":13.0},{"not_picked":["Tactician","Outmaneuver"],"picked":"Corpse Explosion","floor":14.0},{"not_picked":["After Image","Burst"],"picked":"Night Terror","floor":16.0},{"not_picked":["Dagger Spray","Backstab"],"picked":"Noxious Fumes","floor":18.0},{"not_picked":["Quick Slash","Prepared","Distraction"],"picked":"SKIP","floor":19.0},{"not_picked":["Distraction","Sucker Punch"],"picked":"Bane","floor":20.0},{"not_picked":["Reflex","Poisoned Stab","Finisher"],"picked":"SKIP","floor":21.0},{"not_picked":["Reflex","Predator"],"picked":"Deadly Poison+1","floor":22.0},{"not_picked":["Quick Slash","Poisoned Stab"],"picked":"Catalyst","floor":24.0},{"not_picked":["Bane","Phantasmal Killer","Masterful Stab"],"picked":"SKIP","floor":27.0},{"not_picked":["Accuracy","Blade Dance","Sucker Punch+1"],"picked":"SKIP","floor":28.0},{"not_picked":["Acrobatics+1","Poisoned Stab","Storm of Steel"],"picked":"Singing Bowl","floor":30.0},{"not_picked":["Dagger Throw","Acrobatics","Outmaneuver"],"picked":"Singing Bowl","floor":31.0},{"not_picked":["A Thousand Cuts","Bullet Time"],"picked":"Night Terror","floor":33.0},{"not_picked":["Flying Knee","Bane"],"picked":"Leg Sweep+1","floor":35.0},{"not_picked":["Concentrate+1","Eviscerate","Caltrops"],"picked":"Singing Bowl","floor":37.0},{"not_picked":["Poisoned Stab","Outmaneuver+1","Endless Agony"],"picked":"Singing Bowl","floor":38.0},{"not_picked":["Predator","Dagger Throw","Accuracy"],"picked":"Singing Bowl","floor":41.0},{"not_picked":["Blade Dance+1","Bane"],"picked":"Deadly Poison+1","floor":44.0},{"not_picked":["Dramatic Entrance","Mayhem"],"picked":"Madness+1","floor":45.0},{"not_picked":["Poisoned Stab","Heel Hook"],"picked":"Acrobatics+1","floor":46.0},{"not_picked":["Crippling Poison+1","Poisoned Stab","Endless Agony+1"],"picked":"Singing Bowl","floor":48.0}],"player_experience":433659,"relics_obtained":[{"floor":9.0,"key":"Anchor"},{"floor":26.0,"key":"Juzu Bracelet"},{"floor":27.0,"key":"Turnip"},{"floor":36.0,"key":"Toxic Egg 2"},{"floor":43.0,"key":"Regal Pillow"}],"event_choices":[{"cards_removed":["Strike_G"],"damage_healed":0.0,"max_hp_gain":0.0,"max_hp_loss":0.0,"gold_gain":0.0,"event_name":"Living Wall","player_choice":"Forget","floor":4.0,"gold_loss":0.0,"damage_taken":0.0},{"cards_removed":["Strike_G"],"damage_healed":0.0,"max_hp_gain":0.0,"max_hp_loss":0.0,"gold_gain":0.0,"event_name":"Purifier","player_choice":"Purged","floor":7.0,"gold_loss":0.0,"damage_taken":0.0},{"damage_healed":0.0,"max_hp_gain":0.0,"max_hp_loss":0.0,"gold_gain":0.0,"event_name":"SensoryStone","player_choice":"Memory 1","floor":45.0,"gold_loss":0.0,"damage_taken":0.0},{"cards_removed":["Strike_G"],"damage_healed":0.0,"max_hp_gain":0.0,"max_hp_loss":0.0,"gold_gain":0.0,"event_name":"Falling","player_choice":"Removed Attack","floor":47.0,"gold_loss":0.0,"damage_taken":0.0}],"is_beta":false,"boss_relics":[{"not_picked":["Ectoplasm","Astrolabe"],"picked":"Coffee Dripper"},{"not_picked":["Calling Bell","Snecko Eye"],"picked":"White Beast Statue"}],"items_purged_floors":[3],"is_endless":false,"potions_floor_spawned":[1,8,11,14,19,20,24,27,28,35,37,38,41,44,46,48],"ascension_level":15}