{"path_per_floor":["M","?","?","M","$","M","E","R","T","M","R","$","E","M","R","B",null,"M","M","?","?","M","E","M","M","T","R","M","M","M","$","R","B",null,"M","?","?","M","$","E","R","M","T","M","$","E","M","M","R","B"],"character_chosen":"IRONCLAD","items_purchased":["Seeing Red","Infernal Blade","Strawberry","Happy Flower","Toxic Egg 2"],"gold_per_floor":[113,113,188,208,131,149,179,179,235,245,245,16,44,58,58,153,153,166,177,177,102,122,149,166,185,209,209,219,229,246,103,103,204,204,218,218,273,291,52,83,83,103,103,114,114,140,152,168,168,168],"floor_reached":51,"campfire_rested":5,"playtime":3720,"current_hp_per_floor":[87,84,73,79,79,77,68,68,68,54,80,87,82,83,83,85,98,77,75,75,75,75,61,46,49,49,94,76,79,67,67,101,99,101,86,101,101,87,87,56,101,93,93,80,80,13,29,27,72,81],"items_purged":[],"gold":168,"score":893,"play_id":"819e9cbf-ffc4-4b8d-ba58-514f23813209","local_time":"20180418023207","is_prod":false,"is_daily":false,"chose_seed":true,"is_ascension_mode":false,"campfire_upgraded":2,"timestamp":1524043927,"path_taken":["M","?","?","M","$","M","E","R","T","M","R","$","E","M","R","BOSS","M","?","?","?","?","E","M","?","T","R","M","M","M","$","R","BOSS","M","?","?","M","$","E","R","M","T","?","$","E","M","M","R","BOSS"],"build_version":"2018-04-12","seed_source_timestamp":33519137207922,"purchased_purges":0,"victory":true,"master_deck":["Strike_R+1","Strike_R+1","Strike_R+1","Strike_R+1","Defend_R+1","Defend_R+1","Defend_R+1","Defend_R+1","Bash","Corruption+1","Flex","Seeing Red","Bloodletting","Clash","Infernal Blade+1","Inflame","Pummel","Burning Pact","Spot Weakness","Flex","Double Tap","Infernal Blade","Flex","Impervious","Flex+1","Seeing Red+1","Warcry+1","Warcry+1","Warcry+1","Offering+1","Pummel+1"],"max_hp_per_floor":[88,88,88,88,88,88,88,88,88,88,88,95,95,95,95,98,98,98,98,98,98,98,101,101,101,101,101,101,101,101,101,101,101,101,101,101,101,101,101,101,101,101,101,101,101,101,101,101,101,104],"relics":["Burning Blood","Dead Branch","Omamori","Tiny Chest","Strawberry","Vajra","White Beast Statue","Regal Pillow","Oddly Smooth Stone","Happy Flower","Lizard Tail","Magic Flower","Toxic Egg 2","Prayer Wheel","Molten Egg 2","Juzu Bracelet"],"card_choices":[{"not_picked":["Inflame","Reckless Charge"],"picked":"Corruption","floor":1},{"not_picked":["Twin Strike","Anger"],"picked":"Flex","floor":4},{"not_picked":["Sword Boomerang","Anger"],"picked":"Bloodletting","floor":6},{"not_picked":["Intimidate","Havoc"],"picked":"Clash","floor":7},{"not_picked":["Carnage","Headbutt"],"picked":"Inflame","floor":13},{"not_picked":["Clothesline","Cleave"],"picked":"Pummel","floor":14},{"not_picked":["Flex","Iron Wave"],"picked":"Burning Pact","floor":19},{"not_picked":["Havoc","Headbutt"],"picked":"Spot Weakness","floor":22},{"not_picked":["Bloodletting","Warcry"],"picked":"Flex","floor":24},{"not_picked":["Body Slam","Clothesline"],"picked":"Double Tap","floor":25},{"not_picked":["Carnage","Dropkick"],"picked":"Infernal Blade","floor":28},{"not_picked":["Clothesline","Cleave"],"picked":"Flex","floor":29},{"not_picked":["Feed","Immolate"],"picked":"Impervious","floor":33},{"not_picked":["Warcry","Pommel Strike"],"picked":"Flex","floor":37},{"not_picked":["Barricade","Warcry"],"picked":"Seeing Red","floor":38},{"not_picked":["Iron Wave","Dark Embrace"],"picked":"Warcry","floor":40},{"not_picked":["Havoc","Metallicize"],"picked":"Warcry","floor":43},{"not_picked":["Clothesline","Pommel Strike"],"picked":"Warcry","floor":44},{"not_picked":["Thunderclap","Armaments"],"picked":"Offering","floor":46},{"not_picked":["Armaments","Pommel Strike"],"picked":"Pummel","floor":48}],"player_experience":138314,"potions_floor_usage":[7,7,10,19,22,23,23,24,25,29,29,30,33,37,37,40,40,42,44,46,47,48,50],"damage_taken":[{"damage":7,"enemies":"Cultist","floor":1,"turns":5},{"damage":0,"enemies":"2 Louse","floor":4,"turns":3},{"damage":8,"enemies":"Jaw Worm","floor":6,"turns":3},{"damage":35,"enemies":"Gremlin Nob","floor":7,"turns":5},{"damage":32,"enemies":"Gremlin Gang","floor":10,"turns":5},{"damage":11,"enemies":"3 Sentries","floor":13,"turns":3},{"damage":5,"enemies":"Looter","floor":14,"turns":2},{"damage":7,"enemies":"Slime Boss","floor":16,"turns":4},{"damage":27,"enemies":"Shell Parasite","floor":18,"turns":4},{"damage":8,"enemies":"Spheric Guardian","floor":19,"turns":3},{"damage":6,"enemies":"Snake Plant","floor":22,"turns":4},{"damage":35,"enemies":"Slavers","floor":23,"turns":5},{"damage":21,"enemies":"Cultist and Chosen","floor":24,"turns":4},{"damage":3,"enemies":"Centurion and Healer","floor":25,"turns":3},{"damage":24,"enemies":"Snake Plant","floor":28,"turns":4},{"damage":3,"enemies":"Slaver and Parasite","floor":29,"turns":1},{"damage":18,"enemies":"Centurion and Healer","floor":30,"turns":2},{"damage":8,"enemies":"Collector","floor":33,"turns":4},{"damage":21,"enemies":"Orb Walker","floor":35,"turns":3},{"damage":2,"enemies":"Mysterious Sphere","floor":37,"turns":3},{"damage":23,"enemies":"3 Shapes","floor":38,"turns":4},{"damage":63,"enemies":"Nemesis","floor":40,"turns":5},{"damage":17,"enemies":"3 Darklings","floor":42,"turns":4},{"damage":22,"enemies":"4 Shapes","floor":44,"turns":3},{"damage":76,"enemies":"2 Orb Walkers","floor":46,"turns":6},{"damage":15,"enemies":"Maw","floor":47,"turns":5},{"damage":11,"enemies":"3 Darklings","floor":48,"turns":3},{"damage":5,"enemies":"Awakened One","floor":50,"turns":5}],"event_choices":[{"event_name":"Scrap Ooze","player_choice":"success","floor":2,"damage_taken":3},{"event_name":"World of Goop","player_choice":"Gather Gold","floor":3,"damage_taken":0},{"event_name":"Back to Basics","player_choice":"Simplicity","floor":20,"damage_taken":0},{"event_name":"Beggar","player_choice":"Gave Gold","floor":21,"damage_taken":0},{"event_name":"Winding Halls","player_choice":"Writhe","floor":36,"damage_taken":0},{"event_name":"Mysterious Sphere","player_choice":"Fight","floor":37,"damage_taken":0}],"boss_relics":[{"not_picked":["Orrery","Cursed Key"],"picked":"White Beast Statue"},{"not_picked":["Snecko Eye","Pandora\u0027s Box"],"picked":"Lizard Tail"}],"potions_floor_spawned":[1,6,7,16,18,19,22,23,24,25,28,29,30,33,35,37,38,40,42,44,46,47,48],"seed_played":"6951512934499831015","ascension_level":0,"is_trial":false}