{"path_per_floor":["M","?","?","$","?","E","M","R","T","R","E","M","R","M","R","B",null,"M","?","M","?","$","R","M","T","T","?","?","M","R","?","R"],"character_chosen":"IRONCLAD","items_purchased":["Regen Potion","Shuriken","Blood Vial","Oddly Smooth Stone","Flex"],"gold_per_floor":[119,119,119,70,70,96,114,114,414,414,440,460,460,472,472,575,575,593,593,613,613,4,4,22,22,22,22,22,37,37,37,37,37],"floor_reached":33,"campfire_rested":1,"playtime":1137,"current_hp_per_floor":[80,80,80,80,80,33,42,42,42,42,28,37,37,44,44,21,80,66,66,49,49,49,49,57,57,57,57,57,51,51,36,61,0],"items_purged":[],"gold":37,"score":251,"play_id":"b9f8f497-5c1f-48fd-aaa8-88a731de70a5","local_time":"20180331163509","is_prod":false,"is_daily":false,"is_ascension_mode":false,"campfire_upgraded":6,"timestamp":1522539309,"path_taken":["M","?","?","?","?","E","M","R","T","R","E","M","R","M","R","BOSS","M","?","?","?","$","R","M","?","T","?","?","M","R","?","R","BOSS"],"build_version":"2018-03-29v2","purchased_purges":0,"victory":false,"master_deck":["Strike_R+1","Strike_R+1","Strike_R+1","Defend_R+1","Defend_R+1","Bash+1","Pommel Strike+1","Flame Barrier","Flame Barrier","Heavy Blade","Wild Strike+1","Inflame+1","Limit Break+1","Pommel Strike+1","Sever Soul+1","Metallicize+1","Perfected Strike+1","Headbutt","Flex+1","Pommel Strike+1","Wild Strike"],"max_hp_per_floor":[80,80,80,80,80,80,80,80,80,80,80,80,80,80,80,80,80,80,80,80,80,80,80,80,80,80,80,80,80,80,85,85,85],"relics":["Burning Blood","Anchor","Magic Flower","Centennial Puzzle","Astrolabe","Nloth\u0027s Gift","Shuriken","Blood Vial","Oddly Smooth Stone","Bag of Marbles","Bird Faced Urn","Omamori"],"card_choices":[{"not_picked":["Seeing Red","Clash"],"picked":"Pommel Strike","floor":1},{"not_picked":["Clash","Power Through"],"picked":"Flame Barrier","floor":6},{"not_picked":["Perfected Strike","Sword Boomerang"],"picked":"Flame Barrier","floor":7},{"not_picked":["Warcry","Iron Wave"],"picked":"Heavy Blade","floor":11},{"not_picked":["Cleave","Clothesline"],"picked":"Wild Strike","floor":12},{"not_picked":["Feel No Pain","Cleave"],"picked":"Inflame","floor":14},{"not_picked":["Feed","Juggernaut"],"picked":"Limit Break","floor":16},{"not_picked":["Hemokinesis","Burning Pact"],"picked":"Perfected Strike","floor":18},{"not_picked":["Bloodletting","Fire Breathing"],"picked":"Headbutt","floor":20},{"not_picked":["Sword Boomerang","Cleave"],"picked":"Pommel Strike","floor":24},{"not_picked":["Bludgeon","Thunderclap"],"picked":"Wild Strike","floor":29}],"player_experience":69508,"potions_floor_usage":[11,16,16,33],"damage_taken":[{"damage":0,"enemies":"Jaw Worm","floor":1,"turns":3},{"damage":53,"enemies":"Lagavulin","floor":6,"turns":8},{"damage":0,"enemies":"Small Slimes","floor":7,"turns":3},{"damage":38,"enemies":"Gremlin Nob","floor":11,"turns":5},{"damage":0,"enemies":"Cultist","floor":12,"turns":3},{"damage":2,"enemies":"Blue Slaver","floor":14,"turns":2},{"damage":82,"enemies":"Hexaghost","floor":16,"turns":11},{"damage":23,"enemies":"Chosen","floor":18,"turns":4},{"damage":26,"enemies":"2 Thieves","floor":20,"turns":4},{"damage":4,"enemies":"Cultist and Chosen","floor":24,"turns":6},{"damage":21,"enemies":"Snake Plant","floor":29,"turns":3},{"damage":71,"enemies":"Collector","floor":33,"turns":5}],"event_choices":[{"event_name":"Golden Wing","player_choice":"Ignored","floor":2,"damage_taken":0},{"event_name":"The Cleric","player_choice":"Leave","floor":3,"damage_taken":0},{"event_name":"Wheel of Change","player_choice":"Full Heal","floor":5,"damage_taken":0},{"event_name":"Wheel of Change","player_choice":"Card Removal","floor":19,"damage_taken":0},{"event_name":"N\u0027loth","player_choice":"Traded a Old Coin","floor":21,"damage_taken":0},{"event_name":"The Mausoleum","player_choice":"Yes","floor":27,"damage_taken":0},{"event_name":"Back to Basics","player_choice":"Simplicity","floor":28,"damage_taken":0},{"event_name":"Forgotten Altar","player_choice":"Shed Blood","floor":31,"damage_taken":0}],"boss_relics":[{"not_picked":["Cursed Key","Runic Dome"],"picked":"Astrolabe"}],"potions_floor_spawned":[12,14,20],"seed_played":"-2880165364748838265","killed_by":"Collector","ascension_level":0,"is_trial":false}