{"gold_per_floor":[118,118,130,160,182,194,381,393,405,417,457,469,491,521,533,643,655,678,690],"floor_reached":19,"playtime":1145,"items_purged":[],"score":166,"play_id":"b23cb17b-6b05-4301-a606-41b6d858332f","local_time":"20181216163604","is_ascension_mode":false,"campfire_choices":[{"data":"Doppelganger","floor":6,"key":"SMITH"},{"data":"Night Terror","floor":10,"key":"SMITH"},{"floor":12,"key":"REST"},{"floor":15,"key":"REST"}],"neow_cost":"NONE","seed_source_timestamp":93577920429195,"circlet_count":0,"master_deck":["Defend_G","Defend_G","Defend_G","Defend_G","Defend_G","Strike_G","Strike_G","Strike_G","Survivor","Neutralize","Night Terror+1","Dagger Throw","PiercingWail","Doppelganger+1","Poisoned Stab","Outmaneuver","Noxious Fumes","Grand Finale","Poisoned Stab+1"],"relics":["Ring of the Snake","MawBank","Spirit Poop","Calipers","Empty Cage"],"potions_floor_usage":[14,16,16],"damage_taken":[{"damage":0,"enemies":"Small Slimes","floor":1,"turns":6},{"damage":0,"enemies":"Jaw Worm","floor":4,"turns":4},{"damage":0,"enemies":"2 Louse","floor":5,"turns":3},{"damage":58,"enemies":"3 Sentries","floor":11,"turns":13},{"damage":6,"enemies":"Large Slime","floor":13,"turns":11},{"damage":0,"enemies":"Lots of Slimes","floor":14,"turns":3},{"damage":25,"enemies":"Hexaghost","floor":16,"turns":10},{"damage":49,"enemies":"Chosen","floor":18,"turns":9},{"damage":15,"enemies":"3 Byrds","floor":19,"turns":3}],"seed_played":"6658735853738662450","potions_obtained":[{"floor":4,"key":"LiquidBronze"},{"floor":11,"key":"EssenceOfSteel"},{"floor":13,"key":"AttackPotion"},{"floor":14,"key":"SteroidPotion"}],"is_trial":false,"path_per_floor":["M","?","?","M","M","R","?","?","T","R","E","R","M","M","R","B",null,"M","M"],"character_chosen":"THE_SILENT","items_purchased":[],"campfire_rested":2,"item_purchase_floors":[],"current_hp_per_floor":[70,70,63,63,63,63,63,63,63,63,5,26,20,20,41,16,70,21,6],"gold":690,"neow_bonus":"ONE_RANDOM_RARE_CARD","is_prod":false,"is_daily":false,"chose_seed":false,"campfire_upgraded":2,"win_rate":0,"timestamp":1544996164,"path_taken":["M","?","?","M","M","R","?","?","T","R","E","R","M","M","R","BOSS","M","?"],"build_version":"2018-12-13","purchased_purges":0,"victory":false,"max_hp_per_floor":[70,70,70,70,70,70,70,70,70,70,70,70,70,70,70,70,70,70,70],"card_choices":[{"not_picked":["Slice","Acrobatics"],"picked":"Dagger Throw","floor":1},{"not_picked":["Underhanded Strike","Riddle With Holes"],"picked":"PiercingWail","floor":4},{"not_picked":["Sucker Punch","Blade Dance"],"picked":"Doppelganger","floor":5},{"not_picked":["Endless Agony","Sucker Punch"],"picked":"Poisoned Stab","floor":11},{"not_picked":["Blade Dance","Calculated Gamble"],"picked":"Outmaneuver","floor":13},{"not_picked":["Expertise","Dodge and Roll"],"picked":"Noxious Fumes","floor":14},{"not_picked":["Phantasmal Killer","Burst"],"picked":"Grand Finale","floor":16},{"not_picked":["Heel Hook+1","Dodge and Roll"],"picked":"Poisoned Stab+1","floor":18}],"player_experience":157008,"relics_obtained":[{"floor":11,"key":"Calipers"}],"event_choices":[{"damage_healed":0,"gold_gain":0,"player_choice":"Box","damage_taken":0,"relics_obtained":["MawBank"],"max_hp_gain":0,"max_hp_loss":0,"event_name":"Big Fish","floor":2,"gold_loss":0,"cards_obtained":["Regret"]},{"cards_removed":["Regret"],"damage_healed":0,"gold_gain":0,"player_choice":"Card Removal","damage_taken":7,"max_hp_gain":0,"max_hp_loss":0,"event_name":"Golden Wing","floor":3,"gold_loss":0},{"damage_healed":0,"gold_gain":175,"player_choice":"AGREE","damage_taken":0,"max_hp_gain":0,"max_hp_loss":0,"event_name":"Liars Game","floor":7,"gold_loss":0,"cards_obtained":["Doubt"]},{"cards_removed":["Doubt"],"damage_healed":0,"gold_gain":0,"player_choice":"Offered Curse","damage_taken":0,"relics_obtained":["Spirit Poop"],"max_hp_gain":0,"max_hp_loss":0,"event_name":"Bonfire Elementals","floor":8,"gold_loss":0}],"is_beta":true,"boss_relics":[{"not_picked":["Tiny House","Ectoplasm"],"picked":"Empty Cage"}],"items_purged_floors":[],"is_endless":false,"potions_floor_spawned":[4,11,13,14],"killed_by":"3 Byrds","ascension_level":0}