{"gold_per_floor":[115,115,128,128,278,312,329,341,367,384,46,61,3,3],"floor_reached":14,"playtime":527,"items_purged":["Doubt"],"score":184,"play_id":"c0459d1c-a6ed-453c-90a0-36077b2423b0","local_time":"20190327130343","is_ascension_mode":true,"campfire_choices":[],"neow_cost":"NONE","seed_source_timestamp":46072519232338,"circlet_count":0,"master_deck":["AscendersBane","Strike_R","Strike_R","Strike_R","Strike_R+1","Defend_R","Defend_R+1","Defend_R","Defend_R","Bash","Headbutt","Spot Weakness","Carnage","Thunderclap","Bludgeon","Metallicize","True Grit"],"relics":["Burning Blood","Art of War","Potion Belt","Meat on the Bone"],"potions_floor_usage":[8,12,12],"damage_taken":[{"damage":7,"enemies":"Small Slimes","floor":1,"turns":4},{"damage":7,"enemies":"Jaw Worm","floor":3,"turns":4},{"damage":50,"enemies":"Lagavulin","floor":6,"turns":6},{"damage":0,"enemies":"Cultist","floor":7,"turns":3},{"damage":9,"enemies":"Blue Slaver","floor":8,"turns":3},{"damage":25,"enemies":"3 Louse","floor":10,"turns":3},{"damage":7,"enemies":"Red Slaver","floor":12,"turns":4},{"damage":19,"enemies":"Lots of Slimes","floor":14,"turns":4}],"seed_played":"2892843325082695098","potions_obtained":[{"floor":6,"key":"Weak Potion"},{"floor":7,"key":"Dexterity Potion"},{"floor":8,"key":"GamblersBrew"},{"floor":10,"key":"GamblersBrew"}],"is_trial":false,"path_per_floor":["M","?","M","?","?","E","M","M","T","M","$","M","$","M"],"character_chosen":"IRONCLAD","items_purchased":["Meat on the Bone","True Grit"],"campfire_rested":0,"item_purchase_floors":[11,13],"current_hp_per_floor":[67,44,43,68,68,24,30,27,27,8,8,19,19,0],"gold":3,"neow_bonus":"REMOVE_CARD","is_prod":false,"is_daily":false,"chose_seed":false,"campfire_upgraded":0,"win_rate":0,"timestamp":1553706223,"path_taken":["M","?","M","?","?","E","?","M","T","M","$","M","?","M"],"build_version":"2019-03-15","purchased_purges":1,"victory":false,"max_hp_per_floor":[75,75,75,75,75,75,75,75,75,75,75,75,75,75],"card_choices":[{"not_picked":["Clash","Iron Wave"],"picked":"Headbutt","floor":1},{"not_picked":["Armaments","Headbutt"],"picked":"Spot Weakness","floor":3},{"not_picked":["Headbutt","Evolve"],"picked":"Carnage","floor":6},{"not_picked":["Perfected Strike","Sword Boomerang"],"picked":"Thunderclap","floor":7},{"not_picked":["Searing Blow","Heavy Blade","Iron Wave"],"picked":"SKIP","floor":8},{"not_picked":["Infernal Blade","Sword Boomerang"],"picked":"Bludgeon","floor":10},{"not_picked":["Body Slam","Disarm"],"picked":"Metallicize","floor":12}],"player_experience":617498,"relics_obtained":[{"floor":6,"key":"Art of War"},{"floor":9,"key":"Potion Belt"}],"event_choices":[{"damage_healed":0,"gold_gain":0,"player_choice":"Entered Light","damage_taken":23,"max_hp_gain":0,"max_hp_loss":0,"event_name":"Shining Light","floor":2,"gold_loss":0,"cards_upgraded":["Defend_R","Strike_R"]},{"damage_healed":25,"gold_gain":0,"player_choice":"Banana","damage_taken":0,"max_hp_gain":0,"max_hp_loss":0,"event_name":"Big Fish","floor":4,"gold_loss":0},{"damage_healed":0,"gold_gain":150,"player_choice":"AGREE","damage_taken":0,"max_hp_gain":0,"max_hp_loss":0,"event_name":"Liars Game","floor":5,"gold_loss":0,"cards_obtained":["Doubt"]}],"is_beta":true,"boss_relics":[],"items_purged_floors":[11],"is_endless":false,"potions_floor_spawned":[6,7,8,10],"killed_by":"Lots of Slimes","ascension_level":20}