{"path_per_floor":["M","M","M","$","M","R","?","$","T","M","R","M","R","M","R","B",null,"M","?","?","M","?","R","$","M","T","T","M","R","?","T","R"],"character_chosen":"THE_SILENT","items_purchased":["Strawberry"],"gold_per_floor":[113,128,145,145,159,159,159,12,12,26,26,37,37,47,47,146,146,162,162,77,94,94,94,94,114,138,193,212,212,212,212,212,212],"floor_reached":33,"campfire_rested":3,"playtime":890,"current_hp_per_floor":[68,68,68,68,41,41,46,53,53,52,52,47,71,70,70,31,82,74,74,74,65,65,65,65,55,55,55,25,64,48,48,87,0],"items_purged":[],"gold":212,"score":262,"play_id":"f768b9f9-9f1b-413d-939f-52c9d780bec8","local_time":"20180401091944","is_prod":false,"is_daily":false,"is_ascension_mode":false,"campfire_upgraded":4,"timestamp":1522599584,"path_taken":["M","M","M","$","M","R","?","?","T","M","R","M","R","M","R","BOSS","M","?","?","M","?","R","$","M","T","?","?","R","?","?","R","BOSS"],"build_version":"2018-03-29v2","purchased_purges":0,"victory":false,"master_deck":["Defend_G+1","Defend_G","Defend_G","Defend_G","Defend_G","Strike_G+1","Strike_G","Strike_G","Strike_G","Strike_G","Survivor+1","Neutralize","Deadly Poison+1","Poisoned Stab+1","Noxious Fumes","Poisoned Stab+1","Bouncing Flask+1","Poisoned Stab+1","Parasite","Injury","Backstab","Injury"],"max_hp_per_floor":[70,70,70,70,70,70,75,82,82,82,82,82,82,82,82,82,82,82,82,82,82,82,82,82,82,82,82,82,82,87,87,87,87],"relics":["Ring of the Snake","War Paint","Strawberry","Unceasing Top","Cursed Key","Bag of Preparation","Whetstone","Regal Pillow","Shovel"],"card_choices":[{"not_picked":["Dagger Throw","Masterful Stab"],"picked":"Deadly Poison","floor":1},{"not_picked":["Acrobatics","Deadly Poison"],"picked":"Poisoned Stab","floor":5},{"not_picked":["Accuracy","Dagger Spray"],"picked":"Noxious Fumes","floor":10},{"not_picked":["Expertise","Dagger Throw"],"picked":"Poisoned Stab","floor":14},{"not_picked":["Noxious Fumes","Leg Sweep"],"picked":"Poisoned Stab","floor":25},{"not_picked":["Backflip","Well Laid Plans"],"picked":"Backstab","floor":28}],"player_experience":98035,"potions_floor_usage":[16,18,21,21],"damage_taken":[{"damage":2,"enemies":"Small Slimes","floor":1,"turns":5},{"damage":0,"enemies":"Jaw Worm","floor":2,"turns":4},{"damage":0,"enemies":"Cultist","floor":3,"turns":5},{"damage":27,"enemies":"Exordium Thugs","floor":5,"turns":9},{"damage":1,"enemies":"Blue Slaver","floor":10,"turns":3},{"damage":5,"enemies":"Looter","floor":12,"turns":4},{"damage":1,"enemies":"3 Louse","floor":14,"turns":4},{"damage":39,"enemies":"Hexaghost","floor":16,"turns":7},{"damage":8,"enemies":"Chosen","floor":18,"turns":4},{"damage":9,"enemies":"2 Thieves","floor":21,"turns":3},{"damage":10,"enemies":"Snake Plant","floor":25,"turns":3},{"damage":30,"enemies":"Snecko","floor":28,"turns":4},{"damage":92,"enemies":"Automaton","floor":33,"turns":8}],"event_choices":[{"event_name":"Big Fish","player_choice":"Donut","floor":7,"damage_taken":0},{"event_name":"The Library","player_choice":"Read","floor":19,"damage_taken":0},{"event_name":"Addict","player_choice":"Obtained Relic","floor":20,"damage_taken":0},{"event_name":"Ghosts","player_choice":"Ignored","floor":22,"damage_taken":0},{"event_name":"Forgotten Altar","player_choice":"Shed Blood","floor":30,"damage_taken":0}],"boss_relics":[{"not_picked":["Philosopher\u0027s Stone","Runic Pyramid"],"picked":"Cursed Key"}],"potions_floor_spawned":[3,12,14,18,28],"seed_played":"-1598656145753832436","killed_by":"Automaton","ascension_level":0,"is_trial":false}