{"gold_per_floor":[111,111,111,111,111,129,129,129,156,183,213,224,235,253,253,348,348,367,385,385,66,66,96,96,112,188,208,208,25,45,91,91,196,196,211,121,21,38,53,53,86,133,133,149,24,42,42,0,0,0],"floor_reached":51,"playtime":2530,"items_purged":["Strike_R","Strike_R","Strike_R"],"score":695,"play_id":"5bf8afeb-46bb-4dfe-89c5-3d8b10486efe","local_time":"20181101202538","is_ascension_mode":false,"campfire_choices":[{"data":"Searing Blow","floor":8,"key":"SMITH"},{"data":"Searing Blow+1","floor":15,"key":"SMITH"},{"data":"Searing Blow+2","floor":24,"key":"SMITH"},{"data":"Searing Blow+3","floor":32,"key":"SMITH"},{"data":"Searing Blow+5","floor":40,"key":"SMITH"},{"data":"Searing Blow+6","floor":47,"key":"SMITH"},{"floor":49,"key":"REST"}],"neow_cost":"TEN_PERCENT_HP_LOSS","seed_source_timestamp":3129934681604,"circlet_count":0,"master_deck":["Strike_R+1","Defend_R","Defend_R","Defend_R+1","Defend_R","Bash","Double Tap","Searing Blow+7","True Grit","Bludgeon+1","Twin Strike","Thunderclap","Burning Pact","Flex","Feed","Warcry","Shrug It Off","Feel No Pain+1","Dropkick+1","Iron Wave+1","Panache","Sentinel+1","Barricade","Sentinel+1","Shrug It Off+1","Whirlwind","Shrug It Off+1","Parasite","Warcry+1","Warcry+1"],"relics":["Burning Blood","Dream Catcher","Regal Pillow","Lantern","Anchor","Mummified Hand","Velvet Choker","Nilry\u0027s Codex","Toxic Egg 2","Pantograph","Gremlin Horn","Question Card","Kunai","Whetstone","Busted Crown","Juzu Bracelet","Gambling Chip","Unceasing Top","Red Mask"],"potions_floor_usage":[16,16,23,50,50],"damage_taken":[{"damage":5,"enemies":"Cultist","floor":1,"turns":4},{"damage":3,"enemies":"2 Louse","floor":6,"turns":2},{"damage":31,"enemies":"Lagavulin","floor":11,"turns":5},{"damage":0,"enemies":"Small Slimes","floor":12,"turns":2},{"damage":9,"enemies":"2 Fungi Beasts","floor":13,"turns":3},{"damage":0,"enemies":"3 Louse","floor":14,"turns":2},{"damage":33,"enemies":"Hexaghost","floor":16,"turns":8},{"damage":0,"enemies":"Chosen","floor":18,"turns":3},{"damage":5,"enemies":"Spheric Guardian","floor":19,"turns":3},{"damage":13,"enemies":"Book of Stabbing","floor":23,"turns":5},{"damage":0,"enemies":"Chosen and Byrds","floor":25,"turns":3},{"damage":8,"enemies":"Snake Plant","floor":27,"turns":3},{"damage":12,"enemies":"Centurion and Healer","floor":30,"turns":3},{"damage":26,"enemies":"Champ","floor":33,"turns":8},{"damage":1,"enemies":"3 Shapes","floor":35,"turns":4},{"damage":6,"enemies":"Orb Walker","floor":38,"turns":4},{"damage":14,"enemies":"4 Shapes","floor":39,"turns":4},{"damage":14,"enemies":"Giant Head","floor":41,"turns":7},{"damage":14,"enemies":"2 Orb Walkers","floor":42,"turns":4},{"damage":21,"enemies":"Transient","floor":44,"turns":5},{"damage":0,"enemies":"Writhing Mass","floor":46,"turns":6},{"damage":72,"enemies":"Awakened One","floor":50,"turns":12}],"seed_played":"3232162752703811628","potions_obtained":[{"floor":11,"key":"Explosive Potion"},{"floor":14,"key":"EssenceOfSteel"},{"floor":19,"key":"Poison Potion"},{"floor":30,"key":"SmokeBomb"},{"floor":38,"key":"FairyPotion"},{"floor":44,"key":"AttackPotion"},{"floor":46,"key":"PowerPotion"}],"is_trial":false,"path_per_floor":["M","?","?","?","?","M","?","R","T","T","E","M","M","M","R","B",null,"M","M","?","$","?","E","R","M","T","M","?","$","M","T","R","B",null,"M","?","$","M","M","R","E","?","T","M","$","M","R","?","R","B",null],"character_chosen":"IRONCLAD","items_purchased":["Toxic Egg 2","Panache"],"campfire_rested":1,"item_purchase_floors":[21,29],"current_hp_per_floor":[72,58,58,55,48,51,51,51,51,51,26,32,29,35,35,8,72,75,75,59,59,59,52,52,61,61,62,62,62,56,56,56,61,81,81,81,81,81,73,73,65,57,57,42,42,48,48,48,81,15],"gold":0,"neow_bonus":"THREE_RARE_CARDS","is_prod":false,"is_daily":false,"chose_seed":false,"campfire_upgraded":6,"win_rate":0,"timestamp":1541118338,"path_taken":["M","?","?","?","?","M","?","R","T","?","E","M","M","M","R","BOSS","M","M","?","$","?","E","R","M","T","M","?","$","?","?","R","BOSS","M","?","$","M","M","R","E","?","T","M","$","M","R","?","R","BOSS"],"build_version":"2018-11-01","purchased_purges":3,"victory":true,"max_hp_per_floor":[72,72,72,72,72,72,72,72,72,72,72,72,72,72,72,72,72,75,75,75,75,75,75,75,78,78,81,81,81,81,81,81,81,81,81,81,81,81,81,81,81,81,81,81,81,81,81,81,81,81],"card_choices":[{"not_picked":["Dark Embrace","Exhume"],"picked":"Double Tap","floor":0},{"not_picked":["Sword Boomerang","Blood for Blood"],"picked":"Searing Blow","floor":1},{"not_picked":["Sword Boomerang","Clothesline"],"picked":"True Grit","floor":6},{"not_picked":["Blood for Blood","Corruption"],"picked":"Twin Strike","floor":11},{"not_picked":["Anger","Clothesline"],"picked":"Thunderclap","floor":12},{"not_picked":["Iron Wave","Entrench"],"picked":"Burning Pact","floor":13},{"not_picked":["Flame Barrier","Carnage"],"picked":"Flex","floor":14},{"not_picked":["Limit Break","Impervious"],"picked":"Feed","floor":16},{"not_picked":["Twin Strike","Thunderclap+1"],"picked":"Warcry","floor":18},{"not_picked":["True Grit","Thunderclap"],"picked":"Shrug It Off","floor":19},{"not_picked":["Dual Wield+1","Spot Weakness+1"],"picked":"Feel No Pain+1","floor":23},{"not_picked":["Clash","Clothesline"],"picked":"Dropkick+1","floor":25},{"not_picked":["Anger","Clothesline","Twin Strike"],"picked":"Iron Wave","floor":27},{"not_picked":["Flex+1","Entrench+1","Twin Strike"],"picked":"Sentinel+1","floor":30},{"not_picked":["Immolate","Dark Embrace","Berserk"],"picked":"Barricade","floor":33},{"not_picked":["Headbutt+1"],"picked":"Sentinel+1","floor":35},{"not_picked":["Cleave"],"picked":"Shrug It Off+1","floor":38},{"not_picked":["Twin Strike+1"],"picked":"Whirlwind","floor":39},{"not_picked":["Warcry+1"],"picked":"Shrug It Off+1","floor":41},{"not_picked":["Juggernaut","Rampage"],"picked":"SKIP","floor":44},{"not_picked":["Rage+1"],"picked":"Warcry+1","floor":46},{"not_picked":["Sword Boomerang+1"],"picked":"Warcry+1","floor":49}],"player_experience":93218,"relics_obtained":[{"floor":9,"key":"Lantern"},{"floor":10,"key":"Anchor"},{"floor":11,"key":"Mummified Hand"},{"floor":20,"key":"Nilry\u0027s Codex"},{"floor":23,"key":"Gremlin Horn"},{"floor":26,"key":"Question Card"},{"floor":28,"key":"Kunai"},{"floor":31,"key":"Whetstone"},{"floor":41,"key":"Juzu Bracelet"},{"floor":42,"key":"Gambling Chip"},{"floor":43,"key":"Unceasing Top"}],"event_choices":[{"damage_healed":0,"gold_gain":0,"player_choice":"Entered Light","damage_taken":14,"max_hp_gain":0,"max_hp_loss":0,"event_name":"Shining Light","floor":2,"gold_loss":0,"cards_upgraded":["Strike_R","Defend_R"]},{"damage_healed":0,"gold_gain":0,"player_choice":"Box","damage_taken":0,"relics_obtained":["Dream Catcher"],"max_hp_gain":0,"max_hp_loss":0,"event_name":"Big Fish","floor":3,"gold_loss":0,"cards_obtained":["Regret"]},{"damage_healed":0,"gold_gain":0,"player_choice":"Success","damage_taken":3,"relics_obtained":["Regal Pillow"],"max_hp_gain":0,"max_hp_loss":0,"event_name":"Scrap Ooze","floor":4,"gold_loss":0},{"cards_removed":["Regret"],"damage_healed":0,"gold_gain":0,"player_choice":"Card Removal","damage_taken":7,"max_hp_gain":0,"max_hp_loss":0,"event_name":"Golden Wing","floor":5,"gold_loss":0},{"damage_healed":0,"gold_gain":0,"cards_transformed":["Strike_R"],"player_choice":"Change","damage_taken":0,"max_hp_gain":0,"max_hp_loss":0,"event_name":"Living Wall","floor":7,"gold_loss":0,"cards_obtained":["Bludgeon"]},{"damage_healed":0,"gold_gain":0,"player_choice":"Obtained Book","damage_taken":16,"max_hp_gain":0,"max_hp_loss":0,"event_name":"Cursed Tome","floor":20,"gold_loss":0},{"damage_healed":0,"gold_gain":0,"player_choice":"Stole Relic","damage_taken":0,"relics_obtained":["Pantograph"],"max_hp_gain":0,"max_hp_loss":0,"event_name":"Addict","floor":22,"gold_loss":0,"cards_obtained":["Shame"]},{"damage_healed":0,"gold_gain":0,"player_choice":"Relic","damage_taken":0,"max_hp_gain":0,"max_hp_loss":0,"event_name":"Wheel of Change","floor":28,"gold_loss":0},{"cards_removed":["Shame"],"damage_healed":0,"gold_gain":0,"player_choice":"Upgrade and Remove","damage_taken":0,"max_hp_gain":0,"max_hp_loss":0,"event_name":"Designer","floor":36,"gold_loss":90,"cards_upgraded":["Searing Blow"]},{"damage_healed":0,"gold_gain":0,"player_choice":"Fight","damage_taken":0,"max_hp_gain":0,"max_hp_loss":0,"event_name":"Mysterious Sphere","floor":42,"gold_loss":0},{"damage_healed":0,"gold_gain":0,"player_choice":"Paid","damage_taken":0,"relics_obtained":["Red Mask"],"max_hp_gain":0,"max_hp_loss":0,"event_name":"Tomb of Lord Red Mask","floor":48,"gold_loss":42}],"is_beta":true,"boss_relics":[{"not_picked":["Black Star","Tiny House"],"picked":"Velvet Choker"},{"not_picked":["Runic Cube","Lizard Tail"],"picked":"Busted Crown"}],"items_purged_floors":[21,37,45],"is_endless":false,"potions_floor_spawned":[11,14,19,30,38,44,46],"ascension_level":0}