{"path_per_floor":["M","M","?","M","M","R","M","R","T","E","?","M","R","M","R","B",null,"M","M","$","M","?","E","$"],"character_chosen":"THE_SILENT","items_purchased":["Pantograph"],"gold_per_floor":[119,131,131,141,155,155,171,171,171,203,168,178,178,190,190,291,291,309,322,4,17,17,43,43,43],"floor_reached":25,"campfire_rested":1,"playtime":979,"current_hp_per_floor":[69,64,64,59,47,47,47,47,47,18,35,35,35,35,56,55,70,65,50,50,29,29,4,4,0],"items_purged":["Strike_G"],"gold":43,"score":225,"play_id":"d9b69a58-7366-4301-944e-ffc834c8b4ec","local_time":"20180402044651","is_prod":false,"is_daily":false,"is_ascension_mode":false,"campfire_upgraded":3,"timestamp":1522669611,"path_taken":["M","?","?","M","M","R","M","R","T","E","?","?","R","M","R","BOSS","M","M","$","M","?","E","?","E"],"build_version":"2018-03-29v2","purchased_purges":1,"victory":false,"master_deck":["Defend_G","Defend_G","Defend_G","Defend_G","Strike_G","Strike_G","Strike_G","Survivor","Neutralize+1","Burst","Poisoned Stab+1","Backstab","Backstab+1","Deadly Poison"],"max_hp_per_floor":[70,70,70,70,70,70,70,70,70,70,70,70,70,70,70,70,70,70,70,70,70,70,70,70,70],"relics":["Ring of the Snake","Dead Branch","Art of War","White Beast Statue","Pantograph","Ninja Scroll"],"card_choices":[{"not_picked":["Eviscerate","Dodge and Roll"],"picked":"Burst","floor":2},{"not_picked":["Caltrops","Eviscerate"],"picked":"Poisoned Stab","floor":4},{"not_picked":["Acrobatics","Dagger Spray"],"picked":"Backstab","floor":10},{"not_picked":["Accuracy","Distraction"],"picked":"Backstab","floor":12},{"not_picked":["Flying Knee","Dagger Throw"],"picked":"Deadly Poison","floor":14}],"player_experience":108182,"potions_floor_usage":[7,16,23,23,25,25],"damage_taken":[{"damage":1,"enemies":"Cultist","floor":1,"turns":4},{"damage":5,"enemies":"Small Slimes","floor":2,"turns":5},{"damage":5,"enemies":"2 Louse","floor":4,"turns":4},{"damage":12,"enemies":"Looter","floor":5,"turns":4},{"damage":0,"enemies":"3 Louse","floor":7,"turns":2},{"damage":29,"enemies":"Gremlin Nob","floor":10,"turns":5},{"damage":0,"enemies":"Exordium Wildlife","floor":12,"turns":3},{"damage":0,"enemies":"Lots of Slimes","floor":14,"turns":3},{"damage":1,"enemies":"Hexaghost","floor":16,"turns":7},{"damage":5,"enemies":"Chosen","floor":18,"turns":5},{"damage":15,"enemies":"Spheric Guardian","floor":19,"turns":5},{"damage":21,"enemies":"3 Cultists","floor":21,"turns":6},{"damage":40,"enemies":"Book of Stabbing","floor":23,"turns":7},{"damage":12,"enemies":"Gremlin Leader","floor":25,"turns":2}],"event_choices":[{"event_name":"Bonfire Elementals","player_choice":"BASIC","floor":3,"damage_taken":0},{"event_name":"The Cleric","player_choice":"Healed","floor":11,"damage_taken":0},{"event_name":"Purifier","player_choice":"One Purge","floor":22,"damage_taken":0}],"boss_relics":[{"not_picked":["Sozu","Velvet Choker"],"picked":"White Beast Statue"}],"potions_floor_spawned":[4,5,14,16,18,19,21,23],"seed_played":"6285422790997568103","killed_by":"Gremlin Leader","ascension_level":0,"is_trial":false}