{"gold_per_floor":[112,128,128,128,148,148,174,174,251,251,268,336,367,377,377,455,455,475,16,16,16,26,26],"floor_reached":23,"playtime":725,"items_purged":["Strike_B"],"score":548,"play_id":"325b3708-0c2a-4a54-8eef-4a10ab8742f1","local_time":"20181005234748","is_ascension_mode":true,"campfire_choices":[{"data":"Zap","floor":6,"key":"SMITH"},{"data":"Buffer","floor":8,"key":"SMITH"},{"data":"Cold Snap","floor":10,"key":"SMITH"},{"data":"Streamline","floor":15,"key":"SMITH"}],"neow_cost":"NONE","seed_source_timestamp":199842354631782,"circlet_count":0,"master_deck":["Strike_B","Strike_B","Strike_B","Defend_B+1","Defend_B","Defend_B","Defend_B","Zap+1","Dualcast+1","AscendersBane","Reboot","Cold Snap+1","Buffer+1","Streamline+1","Leap","Buffer","Reinforced Body+1","Chill","Streamline"],"relics":["Cracked Core","Boot","Bottled Tornado","The Courier","Sozu","Runic Capacitor","Lantern","Frozen Egg 2"],"potions_floor_usage":[16],"damage_taken":[{"damage":8,"enemies":"2 Louse","floor":1,"turns":3},{"damage":7,"enemies":"Small Slimes","floor":2,"turns":3},{"damage":0,"enemies":"Jaw Worm","floor":5,"turns":4},{"damage":27,"enemies":"3 Sentries","floor":7,"turns":9},{"damage":0,"enemies":"Exordium Thugs","floor":11,"turns":4},{"damage":0,"enemies":"Gremlin Nob","floor":13,"turns":4},{"damage":0,"enemies":"Large Slime","floor":14,"turns":4},{"damage":0,"enemies":"Slime Boss","floor":16,"turns":10},{"damage":10,"enemies":"3 Byrds","floor":18,"turns":5},{"damage":0,"enemies":"Chosen","floor":22,"turns":5},{"damage":15,"enemies":"Book of Stabbing","floor":23,"turns":4}],"seed_played":"-7103297806455030884","potions_obtained":[{"floor":2,"key":"Ancient Potion"},{"floor":7,"key":"SteroidPotion"}],"is_trial":false,"path_per_floor":["M","M","?","?","M","R","E","R","T","R","M","?","E","M","R","B",null,"M","$","?","?","M"],"character_chosen":"DEFECT","items_purchased":["Runic Capacitor","Lantern","Chill","Streamline"],"campfire_rested":0,"item_purchase_floors":[19,19,19,19],"current_hp_per_floor":[56,49,28,51,51,51,24,24,24,24,24,24,24,24,24,24,59,49,49,49,29,29,14],"gold":26,"neow_bonus":"ONE_RANDOM_RARE_CARD","is_prod":false,"is_daily":false,"chose_seed":false,"campfire_upgraded":4,"win_rate":0,"timestamp":1538797668,"path_taken":["M","M","?","?","M","R","E","R","T","R","M","?","E","M","R","BOSS","M","$","?","?","M","E"],"build_version":"2018-10-04v2","purchased_purges":1,"victory":false,"max_hp_per_floor":[71,71,71,71,71,71,71,71,71,71,71,71,71,71,71,71,71,71,71,71,76,76,76],"card_choices":[{"not_picked":["Stack","Redo"],"picked":"Cold Snap","floor":1},{"not_picked":["Stack","Rebound","Redo"],"picked":"SKIP","floor":2},{"not_picked":["Coolheaded","Redo","Rebound"],"picked":"SKIP","floor":5},{"not_picked":["Leap","Undo"],"picked":"Buffer","floor":7},{"not_picked":["Sweeping Beam","Genetic Algorithm"],"picked":"Melter","floor":11},{"not_picked":["Sweeping Beam","Multi-Cast"],"picked":"Streamline","floor":13},{"not_picked":["Stack","Coolheaded"],"picked":"Leap","floor":14},{"not_picked":["Seek","Multi-Cast"],"picked":"Buffer","floor":16},{"not_picked":["Hello World","Coolheaded"],"picked":"Reinforced Body+1","floor":18},{"not_picked":["Steam","Blizzard","Genetic Algorithm"],"picked":"SKIP","floor":22}],"player_experience":930246,"relics_obtained":[{"floor":7,"key":"Boot"},{"floor":9,"key":"Bottled Tornado"},{"floor":13,"key":"The Courier"}],"event_choices":[{"event_name":"Shining Light","player_choice":"Entered Light","floor":3,"damage_taken":0},{"event_name":"Big Fish","player_choice":"Banana","floor":4,"damage_taken":0},{"event_name":"Golden Wing","player_choice":"Gained Gold","floor":12,"damage_taken":0},{"event_name":"WeMeetAgain","player_choice":"Card","floor":20,"damage_taken":0},{"event_name":"Forgotten Altar","player_choice":"Shed Blood","floor":21,"damage_taken":0}],"is_beta":false,"boss_relics":[{"not_picked":["Eternal Feather","Ectoplasm"],"picked":"Sozu"}],"items_purged_floors":[19],"is_endless":false,"potions_floor_spawned":[2,7,18],"killed_by":"Book of Stabbing","ascension_level":20}