{"path_per_floor":["M","?","?","M","M","E","M","R","T","M","?","$","R","E","R","B",null,"M","$","M","?","?"],"character_chosen":"THE_SILENT","items_purchased":["Cloak And Dagger","Backflip"],"gold_per_floor":[19,19,19,35,45,74,94,94,94,111,186,9,9,40,40,135,135,148,48,68,68,68],"floor_reached":23,"campfire_rested":1,"playtime":2466,"current_hp_per_floor":[62,62,62,56,54,48,42,42,42,42,31,31,31,28,49,24,77,77,77,66,66,66],"items_purged":["Defend_G","Decay"],"gold":68,"play_id":"7dc834aa-75b1-42dd-bcb6-056873c26f9a","is_prod":false,"is_daily":false,"campfire_rituals":0,"campfire_upgraded":2,"is_hardmode":false,"path_taken":["M","?","?","M","M","E","M","R","T","?","?","?","R","E","R","BOSS","M","$","M","?","?","E"],"build_version":"2018-01-11-PROD2","purchased_purges":2,"victory":false,"master_deck":["Defend_G","Defend_G","Defend_G","Strike_G","Strike_G","Strike_G","Strike_G","Survivor","Neutralize","Cloak And Dagger","Flying Knee","Endless Agony","Wraith Form","Blur","Accuracy","Cloak And Dagger","Backflip","After Image","Injury","Decay","Quick Slash","Prepared"],"max_hp_per_floor":[70,70,70,70,70,70,70,70,70,70,70,70,70,70,70,70,77,77,77,77,77,77],"relics":["Ring of the Snake","Ginger","Happy Flower","Orichalcum","Calling Bell","Strawberry","Matryoshka","Bag of Marbles"],"campfire_meditates":0,"card_choices":[{"not_picked":["Underhanded Strike","Well Laid Plans"],"picked":"Cloak And Dagger"},{"not_picked":["Riddle With Holes","Caltrops"],"picked":"Flying Knee"},{"not_picked":["Bouncing Flask","Dagger Throw"],"picked":"Endless Agony"},{"not_picked":["Deflect","Phantasmal Killer"],"picked":"Wraith Form"},{"not_picked":["Quick Slash","Choke"],"picked":"Blur"},{"not_picked":["Heel Hook","Calculated Gamble"],"picked":"Accuracy"},{"not_picked":["Tactician","Glass Knife"],"picked":"After Image"},{"not_picked":["Sucker Punch","Glass Knife"],"picked":"Quick Slash"},{"not_picked":["Dagger Throw","Crippling Poison"],"picked":"Prepared"}],"player_experience":71820,"potions_floor_usage":[6,14,14,18,23],"damage_taken":[{"damage":8,"enemies":"Jaw Worm","floor":1,"turns":6},{"damage":6,"enemies":"Blue Slaver","floor":4,"turns":4},{"damage":2,"enemies":"Small Slimes","floor":5,"turns":3},{"damage":6,"enemies":"Lagavulin","floor":6,"turns":6},{"damage":6,"enemies":"Exordium Wildlife","floor":7,"turns":4},{"damage":0,"enemies":"2 Fungi Beasts","floor":10,"turns":4},{"damage":3,"enemies":"3 Sentries","floor":14,"turns":5},{"damage":25,"enemies":"Slime Boss","floor":16,"turns":13},{"damage":0,"enemies":"Chosen","floor":18,"turns":7},{"damage":11,"enemies":"Shell Parasite","floor":20,"turns":8},{"damage":78,"enemies":"Gremlin Leader","floor":23,"turns":12}],"event_choices":[{"event_name":"Accursed Blacksmith","player_choice":"Forge","floor":2,"damage_taken":0},{"event_name":"The Cleric","player_choice":"Leave","floor":3,"damage_taken":0},{"event_name":"World of Goop","player_choice":"Gather Gold","floor":11,"damage_taken":0},{"event_name":"Back to Basics","player_choice":"Simplicity","floor":21,"damage_taken":0},{"event_name":"Drug Dealer","player_choice":"Ignored","floor":22,"damage_taken":0}],"boss_relics":[{"not_picked":["The Specimen","Snecko Eye"],"picked":"Calling Bell"}],"potions_floor_spawned":[1,6,10,16,18],"seed_played":"2720498470128573135","killed_by":"Gremlin Leader","is_trial":false}