{"gold_per_floor":[110,127,127,143,63,89,89,89,89,89,99,113,130,162,162,239,239,255,267,5,5,19,53,53,80,80,92,108,108,118,153,153,226,226,237,237,237,177,277,305,318,351,351,351,219,229,241,0,0],"floor_reached":49,"playtime":2088,"items_purged":["Strike_G"],"score":1334,"play_id":"43cf2097-34b1-4eff-a236-80b5e1f65c7a","local_time":"20190314221341","is_ascension_mode":true,"campfire_choices":[{"data":"Bouncing Flask","floor":7.0,"key":"SMITH"},{"floor":10.0,"key":"DIG"},{"data":"Catalyst","floor":15.0,"key":"SMITH"},{"floor":24.0,"key":"DIG"},{"floor":29.0,"key":"REST"},{"floor":32.0,"key":"DIG"},{"floor":44,"key":"RECALL"},{"floor":49,"key":"DIG"}],"neow_cost":"NONE","seed_source_timestamp":148850377064641,"circlet_count":0,"master_deck":["AscendersBane","Defend_G","Defend_G","Defend_G","Defend_G","Defend_G","Strike_G","Strike_G","Strike_G","Strike_G+1","Survivor","Neutralize","Deadly Poison","Backstab","Bouncing Flask+1","Night Terror","Dash+1","Footwork+1","Catalyst+1","Leg Sweep","Wraith Form v2+1","Caltrops+1","Catalyst+1","Bouncing Flask+1","Acrobatics+1","Dodge and Roll+1","Blade Dance+1","Panacea+1","PiercingWail+1","Tools of the Trade+1","Dash+1"],"special_seed":0,"relics":["Ring of the Snake","Shovel","Frozen Egg 2","Kunai","Paper Crane","Busted Crown","Toxic Egg 2","Mummified Hand","Pen Nib","Blood Vial","Whetstone","Anchor","Snake Skull","The Courier","Cursed Key","Pocketwatch","Gremlin Horn","Bottled Flame","Bronze Scales","Red Mask","StoneCalendar"],"potions_floor_usage":[],"damage_taken":[{"damage":9.0,"enemies":"Small Slimes","floor":1.0,"turns":6.0},{"damage":11.0,"enemies":"Cultist","floor":2.0,"turns":5.0},{"damage":2.0,"enemies":"Jaw Worm","floor":4.0,"turns":5.0},{"damage":19.0,"enemies":"Lagavulin","floor":6.0,"turns":7.0},{"damage":5.0,"enemies":"Gremlin Gang","floor":11.0,"turns":2.0},{"damage":2.0,"enemies":"Lots of Slimes","floor":12.0,"turns":5.0},{"damage":3.0,"enemies":"Looter","floor":13.0,"turns":3.0},{"damage":0.0,"enemies":"Gremlin Nob","floor":14.0,"turns":3.0},{"damage":14.0,"enemies":"The Guardian","floor":16.0,"turns":5.0},{"damage":18.0,"enemies":"Spheric Guardian","floor":18.0,"turns":4.0},{"damage":13.0,"enemies":"2 Thieves","floor":19.0,"turns":5.0},{"damage":0.0,"enemies":"Shelled Parasite and Fungi","floor":22.0,"turns":6.0},{"damage":5.0,"enemies":"Book of Stabbing","floor":23.0,"turns":2.0},{"damage":6.0,"enemies":"Slavers","floor":25.0,"turns":7.0},{"damage":2.0,"enemies":"Centurion and Healer","floor":27.0,"turns":6.0},{"damage":3.0,"enemies":"3 Cultists","floor":28.0,"turns":4.0},{"damage":0.0,"enemies":"Snake Plant","floor":30.0,"turns":4.0},{"damage":0.0,"enemies":"Book of Stabbing","floor":31.0,"turns":4.0},{"damage":6.0,"enemies":"Champ","floor":33.0,"turns":4.0},{"damage":5.0,"enemies":"3 Darklings","floor":35.0,"turns":7.0},{"damage":0.0,"enemies":"Mind Bloom Boss Battle","floor":39.0,"turns":5.0},{"damage":1.0,"enemies":"Giant Head","floor":40.0,"turns":7.0},{"damage":0.0,"enemies":"Orb Walker","floor":41.0,"turns":3.0},{"damage":0.0,"enemies":"Reptomancer","floor":42.0,"turns":4.0},{"damage":3,"enemies":"Spire Growth","floor":46,"turns":4},{"damage":0,"enemies":"Jaw Worm Horde","floor":47,"turns":6}],"seed_played":"6897800423641312433","potions_obtained":[{"floor":2.0,"key":"Weak Potion"},{"floor":6.0,"key":"Explosive Potion"},{"floor":12.0,"key":"FearPotion"},{"floor":13.0,"key":"Dexterity Potion"},{"floor":16.0,"key":"Fire Potion"},{"floor":18.0,"key":"Block Potion"},{"floor":19.0,"key":"EssenceOfSteel"},{"floor":27.0,"key":"Weak Potion"},{"floor":30.0,"key":"EssenceOfSteel"},{"floor":31.0,"key":"Block Potion"},{"floor":47,"key":"Weak Potion"}],"is_trial":false,"path_per_floor":["M","M","?","M","$","E","R","?","T","R","M","M","M","E","R","B",null,"M","M","$","T","M","E","R","E","T","M","M","R","M","E","R","B",null,"M","?","?","$","?","E","M","E","T","R","$","M","M","?","R"],"character_chosen":"THE_SILENT","items_purchased":["Bouncing Flask","Toxic Egg 2","Bronze Scales"],"campfire_rested":1,"item_purchase_floors":[5,20,45],"current_hp_per_floor":[56,45,72,70,70,51,51,51,51,51,46,44,41,41,41,27,61,43,30,30,30,30,25,25,21,21,21,20,41,43,45,45,41,64,61,61,61,61,63,64,66,68,68,68,68,65,67,67,67],"gold":0,"neow_bonus":"TEN_PERCENT_HP_BONUS","is_prod":false,"is_daily":false,"chose_seed":false,"campfire_upgraded":2,"win_rate":0,"timestamp":1552616021,"path_taken":["M","M","?","M","?","E","R","?","T","R","M","M","M","E","R","BOSS","M","?","$","?","M","E","R","E","T","M","M","R","M","E","R","BOSS","M","?","?","$","?","E","M","E","T","R","?","M","M","?","R"],"build_version":"2019-02-06","purchased_purges":1,"victory":false,"max_hp_per_floor":[72,72,72,72,72,72,72,72,72,72,72,72,72,72,72,72,72,72,72,72,72,72,72,72,72,72,72,72,72,72,72,72,72,72,72,68,68,68,68,68,68,68,68,68,68,68,68,68,68],"card_choices":[{"not_picked":["Backflip","Cloak And Dagger"],"picked":"Deadly Poison","floor":1.0},{"not_picked":["Eviscerate","Bane"],"picked":"Caltrops","floor":2.0},{"not_picked":["Backflip","Cloak And Dagger"],"picked":"Backstab","floor":4.0},{"not_picked":["Sucker Punch","Deflect"],"picked":"Night Terror","floor":6.0},{"not_picked":["Crippling Poison","Outmaneuver"],"picked":"Footwork+1","floor":11.0},{"not_picked":["Slice","Accuracy+1","Bullet Time"],"picked":"SKIP","floor":12.0},{"not_picked":["Caltrops+1","Quick Slash"],"picked":"Catalyst","floor":13.0},{"not_picked":["Blade Dance","Cloak And Dagger"],"picked":"Leg Sweep","floor":14.0},{"not_picked":["Unload","Malaise"],"picked":"Wraith Form v2+1","floor":16.0},{"not_picked":[],"picked":"Caltrops+1","floor":18.0},{"not_picked":["Accuracy+1"],"picked":"SKIP","floor":19.0},{"not_picked":[],"picked":"Catalyst+1","floor":22.0},{"not_picked":["Underhanded Strike"],"picked":"SKIP","floor":23.0},{"not_picked":[],"picked":"Bouncing Flask+1","floor":25.0},{"not_picked":[],"picked":"Acrobatics+1","floor":27.0},{"not_picked":["Quick Slash"],"picked":"SKIP","floor":28.0},{"not_picked":[],"picked":"Dodge and Roll+1","floor":30.0},{"not_picked":["Accuracy+1"],"picked":"SKIP","floor":31.0},{"not_picked":[],"picked":"Blade Dance+1","floor":35.0},{"not_picked":[],"picked":"Panacea+1","floor":37.0},{"not_picked":[],"picked":"PiercingWail+1","floor":39.0},{"not_picked":[],"picked":"Tools of the Trade+1","floor":40.0},{"not_picked":["Dagger Spray"],"picked":"SKIP","floor":41.0},{"not_picked":[],"picked":"Dash+1","floor":42.0},{"not_picked":["Underhanded Strike+1"],"picked":"SKIP","floor":46},{"not_picked":["Outmaneuver+1"],"picked":"SKIP","floor":47}],"player_experience":1089014,"relics_obtained":[{"floor":6.0,"key":"Shovel"},{"floor":9.0,"key":"Frozen Egg 2"},{"floor":10.0,"key":"Kunai"},{"floor":14.0,"key":"Paper Crane"},{"floor":21.0,"key":"Mummified Hand"},{"floor":23.0,"key":"Pen Nib"},{"floor":24.0,"key":"Blood Vial"},{"floor":25.0,"key":"Whetstone"},{"floor":26.0,"key":"Anchor"},{"floor":31.0,"key":"Snake Skull"},{"floor":32.0,"key":"The Courier"},{"floor":39.0,"key":"Pocketwatch"},{"floor":40.0,"key":"Gremlin Horn"},{"floor":42.0,"key":"Bottled Flame"},{"floor":49,"key":"StoneCalendar"}],"event_choices":[{"cards_removed":["Caltrops"],"damage_healed":27.0,"max_hp_gain":0.0,"max_hp_loss":0.0,"gold_gain":0.0,"event_name":"Bonfire Elementals","player_choice":"Offered Uncommon","floor":3.0,"gold_loss":0.0,"damage_taken":0.0},{"damage_healed":0.0,"max_hp_gain":0.0,"max_hp_loss":0.0,"gold_gain":0.0,"event_name":"Match and Keep!","player_choice":"1 cards matched","floor":8.0,"gold_loss":0.0,"damage_taken":0.0,"cards_obtained":["Dash"]},{"damage_healed":0.0,"max_hp_gain":0.0,"max_hp_loss":4.0,"gold_gain":0.0,"event_name":"Winding Halls","player_choice":"Max HP","floor":36.0,"gold_loss":0.0,"damage_taken":0.0},{"damage_healed":0.0,"max_hp_gain":0.0,"max_hp_loss":0.0,"gold_gain":0.0,"event_name":"SensoryStone","player_choice":"Memory 1","floor":37.0,"gold_loss":0.0,"damage_taken":0.0},{"damage_healed":0.0,"max_hp_gain":0.0,"max_hp_loss":0.0,"gold_gain":0.0,"event_name":"MindBloom","player_choice":"Fight","floor":39.0,"gold_loss":0.0,"damage_taken":0.0},{"damage_healed":0,"gold_gain":0,"player_choice":"Paid","damage_taken":0,"relics_obtained":["Red Mask"],"max_hp_gain":0,"max_hp_loss":0,"event_name":"Tomb of Lord Red Mask","floor":48,"gold_loss":241}],"is_beta":true,"boss_relics":[{"not_picked":["Black Star","Orrery"],"picked":"Busted Crown"},{"not_picked":["Lizard Tail","WristBlade"],"picked":"Cursed Key"}],"items_purged_floors":[38],"is_endless":false,"potions_floor_spawned":[2,6,12,13,16,18,19,27,30,31,47],"ascension_level":20}