{"path_per_floor":["M","$","?","M","M","E","M","R","T","M","R","E","M","?","R","B",null,"M","?","M","M","M"],"character_chosen":"THE_SILENT","items_purchased":["Sucker Punch"],"gold_per_floor":[109,63,138,138,148,181,195,195,195,215,215,241,256,325,325,429,429,441,441,456,476,491,491],"floor_reached":23,"campfire_rested":2,"playtime":2076,"current_hp_per_floor":[70,70,59,58,56,15,15,36,36,33,54,48,45,45,45,20,70,66,66,66,58,47,0],"items_purged":[],"gold":491,"score":205,"play_id":"82e1f8c3-7034-4ba2-90ad-63c69a8b971a","local_time":"20180329153824","is_prod":false,"is_daily":false,"is_ascension_mode":false,"campfire_upgraded":1,"timestamp":1522363104,"path_taken":["M","?","?","M","M","E","M","R","T","?","R","E","M","?","R","BOSS","M","?","M","M","M","E"],"build_version":"2018-03-22v2","purchased_purges":0,"victory":false,"master_deck":["Defend_G","Defend_G","Defend_G","Defend_G+1","Defend_G","Strike_G","Strike_G","Strike_G","Strike_G","Strike_G","Survivor+1","Neutralize+1","Dagger Spray","Sucker Punch","All Out Attack","Outmaneuver","Dagger Spray","Quick Slash","Bouncing Flask","Dagger Throw","Unload","Dagger Spray+1","Quick Slash+1","Sucker Punch+1","Backflip"],"max_hp_per_floor":[70,70,70,70,70,70,70,70,70,70,70,70,70,70,70,70,70,70,70,70,70,70,70],"relics":["Snecko Eye","Thread and Needle","Tingsha","War Paint","Eternal Feather"],"card_choices":[{"not_picked":["Prepared","Dodge and Roll"],"picked":"Dagger Spray","floor":1},{"not_picked":["Deadly Poison","Dagger Spray"],"picked":"All Out Attack","floor":5},{"not_picked":["Glass Knife","PiercingWail"],"picked":"Outmaneuver","floor":6},{"not_picked":["Blur","Quick Slash"],"picked":"Dagger Spray","floor":7},{"not_picked":["Deadly Poison","Flying Knee"],"picked":"Quick Slash","floor":10},{"not_picked":["Flying Knee","Underhanded Strike"],"picked":"Bouncing Flask","floor":12},{"not_picked":["Deflect","Malaise"],"picked":"Dagger Throw","floor":13},{"not_picked":["Venomology","Phantasmal Killer"],"picked":"Unload","floor":16},{"not_picked":["Crippling Poison","Deflect"],"picked":"Dagger Spray","floor":18},{"not_picked":["Deflect","Caltrops"],"picked":"Quick Slash","floor":20},{"not_picked":["Backflip","Outmaneuver"],"picked":"Sucker Punch","floor":21},{"not_picked":["Acrobatics","Sucker Punch"],"picked":"Backflip","floor":22}],"player_experience":24592,"potions_floor_usage":[13,21,23],"damage_taken":[{"damage":0,"enemies":"Cultist","floor":1,"turns":4},{"damage":1,"enemies":"2 Louse","floor":4,"turns":2},{"damage":2,"enemies":"Small Slimes","floor":5,"turns":4},{"damage":41,"enemies":"Gremlin Nob","floor":6,"turns":6},{"damage":0,"enemies":"Exordium Wildlife","floor":7,"turns":3},{"damage":3,"enemies":"Lots of Slimes","floor":10,"turns":3},{"damage":6,"enemies":"3 Sentries","floor":12,"turns":4},{"damage":3,"enemies":"2 Fungi Beasts","floor":13,"turns":2},{"damage":25,"enemies":"The Guardian","floor":16,"turns":8},{"damage":4,"enemies":"Spheric Guardian","floor":18,"turns":4},{"damage":0,"enemies":"Shell Parasite","floor":20,"turns":5},{"damage":8,"enemies":"Snecko","floor":21,"turns":4},{"damage":11,"enemies":"Cultist and Chosen","floor":22,"turns":5},{"damage":50,"enemies":"Slavers","floor":23,"turns":5}],"event_choices":[{"event_name":"World of Goop","player_choice":"Gather Gold","floor":3,"damage_taken":0},{"event_name":"Golden Wing","player_choice":"Gained Gold","floor":14,"damage_taken":0},{"event_name":"Vampires","player_choice":"Ignored","floor":19,"damage_taken":0}],"boss_relics":[{"not_picked":["Calling Bell","Runic Pyramid"],"picked":"Eternal Feather"}],"potions_floor_spawned":[6,10,12,13,18,20],"seed_played":"335710094101857099","killed_by":"Slavers","ascension_level":0,"is_trial":false}