{"gold_per_floor":[115,115,140,156,231,260,286,324,336,348,360,382,408,13,13,13],"floor_reached":16,"playtime":422,"items_purged":[],"score":257,"play_id":"0e7e562a-4136-499f-bf08-643bb45b5e13","local_time":"20181101201706","is_ascension_mode":true,"campfire_choices":[{"data":"Lockon","floor":11,"key":"SMITH"},{"data":"Dualcast","floor":15,"key":"SMITH"}],"neow_cost":"NONE","seed_source_timestamp":213192165145796,"circlet_count":0,"master_deck":["AscendersBane","Strike_B","Strike_B","Strike_B","Strike_B","Defend_B","Defend_B","Defend_B","Defend_B","Zap+1","Dualcast+1","Lockon+1","Melter","Ball Lightning","Genetic Algorithm","Pain","Cold Snap","Ball Lightning"],"relics":["Cracked Core","NeowsBlessing","Orichalcum","MawBank","The Courier","WarpedTongs","OrangePellets","Kunai"],"potions_floor_usage":[16,16],"damage_taken":[{"damage":0,"enemies":"Small Slimes","floor":1,"turns":1},{"damage":0,"enemies":"Jaw Worm","floor":4,"turns":1},{"damage":0,"enemies":"Lagavulin","floor":6,"turns":1},{"damage":1,"enemies":"Cultist","floor":7,"turns":3},{"damage":17,"enemies":"3 Sentries","floor":8,"turns":6},{"damage":9,"enemies":"Looter","floor":12,"turns":3},{"damage":1,"enemies":"3 Louse","floor":13,"turns":3},{"damage":24,"enemies":"The Guardian","floor":16,"turns":8}],"seed_played":"1391583064771461288","potions_obtained":[{"floor":4,"key":"Weak Potion"},{"floor":6,"key":"Swift Potion"},{"floor":8,"key":"SteroidPotion"}],"is_trial":false,"path_per_floor":["M","?","T","M","?","E","M","E","T","?","R","M","M","$","R","B"],"character_chosen":"DEFECT","items_purchased":["OrangePellets","Kunai"],"campfire_rested":0,"item_purchase_floors":[14,14],"current_hp_per_floor":[64,64,64,64,53,53,52,35,35,35,35,26,25,25,25,1],"gold":13,"neow_bonus":"THREE_ENEMY_KILL","is_prod":false,"is_daily":false,"chose_seed":false,"campfire_upgraded":2,"win_rate":0,"timestamp":1541117826,"path_taken":["M","?","?","?","?","E","M","E","T","?","R","M","M","$","R","BOSS"],"build_version":"2018-11-01","purchased_purges":0,"victory":false,"max_hp_per_floor":[71,71,71,71,71,71,71,71,71,71,71,71,71,71,71,71],"card_choices":[{"not_picked":["Compile Driver","Rebound"],"picked":"Lockon","floor":1},{"not_picked":["Gash","Aggregate"],"picked":"Melter","floor":4},{"not_picked":["Streamline","Blizzard","Compile Driver"],"picked":"SKIP","floor":6},{"not_picked":["White Noise","Fusion"],"picked":"Ball Lightning","floor":7},{"not_picked":["Hologram","Auto Shields"],"picked":"Genetic Algorithm","floor":8},{"not_picked":["Steam Power","Compile Driver"],"picked":"Cold Snap","floor":12},{"not_picked":["Cold Snap","Streamline"],"picked":"Ball Lightning","floor":13}],"player_experience":804225,"relics_obtained":[{"floor":3,"key":"Orichalcum"},{"floor":6,"key":"MawBank"},{"floor":8,"key":"The Courier"}],"event_choices":[{"damage_healed":0,"gold_gain":0,"player_choice":"Grow","damage_taken":0,"max_hp_gain":0,"max_hp_loss":0,"event_name":"Living Wall","floor":2,"gold_loss":0,"cards_upgraded":["Zap"]},{"damage_healed":0,"gold_gain":75,"player_choice":"Gather Gold","damage_taken":11,"max_hp_gain":0,"max_hp_loss":0,"event_name":"World of Goop","floor":5,"gold_loss":0},{"damage_healed":0,"gold_gain":0,"player_choice":"Rummage","damage_taken":0,"relics_obtained":["WarpedTongs"],"max_hp_gain":0,"max_hp_loss":0,"event_name":"Accursed Blacksmith","floor":10,"gold_loss":0,"cards_obtained":["Pain"]}],"is_beta":true,"boss_relics":[],"items_purged_floors":[],"is_endless":false,"potions_floor_spawned":[4,6,8,13],"killed_by":"The Guardian","ascension_level":18}