{"path_per_floor":["M","M","?","M","M","R","M","M","T","M","?","R","$","M","R"],"character_chosen":"DEFECT","items_purchased":["DataDisk"],"gold_per_floor":[110,128,128,147,165,165,180,198,221,241,316,316,89,105,105,105],"floor_reached":16,"campfire_rested":1,"playtime":527,"item_purchase_floors":[13],"current_hp_per_floor":[75,75,75,75,65,65,59,43,43,41,30,52,52,54,54,0],"items_purged":["Defend_B"],"gold":105,"score":96,"play_id":"33afca2f-3e62-47a1-957b-58ec91b94e8d","local_time":"20180610070331","is_prod":false,"is_daily":false,"chose_seed":false,"is_ascension_mode":false,"campfire_upgraded":2,"win_rate":0.0,"timestamp":1528639411,"campfire_choices":[{"data":"Tempest","floor":6,"key":"SMITH"},{"floor":12,"key":"REST"},{"data":"Melter","floor":15,"key":"SMITH"}],"path_taken":["M","M","?","M","?","R","M","M","T","M","?","R","$","M","R","BOSS"],"build_version":"2018-06-07v3","seed_source_timestamp":1580015325907125,"purchased_purges":1,"victory":false,"master_deck":["Strike_B","Strike_B","Strike_B","Strike_B","Defend_B","Defend_B","Defend_B","Zap+1","Dualcast","Melter+1","Tempest+1","Conserve Battery","Conserve Battery","White Noise","Seek"],"max_hp_per_floor":[75,75,75,75,75,75,75,75,75,75,75,75,75,77,77,77],"relics":["Cracked Core","Potion Belt","Singing Bowl","DataDisk"],"card_choices":[{"not_picked":["Turbo","Hologram"],"picked":"Melter","floor":1},{"not_picked":["BootSequence","Double Energy"],"picked":"Tempest","floor":2},{"not_picked":["Melter","Gash"],"picked":"Conserve Battery","floor":4},{"not_picked":["Rebound","Coolheaded","Stack"],"picked":"SKIP","floor":5},{"not_picked":["Steam","BootSequence"],"picked":"Conserve Battery","floor":7},{"not_picked":["Turbo","Skim"],"picked":"White Noise","floor":8},{"not_picked":["Conserve Battery","Ball Lightning"],"picked":"Seek","floor":10},{"not_picked":["Compile Driver","Stack","Glacier"],"picked":"Singing Bowl","floor":14}],"player_experience":178710,"potions_floor_usage":[10,14,16,16],"damage_taken":[{"damage":0,"enemies":"2 Louse","floor":1,"turns":3},{"damage":0,"enemies":"Small Slimes","floor":2,"turns":2},{"damage":0,"enemies":"Cultist","floor":4,"turns":3},{"damage":10,"enemies":"Looter","floor":5,"turns":2},{"damage":6,"enemies":"2 Fungi Beasts","floor":7,"turns":2},{"damage":16,"enemies":"Lots of Slimes","floor":8,"turns":3},{"damage":2,"enemies":"Blue Slaver","floor":10,"turns":3},{"damage":0,"enemies":"2 Fungi Beasts","floor":14,"turns":2},{"damage":55,"enemies":"The Guardian","floor":16,"turns":9}],"relics_obtained":[{"floor":9,"key":"Singing Bowl"}],"event_choices":[{"event_name":"Living Wall","player_choice":"Grow","floor":3,"damage_taken":0},{"event_name":"World of Goop","player_choice":"Gather Gold","floor":11,"damage_taken":0}],"boss_relics":[],"items_purged_floors":[13],"potions_floor_spawned":[1,7,8,10],"seed_played":"4633777275468938088","killed_by":"The Guardian","ascension_level":0,"potions_obtained":[{"floor":1,"key":"Strength Potion"},{"floor":7,"key":"Swift Potion"},{"floor":8,"key":"PowerPotion"},{"floor":10,"key":"Explosive Potion"}],"is_trial":false}