{"gold_per_floor":[117,192,192,192,37,62,73,73,124,159,334,133,149,169,169,264,264,278,39,39,27,27,27,37,37,119,149,169,185,185],"floor_reached":30,"playtime":769,"items_purged":["Doubt"],"score":314,"play_id":"303f60f4-2793-4ff2-af5b-76813e86efc3","local_time":"20190312071020","is_ascension_mode":true,"campfire_choices":[{"data":"Rupture","floor":8,"key":"SMITH"},{"data":"Bandage Up","floor":15,"key":"SMITH"},{"data":"Bludgeon","floor":23,"key":"SMITH"}],"neow_cost":"NONE","seed_source_timestamp":346703885867272,"circlet_count":0,"master_deck":["Strike_R+1","Strike_R+1","Strike_R","Defend_R","Defend_R","Defend_R","Defend_R","Bash","Thunderclap","Rupture+1","Metallicize","Flex","Corruption","Bandage Up+1","Bludgeon+1","Heavy Blade","Armaments","Thunderclap+1","Twin Strike+1","Clash+1"],"relics":["Burning Blood","NeowsBlessing","Whetstone","Orichalcum","Blue Candle","Mark of Pain","Bottled Flame","Kunai","Magic Flower"],"potions_floor_usage":[13,13,16,16,24,27],"damage_taken":[{"damage":0,"enemies":"2 Louse","floor":1,"turns":1},{"damage":0,"enemies":"Small Slimes","floor":4,"turns":1},{"damage":0,"enemies":"Lagavulin","floor":6,"turns":1},{"damage":7,"enemies":"Jaw Worm","floor":7,"turns":3},{"damage":10,"enemies":"3 Sentries","floor":10,"turns":8},{"damage":20,"enemies":"3 Louse","floor":13,"turns":3},{"damage":15,"enemies":"Exordium Wildlife","floor":14,"turns":4},{"damage":55,"enemies":"Hexaghost","floor":16,"turns":10},{"damage":23,"enemies":"Shell Parasite","floor":18,"turns":5},{"damage":22,"enemies":"2 Thieves","floor":21,"turns":4},{"damage":11,"enemies":"Shelled Parasite and Fungi","floor":24,"turns":4},{"damage":44,"enemies":"Book of Stabbing","floor":27,"turns":5},{"damage":13,"enemies":"Snecko","floor":28,"turns":3},{"damage":22,"enemies":"Centurion and Healer","floor":29,"turns":5},{"damage":29,"enemies":"Slavers","floor":30,"turns":2}],"seed_played":"-793166180549901184","potions_obtained":[{"floor":1,"key":"Swift Potion"},{"floor":6,"key":"LiquidBronze"},{"floor":10,"key":"GamblersBrew"},{"floor":13,"key":"Explosive Potion"},{"floor":21,"key":"Strength Potion"},{"floor":24,"key":"Fire Potion"},{"floor":29,"key":"Swift Potion"}],"is_trial":false,"path_per_floor":["M","?","?","M","$","E","M","R","T","E","?","$","M","M","R","B",null,"M","$","?","M","$","R","M","?","T","E","M","M","E"],"character_chosen":"IRONCLAD","items_purchased":["Whetstone","Corruption","Bandage Up","Bottled Flame"],"campfire_rested":0,"item_purchase_floors":[5,12,12,19],"current_hp_per_floor":[80,69,62,68,68,74,73,73,73,69,69,69,59,54,54,11,80,63,63,63,53,53,53,54,54,54,22,27,23,0],"gold":185,"neow_bonus":"THREE_ENEMY_KILL","is_prod":false,"is_daily":false,"chose_seed":true,"campfire_upgraded":3,"win_rate":0,"timestamp":1552399820,"path_taken":["M","?","?","M","?","E","M","R","T","E","?","$","?","M","R","BOSS","M","$","?","M","$","R","M","?","T","E","?","M","E"],"build_version":"2019-01-23","purchased_purges":1,"victory":false,"max_hp_per_floor":[80,80,80,80,80,80,80,80,80,80,80,80,80,80,80,80,80,80,80,80,80,80,80,80,80,80,80,80,80,80],"card_choices":[{"not_picked":["Entrench","Twin Strike"],"picked":"Thunderclap","floor":1},{"not_picked":["Rage","Anger","Pommel Strike"],"picked":"SKIP","floor":4},{"not_picked":["Clash","Seeing Red"],"picked":"Rupture","floor":6},{"not_picked":["Havoc","True Grit"],"picked":"Metallicize","floor":7},{"not_picked":["Thunderclap","Dual Wield"],"picked":"Flex","floor":10},{"not_picked":["Fire Breathing","Anger","Body Slam"],"picked":"SKIP","floor":13},{"not_picked":["Pummel","Heavy Blade","Dropkick"],"picked":"SKIP","floor":14},{"not_picked":["Double Tap","Limit Break"],"picked":"Bludgeon","floor":16},{"not_picked":["Wild Strike","Pommel Strike"],"picked":"Heavy Blade","floor":18},{"not_picked":["Feel No Pain+1","Perfected Strike"],"picked":"Armaments","floor":21},{"not_picked":["Clash","Headbutt"],"picked":"Thunderclap+1","floor":24},{"not_picked":["Exhume","True Grit+1"],"picked":"Twin Strike+1","floor":27},{"not_picked":["Flex","Body Slam","Corruption"],"picked":"SKIP","floor":28},{"not_picked":["Pommel Strike","Havoc"],"picked":"Clash+1","floor":29}],"player_experience":338009,"relics_obtained":[{"floor":6,"key":"Orichalcum"},{"floor":10,"key":"Blue Candle"},{"floor":26,"key":"Kunai"},{"floor":27,"key":"Magic Flower"}],"event_choices":[{"damage_healed":0,"gold_gain":75,"player_choice":"Gather Gold","damage_taken":11,"max_hp_gain":0,"max_hp_loss":0,"event_name":"World of Goop","floor":2,"gold_loss":0},{"cards_removed":["Strike_R"],"damage_healed":0,"gold_gain":0,"player_choice":"Card Removal","damage_taken":7,"max_hp_gain":0,"max_hp_loss":0,"event_name":"Golden Wing","floor":3,"gold_loss":0},{"damage_healed":0,"gold_gain":175,"player_choice":"AGREE","damage_taken":0,"max_hp_gain":0,"max_hp_loss":0,"event_name":"Liars Game","floor":11,"gold_loss":0,"cards_obtained":["Doubt"]},{"damage_healed":0,"gold_gain":0,"player_choice":"Ignored","damage_taken":0,"max_hp_gain":0,"max_hp_loss":0,"event_name":"Vampires","floor":20,"gold_loss":0},{"cards_removed":["Strike_R"],"damage_healed":0,"gold_gain":0,"player_choice":"Purged","damage_taken":0,"max_hp_gain":0,"max_hp_loss":0,"event_name":"Purifier","floor":25,"gold_loss":0}],"is_beta":false,"boss_relics":[{"not_picked":["Ectoplasm","Coffee Dripper"],"picked":"Mark of Pain"}],"items_purged_floors":[12],"is_endless":false,"potions_floor_spawned":[1,6,10,13,21,24,29],"killed_by":"Slavers","ascension_level":2}