{"gold_per_floor":[118,118,43,55,130,164,164,174,174,199,210,244,244,244,244,346,346,332,332,17,28,46,46],"floor_reached":23,"playtime":1110,"items_purged":["Strike_R"],"score":234,"play_id":"72d1ebb1-5f7c-464a-9e04-9995e96ffa5f","local_time":"20181213143610","is_ascension_mode":false,"campfire_choices":[{"data":"True Grit","floor":13,"key":"SMITH"},{"data":"Bash","floor":15,"key":"SMITH"}],"neow_cost":"NONE","seed_source_timestamp":134561695132198,"circlet_count":0,"master_deck":["Strike_R","Strike_R+1","Strike_R","Strike_R","Defend_R","Defend_R","Defend_R+1","Defend_R","Bash+1","True Grit+1","Shrug It Off","Bludgeon","Juggernaut","Reaper","Burning Pact+1","Pommel Strike"],"relics":["Burning Blood","NeowsBlessing","Gambling Chip","Centennial Puzzle","Matryoshka","Art of War","Gremlin Horn","Pear","Black Star","StoneCalendar"],"potions_floor_usage":[10,12,23,23],"damage_taken":[{"damage":0,"enemies":"Jaw Worm","floor":1,"turns":1},{"damage":0,"enemies":"2 Louse","floor":4,"turns":1},{"damage":0,"enemies":"3 Sentries","floor":6,"turns":1},{"damage":0,"enemies":"Small Slimes","floor":8,"turns":3},{"damage":6,"enemies":"Gremlin Nob","floor":10,"turns":3},{"damage":5,"enemies":"Looter","floor":11,"turns":3},{"damage":21,"enemies":"3 Sentries","floor":12,"turns":9},{"damage":44,"enemies":"The Guardian","floor":16,"turns":15},{"damage":27,"enemies":"2 Thieves","floor":18,"turns":4},{"damage":11,"enemies":"Spheric Guardian","floor":21,"turns":7},{"damage":15,"enemies":"Snake Plant","floor":22,"turns":5},{"damage":91,"enemies":"Slavers","floor":23,"turns":6}],"seed_played":"4597346194230598063","potions_obtained":[{"floor":4,"key":"Ancient Potion"},{"floor":8,"key":"Poison Potion"},{"floor":10,"key":"PowerPotion"},{"floor":16,"key":"Fire Potion"},{"floor":18,"key":"Ancient Potion"},{"floor":22,"key":"BloodPotion"}],"is_trial":false,"path_per_floor":["M","?","$","M","?","E","?","M","T","E","M","E","R","T","R","B",null,"M","?","$","M","M","E"],"character_chosen":"IRONCLAD","items_purchased":["StoneCalendar"],"campfire_rested":0,"item_purchase_floors":[20],"current_hp_per_floor":[80,64,64,70,59,65,58,64,64,64,65,50,50,60,60,22,90,77,77,77,76,67,0],"gold":46,"neow_bonus":"THREE_ENEMY_KILL","is_prod":false,"is_daily":false,"chose_seed":false,"campfire_upgraded":2,"win_rate":0,"timestamp":1544729770,"path_taken":["M","?","$","M","?","E","?","M","T","E","?","E","R","?","R","BOSS","M","?","$","M","M","E"],"build_version":"2018-12-12","purchased_purges":1,"victory":false,"max_hp_per_floor":[80,80,80,80,80,80,80,80,80,80,80,80,80,90,90,90,90,90,90,90,90,90,90],"card_choices":[{"not_picked":["Wild Strike","Dropkick"],"picked":"True Grit","floor":1},{"not_picked":["Sword Boomerang","Anger","Headbutt"],"picked":"SKIP","floor":4},{"not_picked":["Sword Boomerang","Anger","Feel No Pain"],"picked":"SKIP","floor":6},{"not_picked":["Bloodletting","Perfected Strike","Clash"],"picked":"SKIP","floor":8},{"not_picked":["Evolve","Feel No Pain"],"picked":"Shrug It Off","floor":10},{"not_picked":["Thunderclap","Rampage"],"picked":"Bludgeon","floor":11},{"not_picked":["Flex","Inflame"],"picked":"Juggernaut","floor":12},{"not_picked":["Offering","Bludgeon"],"picked":"Reaper","floor":16},{"not_picked":["Sword Boomerang","Second Wind"],"picked":"Burning Pact+1","floor":18},{"not_picked":["Perfected Strike","Body Slam","Headbutt+1"],"picked":"SKIP","floor":21},{"not_picked":["Perfected Strike","Body Slam","Headbutt+1"],"picked":"SKIP","floor":21},{"not_picked":["Clash","Anger+1"],"picked":"Pommel Strike","floor":22}],"player_experience":149424,"relics_obtained":[{"floor":6,"key":"Gambling Chip"},{"floor":9,"key":"Matryoshka"},{"floor":10,"key":"Art of War"},{"floor":12,"key":"Gremlin Horn"},{"floor":14,"key":"Pear"}],"event_choices":[{"damage_healed":0,"gold_gain":0,"player_choice":"Entered Light","damage_taken":16,"max_hp_gain":0,"max_hp_loss":0,"event_name":"Shining Light","floor":2,"gold_loss":0,"cards_upgraded":["Defend_R","Strike_R"]},{"damage_healed":0,"gold_gain":75,"player_choice":"Gather Gold","damage_taken":11,"max_hp_gain":0,"max_hp_loss":0,"event_name":"World of Goop","floor":5,"gold_loss":0},{"damage_healed":0,"gold_gain":0,"player_choice":"Success","damage_taken":7,"relics_obtained":["Centennial Puzzle"],"max_hp_gain":0,"max_hp_loss":0,"event_name":"Scrap Ooze","floor":7,"gold_loss":0},{"damage_healed":0,"gold_gain":0,"player_choice":"Ignored","damage_taken":0,"max_hp_gain":0,"max_hp_loss":0,"event_name":"Cursed Tome","floor":19,"gold_loss":0}],"is_beta":true,"boss_relics":[{"not_picked":["White Beast Statue","Empty Cage"],"picked":"Black Star"}],"items_purged_floors":[3],"is_endless":false,"potions_floor_spawned":[4,8,10,16,18,22],"killed_by":"Slavers","ascension_level":0}