{"gold_per_floor":[119,52,65,78,98,98,98,108,179,179,179,149,149,180,180,278,278,290,290,309,324,10,10,34,34,58,75,25,25,25,25],"floor_reached":31,"playtime":856,"items_purged":["Strike_R","Strike_R"],"score":255,"play_id":"f46a85c5-c05d-49f8-be21-9eef7522f6f3","local_time":"20190129045628","is_ascension_mode":false,"campfire_choices":[{"data":"Flex","floor":6,"key":"SMITH"},{"floor":11,"key":"REST"},{"floor":15,"key":"REST"},{"floor":23,"key":"REST"},{"floor":25,"key":"REST"}],"neow_cost":"NONE","seed_source_timestamp":165206254893830,"circlet_count":0,"master_deck":["Strike_R","Strike_R","Strike_R","Defend_R","Defend_R","Defend_R","Defend_R+1","Bash","Combust+1","Cleave","Flex+1","Flex","Rage+1","Flex"],"relics":["Burning Blood","NeowsBlessing","Question Card","Calipers","Lizard Tail","Membership Card","Bronze Scales","Art of War","Red Skull","Omamori"],"potions_floor_usage":[5,13,20,27,29,29],"damage_taken":[{"damage":0,"enemies":"Cultist","floor":1,"turns":1},{"damage":0,"enemies":"Jaw Worm","floor":3,"turns":1},{"damage":0,"enemies":"2 Louse","floor":4,"turns":1},{"damage":35,"enemies":"Exordium Thugs","floor":5,"turns":5},{"damage":22,"enemies":"Gremlin Gang","floor":8,"turns":3},{"damage":0,"enemies":"Large Slime","floor":13,"turns":1},{"damage":35,"enemies":"Lagavulin","floor":14,"turns":5},{"damage":42,"enemies":"Slime Boss","floor":16,"turns":9},{"damage":34,"enemies":"3 Byrds","floor":18,"turns":4},{"damage":32,"enemies":"2 Thieves","floor":20,"turns":3},{"damage":58,"enemies":"Sentry and Sphere","floor":21,"turns":9},{"damage":42,"enemies":"Cultist and Chosen","floor":27,"turns":7},{"damage":17,"enemies":"Slavers","floor":29,"turns":2},{"damage":17,"enemies":"Centurion and Healer","floor":31,"turns":2}],"seed_played":"-408843305889671632","potions_obtained":[{"floor":1,"key":"Weak Potion"},{"floor":4,"key":"SpeedPotion"},{"floor":5,"key":"Poison Potion"},{"floor":12,"key":"SmokeBomb"},{"floor":12,"key":"SmokeBomb"},{"floor":16,"key":"LiquidBronze"},{"floor":19,"key":"AttackPotion"},{"floor":27,"key":"AttackPotion"}],"is_trial":false,"path_per_floor":["M","$","M","M","M","R","$","M","T","?","R","?","M","E","R","B",null,"M","?","M","M","$","R","T","R","T","M","$","E","?","M"],"character_chosen":"IRONCLAD","items_purchased":["Combust","Membership Card","Bronze Scales"],"campfire_rested":4,"item_purchase_floors":[2,22,22],"current_hp_per_floor":[80,80,80,80,51,51,51,35,35,19,43,43,49,20,44,8,80,52,52,26,15,15,39,39,63,63,27,27,16,16,0],"gold":25,"neow_bonus":"THREE_ENEMY_KILL","is_prod":false,"is_daily":false,"chose_seed":false,"campfire_upgraded":1,"win_rate":0,"timestamp":1548766588,"path_taken":["M","$","?","M","M","R","$","M","T","?","R","?","M","E","R","BOSS","M","?","?","M","$","R","?","R","T","M","$","E","?","M"],"build_version":"2019-01-23","purchased_purges":2,"victory":false,"max_hp_per_floor":[80,80,80,80,80,80,80,80,80,80,80,80,80,80,80,80,80,80,80,80,80,80,80,80,80,80,80,80,80,80,80],"card_choices":[{"not_picked":["Carnage","Sword Boomerang","Havoc"],"picked":"SKIP","floor":1},{"not_picked":["Ghostly Armor","Body Slam","Shrug It Off"],"picked":"SKIP","floor":3},{"not_picked":["Clash","Reckless Charge"],"picked":"Cleave","floor":4},{"not_picked":["Twin Strike","True Grit"],"picked":"Flex","floor":5},{"not_picked":["Clash","Searing Blow","Iron Wave"],"picked":"SKIP","floor":8},{"not_picked":["Perfected Strike","Body Slam","Iron Wave"],"picked":"Flex","floor":14},{"not_picked":["Dark Embrace","Impervious","Brutality"],"picked":"Demon Form","floor":16},{"not_picked":["Rampage","Twin Strike","Hemokinesis","Feel No Pain+1"],"picked":"SKIP","floor":18},{"not_picked":["Disarm+1","Havoc","Sentinel"],"picked":"Rage+1","floor":20},{"not_picked":["Warcry","Shrug It Off+1","Dropkick+1","Cleave"],"picked":"SKIP","floor":21},{"not_picked":["True Grit","Dark Embrace","Iron Wave"],"picked":"Flex","floor":27}],"player_experience":218038,"relics_obtained":[{"floor":9,"key":"Question Card"},{"floor":14,"key":"Calipers"},{"floor":24,"key":"Art of War"},{"floor":26,"key":"Red Skull"}],"event_choices":[{"damage_healed":0,"gold_gain":0,"player_choice":"Entered Light","damage_taken":16,"max_hp_gain":0,"max_hp_loss":0,"event_name":"Shining Light","floor":10,"gold_loss":0,"cards_upgraded":["Defend_R","Combust"]},{"damage_healed":0,"gold_gain":0,"player_choice":"Bought 2 Potions","damage_taken":0,"max_hp_gain":0,"max_hp_loss":0,"event_name":"The Woman in Blue","floor":12,"gold_loss":0},{"damage_healed":0,"gold_gain":0,"player_choice":"Got Potions","damage_taken":0,"max_hp_gain":0,"max_hp_loss":0,"event_name":"Lab","floor":19,"gold_loss":0},{"cards_removed":["Demon Form"],"damage_healed":0,"gold_gain":0,"player_choice":"Gave Card","damage_taken":0,"relics_obtained":["Omamori"],"max_hp_gain":0,"max_hp_loss":0,"event_name":"WeMeetAgain","floor":30,"gold_loss":0}],"is_beta":false,"boss_relics":[{"not_picked":["Orrery","Empty Cage"],"picked":"Lizard Tail"}],"items_purged_floors":[22,28],"is_endless":false,"potions_floor_spawned":[1,4,5,16,18,27,29],"killed_by":"Centurion and Healer","ascension_level":0}