{"gold_per_floor":[109,109,109,120,44,44,58,90,144,144,162,162,178,196,196,300,300,310,326,340,358,376,405,417,448,448,461,479,479,513,525,525,525],"floor_reached":33,"playtime":2037,"items_purged":[],"score":441,"play_id":"9efb25c6-654e-4a5e-99e7-e0efec6abb94","local_time":"20190325000424","is_ascension_mode":true,"campfire_choices":[{"data":"Feed","floor":6.0,"key":"SMITH"},{"data":"True Grit","floor":10.0,"key":"SMITH"},{"data":"Iron Wave","floor":12.0,"key":"SMITH"},{"data":"Bash","floor":15.0,"key":"SMITH"},{"floor":29.0,"key":"REST"},{"data":"Intimidate","floor":32.0,"key":"SMITH"}],"neow_cost":"PERCENT_DAMAGE","seed_source_timestamp":0,"circlet_count":0,"master_deck":["Strike_R","Strike_R","Strike_R","Strike_R","Strike_R","Defend_R","Defend_R","Defend_R","Defend_R","Bash+1","Perfected Strike+1","Iron Wave+1","Feed+1","True Grit+1","Thunderclap","Immolate","True Grit","Twin Strike","Rage","Twin Strike","Hemokinesis","Clothesline","Inflame+1","Intimidate+1","Wild Strike+1"],"special_seed":0,"relics":["Burning Blood","Happy Flower","Self Forming Clay","Vajra","Black Star","Incense Burner","Red Skull","Bag of Preparation","Dodecahedron","Letter Opener","Bird Faced Urn"],"potions_floor_usage":[],"damage_taken":[{"damage":3.0,"enemies":"2 Louse","floor":1.0,"turns":3.0},{"damage":1.0,"enemies":"Cultist","floor":4.0,"turns":3.0},{"damage":0.0,"enemies":"Small Slimes","floor":7.0,"turns":2.0},{"damage":29.0,"enemies":"Gremlin Nob","floor":8.0,"turns":4.0},{"damage":9.0,"enemies":"3 Louse","floor":11.0,"turns":3.0},{"damage":9.0,"enemies":"2 Fungi Beasts","floor":13.0,"turns":3.0},{"damage":9.0,"enemies":"Red Slaver","floor":14.0,"turns":3.0},{"damage":48.0,"enemies":"Hexaghost","floor":16.0,"turns":12.0},{"damage":12.0,"enemies":"Chosen","floor":18.0,"turns":3.0},{"damage":20.0,"enemies":"2 Thieves","floor":19.0,"turns":3.0},{"damage":35.0,"enemies":"Snake Plant","floor":20.0,"turns":4.0},{"damage":14.0,"enemies":"Cultist and Chosen","floor":21.0,"turns":6.0},{"damage":25.0,"enemies":"Shelled Parasite and Fungi","floor":22.0,"turns":5.0},{"damage":36.0,"enemies":"Slavers","floor":23.0,"turns":5.0},{"damage":13.0,"enemies":"Snecko","floor":24.0,"turns":4.0},{"damage":29.0,"enemies":"Book of Stabbing","floor":25.0,"turns":6.0},{"damage":17.0,"enemies":"Snake Plant","floor":27.0,"turns":2.0},{"damage":13.0,"enemies":"Centurion and Healer","floor":28.0,"turns":4.0},{"damage":1.0,"enemies":"Gremlin Leader","floor":30.0,"turns":3.0},{"damage":0.0,"enemies":"Snecko","floor":31.0,"turns":3.0},{"damage":70,"enemies":"Champ","floor":33,"turns":10}],"seed_played":"-270441071811436833","potions_obtained":[{"floor":1.0,"key":"Swift Potion"},{"floor":7.0,"key":"LiquidBronze"},{"floor":8.0,"key":"EntropicBrew"},{"floor":23.0,"key":"Regen Potion"},{"floor":28.0,"key":"Poison Potion"},{"floor":31.0,"key":"FearPotion"}],"is_trial":false,"path_per_floor":["M","?","?","M","$","R","M","E","T","R","M","R","M","M","R","B",null,"M","M","M","M","M","E","M","E","T","M","M","R","E","M","R","B"],"character_chosen":"IRONCLAD","items_purchased":["Feed"],"campfire_rested":1,"item_purchase_floors":[5],"current_hp_per_floor":[75,68,68,73,73,73,79,56,56,56,57,57,58,59,59,21,112,110,100,71,67,52,26,19,24,24,13,10,50,55,65,65,0],"gold":525,"neow_bonus":"TWENTY_PERCENT_HP_BONUS","is_prod":false,"is_daily":false,"chose_seed":false,"campfire_upgraded":5,"win_rate":0,"timestamp":1553452464,"path_taken":["M","?","?","?","$","R","M","E","T","R","M","R","M","M","R","BOSS","M","M","?","M","M","E","M","E","T","M","M","R","E","M","R","BOSS"],"build_version":"2019-01-23","purchased_purges":0,"victory":false,"max_hp_per_floor":[96,96,96,96,96,96,96,96,96,96,100,100,104,108,108,112,112,116,120,120,124,128,132,132,132,132,132,136,136,136,140,140,140],"card_choices":[{"not_picked":["Dual Wield","Armaments"],"picked":"Perfected Strike","floor":1.0},{"not_picked":["Dual Wield","Heavy Blade"],"picked":"Iron Wave","floor":4.0},{"not_picked":["Pommel Strike","Flex"],"picked":"True Grit","floor":7.0},{"not_picked":["Rage","Twin Strike","Blood for Blood"],"picked":"SKIP","floor":8.0},{"not_picked":["Clash","Sword Boomerang","Exhume"],"picked":"SKIP","floor":11.0},{"not_picked":["Intimidate","Cleave"],"picked":"Thunderclap","floor":13.0},{"not_picked":["Sentinel","Havoc","Power Through"],"picked":"SKIP","floor":14.0},{"not_picked":["Fiend Fire","Brutality"],"picked":"Immolate","floor":16.0},{"not_picked":["Body Slam","Cleave+1"],"picked":"True Grit","floor":18.0},{"not_picked":["Ghostly Armor","Sentinel"],"picked":"Twin Strike","floor":19.0},{"not_picked":["Bloodletting","Wild Strike"],"picked":"Rage","floor":20.0},{"not_picked":["Sword Boomerang","Iron Wave","Headbutt"],"picked":"SKIP","floor":21.0},{"not_picked":["Reckless Charge","Berserk"],"picked":"Twin Strike","floor":22.0},{"not_picked":["Sever Soul","Uppercut"],"picked":"Hemokinesis","floor":23.0},{"not_picked":["Warcry","Iron Wave+1"],"picked":"Clothesline","floor":24.0},{"not_picked":["Burning Pact","Dual Wield+1"],"picked":"Inflame+1","floor":25.0},{"not_picked":["Fire Breathing","Iron Wave","True Grit"],"picked":"SKIP","floor":27.0},{"not_picked":["Blood for Blood","Second Wind"],"picked":"Intimidate","floor":28.0},{"not_picked":["Havoc","Whirlwind"],"picked":"Wild Strike+1","floor":30.0},{"not_picked":["Cleave+1","Sword Boomerang+1","Thunderclap"],"picked":"SKIP","floor":31.0}],"player_experience":112142,"relics_obtained":[{"floor":8.0,"key":"Self Forming Clay"},{"floor":9.0,"key":"Vajra"},{"floor":23.0,"key":"Incense Burner"},{"floor":23.0,"key":"Red Skull"},{"floor":25.0,"key":"Bag of Preparation"},{"floor":25.0,"key":"Dodecahedron"},{"floor":30.0,"key":"Letter Opener"},{"floor":30.0,"key":"Bird Faced Urn"}],"event_choices":[{"damage_healed":0.0,"max_hp_gain":0.0,"max_hp_loss":0.0,"gold_gain":0.0,"event_name":"Scrap Ooze","player_choice":"Success","floor":2.0,"gold_loss":0.0,"damage_taken":7.0,"relics_obtained":["Happy Flower"]},{"damage_healed":0.0,"max_hp_gain":0.0,"max_hp_loss":0.0,"gold_gain":0.0,"event_name":"Accursed Blacksmith","player_choice":"Forge","floor":3.0,"gold_loss":0.0,"damage_taken":0.0,"cards_upgraded":["Perfected Strike"]}],"is_beta":false,"boss_relics":[{"not_picked":["Orrery","Empty Cage"],"picked":"Black Star"}],"items_purged_floors":[],"is_endless":false,"potions_floor_spawned":[1,7,8,19,23,24,28,31],"killed_by":"Champ","ascension_level":3}