{"gold_per_floor":[114,24,24,24,39,39,73,90,135,152,172,172,172,172,172,249,249,266,266,216,136,156,156,156],"floor_reached":24,"playtime":827,"items_purged":[],"score":384,"play_id":"03560fec-5996-489b-b5aa-216c54960803","local_time":"20181030004348","is_ascension_mode":true,"campfire_choices":[{"floor":6,"key":"REST"},{"floor":12,"key":"RECALL"},{"data":"Defragment","floor":15,"key":"SMITH"},{"data":"Self Repair","floor":23,"key":"SMITH"}],"neow_cost":"NONE","seed_source_timestamp":1576656091637896,"circlet_count":0,"master_deck":["Defend_B+1","Defend_B","Defend_B","Defend_B","Zap+1","Dualcast","AscendersBane","Doom and Gloom","FTL+1","Defragment+1","Echo Form","Leap+1","Recycle+1","Reboot+1","Capacitor+1","Bite","Bite","Bite","Bite","Bite","Self Repair+1","Stack+1"],"relics":["Cracked Core","Orichalcum","Toxic Egg 2","Lantern","Runic Pyramid"],"potions_floor_usage":[7,11,24,24],"damage_taken":[{"damage":1,"enemies":"Cultist","floor":1,"turns":3},{"damage":2,"enemies":"Jaw Worm","floor":5,"turns":3},{"damage":12,"enemies":"Gremlin Nob","floor":7,"turns":3},{"damage":0,"enemies":"Small Slimes","floor":8,"turns":2},{"damage":7,"enemies":"Blue Slaver","floor":10,"turns":2},{"damage":9,"enemies":"Exordium Wildlife","floor":11,"turns":4},{"damage":21,"enemies":"Hexaghost","floor":16,"turns":10},{"damage":16,"enemies":"2 Thieves","floor":18,"turns":4},{"damage":47,"enemies":"Shell Parasite","floor":22,"turns":7},{"damage":39,"enemies":"Slavers","floor":24,"turns":4}],"seed_played":"-7437918529693953399","potions_obtained":[{"floor":7,"key":"SpeedPotion"},{"floor":8,"key":"SkillPotion"},{"floor":10,"key":"Strength Potion"},{"floor":11,"key":"EssenceOfSteel"}],"is_trial":false,"path_per_floor":["M","$","?","?","M","R","E","M","T","M","M","R","T","?","R","B",null,"M","?","?","$","M","R"],"character_chosen":"DEFECT","items_purchased":["FTL","PowerPotion","Self Repair"],"campfire_rested":1,"item_purchase_floors":[2,2,21],"current_hp_per_floor":[63,63,42,31,29,50,38,38,38,31,22,22,22,27,27,6,59,43,43,43,43,25,25,0],"gold":156,"neow_bonus":"UPGRADE_CARD","is_prod":false,"is_daily":false,"chose_seed":false,"campfire_upgraded":2,"win_rate":0,"timestamp":1540874628,"path_taken":["M","$","?","?","M","R","E","M","T","M","?","R","?","?","R","BOSS","M","?","?","$","?","R","E"],"build_version":"2018-10-29v2","purchased_purges":0,"victory":false,"max_hp_per_floor":[71,71,71,71,71,71,71,71,71,71,71,71,71,76,76,76,76,76,53,53,53,53,53,53],"card_choices":[{"not_picked":["Leap","Steam"],"picked":"Doom and Gloom","floor":1},{"not_picked":["Beam Cell","Storm","Gash"],"picked":"SKIP","floor":5},{"not_picked":["Sweeping Beam","Coolheaded"],"picked":"Defragment","floor":7},{"not_picked":["Aggregate+1","Stack+1"],"picked":"Echo Form","floor":8},{"not_picked":["Steam+1","Stack+1"],"picked":"Leap+1","floor":10},{"not_picked":["Rebound","Compile Driver"],"picked":"Recycle+1","floor":11},{"not_picked":["Amplify+1","Meteor Strike"],"picked":"Reboot+1","floor":16},{"not_picked":["Leap+1","Tempest+1"],"picked":"Capacitor","floor":18},{"not_picked":["Redo+1","Darkness+1"],"picked":"Stack+1","floor":22}],"player_experience":783533,"relics_obtained":[{"floor":7,"key":"Toxic Egg 2"},{"floor":13,"key":"Lantern"}],"event_choices":[{"damage_healed":0,"gold_gain":0,"player_choice":"Entered Light","damage_taken":21,"max_hp_gain":0,"max_hp_loss":0,"event_name":"Shining Light","floor":3,"gold_loss":0,"cards_upgraded":["FTL","Defend_B"]},{"damage_healed":0,"gold_gain":0,"player_choice":"Success","damage_taken":11,"relics_obtained":["Orichalcum"],"max_hp_gain":0,"max_hp_loss":0,"event_name":"Scrap Ooze","floor":4,"gold_loss":0},{"damage_healed":0,"gold_gain":0,"player_choice":"Donut","damage_taken":0,"max_hp_gain":5,"max_hp_loss":0,"event_name":"Big Fish","floor":14,"gold_loss":0},{"damage_healed":0,"gold_gain":0,"player_choice":"Became a vampire","damage_taken":0,"max_hp_gain":0,"max_hp_loss":23,"event_name":"Vampires","floor":19,"gold_loss":0,"cards_obtained":["Bite","Bite","Bite","Bite","Bite"]},{"damage_healed":0,"gold_gain":0,"player_choice":"Upgrade","damage_taken":0,"max_hp_gain":0,"max_hp_loss":0,"event_name":"Designer","floor":20,"gold_loss":50,"cards_upgraded":["Capacitor"]}],"is_beta":true,"boss_relics":[{"not_picked":["FrozenCore","White Beast Statue"],"picked":"Runic Pyramid"}],"items_purged_floors":[],"is_endless":false,"potions_floor_spawned":[7,8,10,11],"killed_by":"Slavers","ascension_level":17}