{"gold_per_floor":[109,109,34,34,50,50,50,84,84,84,97,1,1,21,21,21],"floor_reached":16,"playtime":484,"items_purged":["Shame"],"score":196,"play_id":"01c77d44-406c-4114-9a50-b7897c1bc785","local_time":"20190322115732","is_ascension_mode":true,"campfire_choices":[{"data":"Blur","floor":6.0,"key":"SMITH"},{"floor":13,"key":"REST"},{"data":"Leg Sweep","floor":15,"key":"SMITH"}],"neow_cost":"CURSE","seed_source_timestamp":0,"circlet_count":0,"master_deck":["AscendersBane","Defend_G","Defend_G","Defend_G","Defend_G","Defend_G","Strike_G","Strike_G","Strike_G","Strike_G","Strike_G","Survivor","Neutralize+1","Well Laid Plans","Blur+1","PiercingWail","Endless Agony","Caltrops","Backflip","Leg Sweep+1"],"special_seed":0,"relics":["Ring of the Snake","Calipers","Ornamental Fan","Art of War","Centennial Puzzle","Golden Idol"],"potions_floor_usage":[8,8,16],"damage_taken":[{"damage":9.0,"enemies":"Jaw Worm","floor":1.0,"turns":4.0},{"damage":0.0,"enemies":"Cultist","floor":5.0,"turns":5.0},{"damage":46,"enemies":"Gremlin Nob","floor":8,"turns":6},{"damage":8,"enemies":"Small Slimes","floor":11,"turns":4},{"damage":0,"enemies":"Blue Slaver","floor":14,"turns":4},{"damage":23,"enemies":"Slime Boss","floor":16,"turns":12}],"seed_played":"6386351490410188048","potions_obtained":[{"floor":1.0,"key":"Fruit Juice"},{"floor":5.0,"key":"Explosive Potion"},{"floor":8,"key":"EssenceOfSteel"},{"floor":14,"key":"LiquidBronze"}],"is_trial":false,"path_per_floor":["M","?","$","?","M","R","T","E","T","?","M","$","R","M","R","B"],"character_chosen":"THE_SILENT","items_purchased":["Caltrops","Backflip"],"campfire_rested":1,"item_purchase_floors":[12,12],"current_hp_per_floor":[50,50,50,55,55,55,55,14,14,14,6,6,26,26,26,3],"gold":21,"neow_bonus":"ONE_RARE_RELIC","is_prod":false,"is_daily":false,"chose_seed":false,"campfire_upgraded":2,"win_rate":0,"timestamp":1553270252,"path_taken":["M","?","?","?","M","R","?","E","T","?","M","$","R","M","R","BOSS"],"build_version":"2019-03-15","purchased_purges":1,"victory":false,"max_hp_per_floor":[66,66,66,71,71,71,71,76,76,69,69,69,69,69,69,69],"card_choices":[{"not_picked":["Deflect","Dagger Throw"],"picked":"Well Laid Plans","floor":1.0},{"not_picked":["Masterful Stab","Slice"],"picked":"Blur","floor":5.0},{"not_picked":["Deflect","Underhanded Strike"],"picked":"PiercingWail","floor":8},{"not_picked":["Outmaneuver","Choke"],"picked":"Endless Agony","floor":11},{"not_picked":["Prepared","All Out Attack"],"picked":"Leg Sweep","floor":14}],"player_experience":1175304,"relics_obtained":[{"floor":7.0,"key":"Ornamental Fan"},{"floor":8,"key":"Art of War"},{"floor":9,"key":"Centennial Puzzle"}],"event_choices":[{"damage_healed":0.0,"max_hp_gain":0.0,"max_hp_loss":0.0,"gold_gain":0.0,"event_name":"Accursed Blacksmith","player_choice":"Forge","floor":2.0,"gold_loss":0.0,"damage_taken":0.0,"cards_upgraded":["Neutralize"]},{"damage_healed":0.0,"max_hp_gain":5.0,"max_hp_loss":0.0,"gold_gain":0.0,"event_name":"Big Fish","player_choice":"Donut","floor":4.0,"gold_loss":0.0,"damage_taken":0.0},{"damage_healed":0,"gold_gain":0,"player_choice":"Lose Max HP","damage_taken":0,"relics_obtained":["Golden Idol"],"max_hp_gain":0,"max_hp_loss":7,"event_name":"Golden Idol","floor":10,"gold_loss":0}],"is_beta":true,"boss_relics":[],"items_purged_floors":[3],"is_endless":false,"potions_floor_spawned":[1,5,8,14],"killed_by":"Slime Boss","ascension_level":20}