{"gold_per_floor":[111,111,111,186,50,79,79,104,127,139,174,194,194,212,212,286,286,301,319,338,357,138,138,166,166,166,197,197,197,197,24,24,99,99,112,164,164,114,129,129,154,154,154,154,154,170,120,145,145,145,145],"floor_reached":51,"playtime":1943,"items_purged":["Regret","Defend_B","Zap"],"score":1528,"play_id":"d16adb94-25a9-42e4-aca3-3431bee82d6a","local_time":"20181106232809","is_ascension_mode":true,"campfire_choices":[{"data":"Sunder","floor":7.0,"key":"SMITH"},{"data":"Melter","floor":13.0,"key":"SMITH"},{"data":"Capacitor","floor":15.0,"key":"SMITH"},{"data":"Loop","floor":23.0,"key":"SMITH"},{"floor":30.0,"key":"REST"},{"floor":32.0,"key":"REST"},{"data":"Biased Cognition","floor":40.0,"key":"SMITH"},{"data":"Consume","floor":45.0,"key":"SMITH"},{"floor":49,"key":"RECALL"}],"neow_cost":"NONE","seed_source_timestamp":310106782601289,"circlet_count":0,"master_deck":["AscendersBane","Defend_B","Defend_B","Dualcast","Auto Shields","Sunder+1","Electrodynamics","Melter+1","Capacitor+1","Steam","Glacier","Biased Cognition+1","Loop+1","Coolheaded","Steam","BootSequence","Stack+1","Bite","Bite","Bite","Bite","Bite","Rainbow","Undo","Conserve Battery+1","BootSequence+1","Consume+1","Deep Breath","Fusion+1","Barrage"],"special_seed":0,"relics":["Cracked Core","NeowsBlessing","Smiling Mask","Nunchaku","Cables","Dodecahedron","Omamori","Anchor","Inserter","OrangePellets","Shuriken","Mercury Hourglass","Red Mask","MutagenicStrength","PreservedInsect","Nuclear Battery","Thread and Needle","Pocketwatch","Orichalcum"],"potions_floor_usage":[],"damage_taken":[{"damage":0.0,"enemies":"Small Slimes","floor":1.0,"turns":1.0},{"damage":0.0,"enemies":"3 Sentries","floor":6.0,"turns":1.0},{"damage":0.0,"enemies":"Lagavulin","floor":8.0,"turns":1.0},{"damage":0.0,"enemies":"2 Louse","floor":10.0,"turns":1.0},{"damage":8.0,"enemies":"Gremlin Nob","floor":11.0,"turns":3.0},{"damage":0.0,"enemies":"Jaw Worm","floor":12.0,"turns":3.0},{"damage":0.0,"enemies":"Gremlin Gang","floor":14.0,"turns":2.0},{"damage":26.0,"enemies":"Hexaghost","floor":16.0,"turns":11.0},{"damage":0.0,"enemies":"2 Thieves","floor":18.0,"turns":2.0},{"damage":1.0,"enemies":"Chosen","floor":19.0,"turns":5.0},{"damage":7.0,"enemies":"3 Cultists","floor":20.0,"turns":4.0},{"damage":7.0,"enemies":"Centurion and Healer","floor":21.0,"turns":7.0},{"damage":14.0,"enemies":"Gremlin Leader","floor":24.0,"turns":9.0},{"damage":0.0,"enemies":"Sentry and Sphere","floor":25.0,"turns":1.0},{"damage":15.0,"enemies":"Masked Bandits","floor":27.0,"turns":3.0},{"damage":45.0,"enemies":"Automaton","floor":33.0,"turns":11.0},{"damage":0.0,"enemies":"Orb Walker","floor":35.0,"turns":2.0},{"damage":31.0,"enemies":"2 Orb Walkers","floor":36.0,"turns":5.0},{"damage":9.0,"enemies":"3 Darklings","floor":39.0,"turns":7.0},{"damage":7.0,"enemies":"Nemesis","floor":41.0,"turns":7.0},{"damage":0.0,"enemies":"Transient","floor":46.0,"turns":6.0},{"damage":35.0,"enemies":"Reptomancer","floor":48.0,"turns":6.0},{"damage":25,"enemies":"Donu and Deca","floor":50,"turns":10},{"damage":21,"enemies":"Awakened One","floor":51,"turns":3}],"seed_played":"-1291799629006992209","potions_obtained":[{"floor":8.0,"key":"SteroidPotion"},{"floor":10.0,"key":"Weak Potion"},{"floor":11.0,"key":"SteroidPotion"},{"floor":12.0,"key":"AttackPotion"},{"floor":18.0,"key":"SteroidPotion"},{"floor":19.0,"key":"AttackPotion"},{"floor":24.0,"key":"SmokeBomb"},{"floor":36.0,"key":"Swift Potion"},{"floor":46.0,"key":"Explosive Potion"}],"is_trial":false,"path_per_floor":["M","?","?","?","$","E","R","E","T","M","E","M","R","M","M","R","B",null,"M","M","M","M","$","R","E","M","T","?","?","?","R","$","R","B",null,"M","?","?","$","M","R","E","?","T","?","R","M","$","E","R","B","B"],"character_chosen":"DEFECT","items_purchased":["Sunder","OrangePellets","PreservedInsect"],"campfire_rested":2,"item_purchase_floors":[5,22,31],"current_hp_per_floor":[64,53,53,42,42,42,42,42,42,42,34,34,34,34,34,8,55,55,54,47,40,40,40,26,26,26,11,11,11,25,25,39,16,41,47,20,30,30,37,37,46,46,46,46,46,49,49,20,20,19,0],"gold":145,"neow_bonus":"THREE_ENEMY_KILL","is_prod":false,"is_daily":false,"chose_seed":false,"campfire_upgraded":6,"win_rate":0,"timestamp":1541564889,"path_taken":["M","?","?","?","$","E","R","E","T","M","E","?","R","?","R","BOSS","M","M","?","M","$","R","E","M","T","?","?","?","R","?","R","BOSS","M","?","?","?","M","R","E","?","T","?","R","M","$","E","R","BOSS","BOSS"],"build_version":"2018-11-05","purchased_purges":3,"victory":false,"max_hp_per_floor":[71,71,71,71,71,71,71,71,71,71,71,71,71,71,71,71,71,71,71,71,71,71,71,71,71,71,71,49,49,49,49,49,49,49,49,49,49,49,49,49,49,49,49,49,49,49,49,49,49,49,49],"card_choices":[{"not_picked":["Turbo","Beam Cell"],"picked":"Auto Shields","floor":1.0},{"not_picked":["Beam Cell","Hologram"],"picked":"Electrodynamics","floor":6.0},{"not_picked":["Thunder Strike","Steam"],"picked":"Melter","floor":8.0},{"not_picked":["Reprogram","Darkness"],"picked":"Capacitor","floor":10.0},{"not_picked":["Darkness","Rip and Tear"],"picked":"Steam","floor":11.0},{"not_picked":["Cold Snap","Consume"],"picked":"Glacier","floor":12.0},{"not_picked":["Redo","Reinforced Body","Barrage"],"picked":"SKIP","floor":14.0},{"not_picked":["Creative AI","Seek"],"picked":"Biased Cognition","floor":16.0},{"not_picked":["Chaos","Conserve Battery"],"picked":"Loop","floor":18.0},{"not_picked":["Compile Driver","Self Repair"],"picked":"Coolheaded","floor":19.0},{"not_picked":["Streamline","Stack"],"picked":"Steam","floor":20.0},{"not_picked":["Coolheaded","Streamline"],"picked":"BootSequence","floor":21.0},{"not_picked":["Sunder","Electrodynamics"],"picked":"Stack+1","floor":24.0},{"not_picked":["Fission","Meteor Strike"],"picked":"Rainbow","floor":33.0},{"not_picked":["BootSequence","Beam Cell+1"],"picked":"Undo","floor":35.0},{"not_picked":["Turbo+1","Coolheaded"],"picked":"Conserve Battery+1","floor":36.0},{"not_picked":["Skim","Gash"],"picked":"BootSequence+1","floor":39.0},{"not_picked":["Coolheaded","Beam Cell"],"picked":"Consume","floor":41.0},{"not_picked":["Purity","Enlightenment"],"picked":"Deep Breath","floor":42.0},{"not_picked":["Leap","Rebound"],"picked":"Fusion+1","floor":46.0},{"not_picked":["Beam Cell","Streamline"],"picked":"Barrage","floor":48.0}],"player_experience":860827,"relics_obtained":[{"floor":6.0,"key":"Cables"},{"floor":8.0,"key":"Dodecahedron"},{"floor":9.0,"key":"Omamori"},{"floor":11.0,"key":"Anchor"},{"floor":24.0,"key":"Shuriken"},{"floor":26.0,"key":"Mercury Hourglass"},{"floor":27.0,"key":"Red Mask"},{"floor":36.0,"key":"Thread and Needle"},{"floor":41.0,"key":"Pocketwatch"},{"floor":48.0,"key":"Orichalcum"}],"event_choices":[{"damage_healed":0.0,"max_hp_gain":0.0,"max_hp_loss":0.0,"gold_gain":0.0,"event_name":"Scrap Ooze","player_choice":"Success","floor":2.0,"gold_loss":0.0,"damage_taken":11.0,"relics_obtained":["Smiling Mask"]},{"damage_healed":0.0,"max_hp_gain":0.0,"max_hp_loss":0.0,"gold_gain":0.0,"event_name":"Big Fish","player_choice":"Box","floor":3.0,"gold_loss":0.0,"damage_taken":0.0,"relics_obtained":["Nunchaku"],"cards_obtained":["Regret"]},{"damage_healed":0.0,"max_hp_gain":0.0,"max_hp_loss":0.0,"gold_gain":75.0,"event_name":"World of Goop","player_choice":"Gather Gold","floor":4.0,"gold_loss":0.0,"damage_taken":11.0},{"damage_healed":0.0,"max_hp_gain":0.0,"max_hp_loss":0.0,"gold_gain":0.0,"event_name":"Masked Bandits","player_choice":"Fought Bandits","floor":27.0,"gold_loss":0.0,"damage_taken":0.0},{"damage_healed":0.0,"max_hp_gain":0.0,"max_hp_loss":22.0,"gold_gain":0.0,"event_name":"Vampires","player_choice":"Became a vampire","floor":28.0,"gold_loss":0.0,"damage_taken":0.0,"cards_obtained":["Bite","Bite","Bite","Bite","Bite"]},{"damage_healed":0.0,"max_hp_gain":0.0,"max_hp_loss":0.0,"gold_gain":0.0,"event_name":"Drug Dealer","player_choice":"Inject Mutagens","floor":29.0,"gold_loss":0.0,"damage_taken":0.0,"relics_obtained":["MutagenicStrength"]},{"damage_healed":0.0,"max_hp_gain":0.0,"max_hp_loss":0.0,"gold_gain":0.0,"event_name":"Mysterious Sphere","player_choice":"Fight","floor":36.0,"gold_loss":0.0,"damage_taken":0.0},{"damage_healed":10.0,"max_hp_gain":0.0,"max_hp_loss":0.0,"gold_gain":0.0,"event_name":"Winding Halls","player_choice":"Writhe","floor":37.0,"gold_loss":0.0,"damage_taken":0.0,"cards_obtained":["Writhe"]},{"damage_healed":0.0,"max_hp_gain":0.0,"max_hp_loss":0.0,"gold_gain":0.0,"event_name":"SensoryStone","player_choice":"Memory 1","floor":42.0,"gold_loss":0.0,"damage_taken":0.0},{"cards_removed":["Defend_B"],"damage_healed":0.0,"max_hp_gain":0.0,"max_hp_loss":0.0,"gold_gain":0.0,"event_name":"Purifier","player_choice":"Purged","floor":44.0,"gold_loss":0.0,"damage_taken":0.0}],"is_beta":true,"boss_relics":[{"not_picked":["Astrolabe","Calling Bell"],"picked":"Inserter"},{"not_picked":["FrozenCore","Black Star"],"picked":"Nuclear Battery"}],"items_purged_floors":[5,38,47],"is_endless":false,"potions_floor_spawned":[8,10,11,12,18,19,24,25,36,46,48],"killed_by":"Awakened One","ascension_level":20}