{"path_per_floor":["M","M","?","M","T","R","M","E","T","?","M","R","?","M","R","B",null,"M","$","?","?","?","R","M","$","T","M","M","R"],"character_chosen":"THE_SILENT","items_purchased":["Accuracy","Gambling Chip","Deflect","Slice"],"gold_per_floor":[115,125,225,236,236,236,249,282,282,282,299,299,299,315,315,415,415,430,37,37,37,37,37,48,23,23,43,55,55,55],"floor_reached":30,"campfire_rested":2,"playtime":1101,"current_hp_per_floor":[70,69,69,65,65,65,55,33,33,50,38,38,43,43,65,20,75,51,51,51,51,35,35,37,37,37,12,3,25,0],"items_purged":[],"gold":55,"score":230,"play_id":"589463ff-6f23-48b3-b1da-721b1044c502","local_time":"20180401052415","is_prod":false,"is_daily":false,"is_ascension_mode":false,"campfire_upgraded":1,"timestamp":1522585455,"path_taken":["M","M","?","M","?","R","M","E","T","?","M","R","?","M","R","BOSS","M","$","?","?","?","R","?","$","T","M","M","R","M"],"build_version":"2018-03-29v2","purchased_purges":0,"victory":false,"master_deck":["Defend_G","Defend_G","Defend_G","Defend_G","Defend_G","Strike_G","Strike_G","Strike_G","Strike_G","Strike_G","Survivor","Neutralize+1","Predator","Cloak And Dagger","Deadly Poison","Flying Knee","Backstab","Parasite","Cloak And Dagger","Flying Knee","A Thousand Cuts","Dagger Throw+1","Accuracy","Deflect","Prepared","Slice","Cloak And Dagger+1","Sucker Punch+1"],"max_hp_per_floor":[70,70,70,70,70,70,70,70,70,70,70,70,75,75,75,75,75,75,75,75,75,75,75,75,75,75,75,75,75,75],"relics":["Ring of the Snake","Question Card","Peace Pipe","Girya","Lizard Tail","Gambling Chip","Nilry\u0027s Codex","Tingsha"],"card_choices":[{"not_picked":["Dodge and Roll","Acrobatics"],"picked":"Predator","floor":1},{"not_picked":["Sucker Punch","Backflip"],"picked":"Cloak And Dagger","floor":2},{"not_picked":["Dodge and Roll","Dagger Throw"],"picked":"Deadly Poison","floor":4},{"not_picked":["Skewer","Prepared","Poisoned Stab"],"picked":"Flying Knee","floor":7},{"not_picked":["Cloak And Dagger","Dash","Unload"],"picked":"Backstab","floor":8},{"not_picked":["Flying Knee","Blur","Reflex"],"picked":"Cloak And Dagger","floor":11},{"not_picked":["Noxious Fumes","Dash","Dagger Spray"],"picked":"Flying Knee","floor":14},{"not_picked":["Wraith Form","Grand Finale","Tactician"],"picked":"A Thousand Cuts","floor":16},{"not_picked":["Backflip","Quick Slash","Bane"],"picked":"Dagger Throw","floor":18},{"not_picked":["Bane","Underhanded Strike","Poisoned Stab"],"picked":"Prepared","floor":24},{"not_picked":["Sucker Punch","Bane","Flying Knee"],"picked":"Cloak And Dagger","floor":27},{"not_picked":["Masterful Stab","Underhanded Strike","Backflip"],"picked":"Sucker Punch","floor":28}],"player_experience":84644,"potions_floor_usage":[16,27,30,30],"damage_taken":[{"damage":0,"enemies":"Jaw Worm","floor":1,"turns":5},{"damage":1,"enemies":"Cultist","floor":2,"turns":4},{"damage":4,"enemies":"Small Slimes","floor":4,"turns":3},{"damage":10,"enemies":"Exordium Thugs","floor":7,"turns":5},{"damage":22,"enemies":"Lagavulin","floor":8,"turns":8},{"damage":12,"enemies":"3 Louse","floor":11,"turns":3},{"damage":0,"enemies":"Blue Slaver","floor":14,"turns":3},{"damage":45,"enemies":"Hexaghost","floor":16,"turns":12},{"damage":24,"enemies":"Spheric Guardian","floor":18,"turns":4},{"damage":37,"enemies":"3 Byrds","floor":24,"turns":5},{"damage":28,"enemies":"Snecko","floor":27,"turns":5},{"damage":9,"enemies":"Snake Plant","floor":28,"turns":4},{"damage":27,"enemies":"Cultist and Chosen","floor":30,"turns":6}],"event_choices":[{"event_name":"Golden Shrine","player_choice":"Pray","floor":3,"damage_taken":0},{"event_name":"Mushrooms","player_choice":"Healed and dodged fight","floor":10,"damage_taken":0},{"event_name":"Big Fish","player_choice":"Donut","floor":13,"damage_taken":0},{"event_name":"Drug Dealer","player_choice":"Ignored","floor":20,"damage_taken":0},{"event_name":"Addict","player_choice":"Ignored","floor":21,"damage_taken":0},{"event_name":"Cursed Tome","player_choice":"Obtained Book","floor":22,"damage_taken":0}],"boss_relics":[{"not_picked":["Eternal Feather","Velvet Choker"],"picked":"Lizard Tail"}],"potions_floor_spawned":[4,11,16,24,28],"seed_played":"-1124525344259300349","killed_by":"Cultist and Chosen","ascension_level":0,"is_trial":false}