{"gold_per_floor":[363,381,401,25,40,68,68,84,84,111,111,11,11,29,29,124,124,143,18,33,49,49,49],"floor_reached":23,"playtime":1434,"items_purged":["Regret","Defend_G","Pain"],"score":254,"play_id":"3147ca76-ffc9-4f1c-a184-9215bea8db8f","local_time":"20190118223050","is_ascension_mode":true,"campfire_choices":[{"data":"Burst","floor":7,"key":"SMITH"},{"data":"Cloak And Dagger","floor":11,"key":"SMITH"},{"floor":13,"key":"REST"},{"data":"Predator","floor":15,"key":"SMITH"}],"neow_cost":"CURSE","seed_source_timestamp":45221420088960,"circlet_count":0,"master_deck":["Defend_G","Defend_G","Defend_G","Defend_G","Strike_G","Strike_G","Strike_G","Strike_G","Strike_G","Survivor","Neutralize","Escape Plan","Backflip","Cloak And Dagger+1","Predator+1","Burst+1","Noxious Fumes","Choke","Caltrops","Night Terror","Decay","Writhe","Dagger Throw","Dagger Throw","Outmaneuver+1"],"relics":["Ring of the Snake","Incense Burner","Oddly Smooth Stone","Nunchaku","Calling Bell","Tough Bandages","Blue Candle","Anchor"],"potions_floor_usage":[5,10],"damage_taken":[{"damage":4,"enemies":"Cultist","floor":1,"turns":4},{"damage":0,"enemies":"2 Louse","floor":2,"turns":2},{"damage":9,"enemies":"Jaw Worm","floor":3,"turns":5},{"damage":0,"enemies":"Large Slime","floor":5,"turns":6},{"damage":42,"enemies":"Gremlin Nob","floor":6,"turns":5},{"damage":0,"enemies":"Exordium Wildlife","floor":8,"turns":6},{"damage":2,"enemies":"Lagavulin","floor":10,"turns":8},{"damage":8,"enemies":"Red Slaver","floor":14,"turns":5},{"damage":25,"enemies":"Slime Boss","floor":16,"turns":9},{"damage":18,"enemies":"Chosen","floor":18,"turns":6},{"damage":5,"enemies":"2 Thieves","floor":20,"turns":4},{"damage":18,"enemies":"Snecko","floor":21,"turns":3},{"damage":20,"enemies":"Gremlin Leader","floor":23,"turns":5}],"seed_played":"-7823721305954031425","potions_obtained":[{"floor":1,"key":"Dexterity Potion"},{"floor":2,"key":"Fire Potion"},{"floor":10,"key":"Ancient Potion"}],"is_trial":false,"path_per_floor":["M","M","M","$","M","E","R","M","T","E","R","$","R","M","R","B",null,"M","$","M","M","?","E"],"character_chosen":"THE_SILENT","items_purchased":["Incense Burner"],"campfire_rested":1,"item_purchase_floors":[4],"current_hp_per_floor":[66,66,57,57,57,15,15,15,15,13,13,13,34,26,26,1,53,35,35,30,12,12,0],"gold":49,"neow_bonus":"TWO_FIFTY_GOLD","is_prod":false,"is_daily":false,"chose_seed":false,"campfire_upgraded":3,"win_rate":0,"timestamp":1547868650,"path_taken":["M","?","M","$","M","E","R","M","T","E","R","$","R","M","R","BOSS","M","$","M","M","?","E"],"build_version":"2019-01-17","purchased_purges":3,"victory":false,"max_hp_per_floor":[70,70,70,70,70,70,70,70,70,70,70,70,70,70,70,70,70,70,70,70,70,70,70],"card_choices":[{"not_picked":["Bane","Concentrate"],"picked":"Escape Plan","floor":1},{"not_picked":["Quick Slash","Flying Knee"],"picked":"Backflip","floor":2},{"not_picked":["Sucker Punch","Skewer"],"picked":"Cloak And Dagger","floor":3},{"not_picked":["Deflect","Quick Slash"],"picked":"Predator","floor":5},{"not_picked":["Well Laid Plans","Dodge and Roll"],"picked":"Burst","floor":6},{"not_picked":["Deadly Poison","Bane"],"picked":"Noxious Fumes","floor":8},{"not_picked":["Leg Sweep","Predator"],"picked":"Choke","floor":10},{"not_picked":["Deflect","Underhanded Strike"],"picked":"Caltrops","floor":14},{"not_picked":["Doppelganger","Bullet Time"],"picked":"Night Terror","floor":16},{"not_picked":["Crippling Poison","Endless Agony"],"picked":"Dagger Throw","floor":18},{"not_picked":["Endless Agony","Flying Knee"],"picked":"Dagger Throw","floor":20},{"not_picked":["Heel Hook","All Out Attack"],"picked":"Outmaneuver+1","floor":21}],"player_experience":218718,"relics_obtained":[{"floor":6,"key":"Oddly Smooth Stone"},{"floor":10,"key":"Nunchaku"},{"floor":17,"key":"Tough Bandages"},{"floor":17,"key":"Blue Candle"},{"floor":17,"key":"Anchor"}],"event_choices":[{"damage_healed":0,"gold_gain":0,"player_choice":"Ignored","damage_taken":0,"max_hp_gain":0,"max_hp_loss":0,"event_name":"Beggar","floor":22,"gold_loss":0}],"is_beta":true,"boss_relics":[{"not_picked":["Velvet Choker","Tiny House"],"picked":"Calling Bell"}],"items_purged_floors":[4,12,19],"is_endless":false,"potions_floor_spawned":[1,2,10],"killed_by":"Gremlin Leader","ascension_level":5}