{"gold_per_floor":[114,124,104,13,31,31,49,77,77,77,111,111,111,121,121,194,194,206,56,74,88,106,106],"floor_reached":23,"playtime":1379,"items_purged":["Strike_R"],"score":376,"play_id":"e0e5dccb-3afb-4957-a1b8-656a275c5c40","local_time":"20190313022912","is_ascension_mode":true,"campfire_choices":[{"data":"Disarm","floor":6,"key":"SMITH"},{"data":"Clothesline","floor":10,"key":"SMITH"},{"data":"Shockwave","floor":13,"key":"SMITH"},{"data":"Feel No Pain","floor":15,"key":"SMITH"}],"neow_cost":"NONE","seed_source_timestamp":327903071896674,"circlet_count":0,"master_deck":["AscendersBane","Strike_R+1","Defend_R","Defend_R","Defend_R","Defend_R","Bash+1","Clothesline+1","Disarm+1","Flash of Steel","Shockwave+1","Feel No Pain+1","Limit Break+1","Armaments+1","Disarm+1","Barricade","Spot Weakness+1","Shrug It Off+1","Thunderclap+1","Warcry+1","Burning Pact+1","Anger","Entrench+1","Body Slam"],"relics":["Burning Blood","Bag of Marbles","Sundial","Toxic Egg 2","Astrolabe"],"potions_floor_usage":[11,11,21,21,23],"damage_taken":[{"damage":2,"enemies":"Small Slimes","floor":1,"turns":5},{"damage":1,"enemies":"Cultist","floor":2,"turns":3},{"damage":4,"enemies":"Jaw Worm","floor":5,"turns":3},{"damage":13,"enemies":"Red Slaver","floor":7,"turns":5},{"damage":22,"enemies":"Gremlin Nob","floor":8,"turns":5},{"damage":18,"enemies":"3 Sentries","floor":11,"turns":11},{"damage":4,"enemies":"Looter","floor":14,"turns":3},{"damage":22,"enemies":"Hexaghost","floor":16,"turns":12},{"damage":9,"enemies":"Chosen","floor":18,"turns":10},{"damage":24,"enemies":"Spheric Guardian","floor":20,"turns":7},{"damage":36,"enemies":"3 Cultists","floor":21,"turns":5},{"damage":10,"enemies":"Centurion and Healer","floor":22,"turns":8},{"damage":42,"enemies":"Slavers","floor":23,"turns":4}],"seed_played":"-6852469188605514872","potions_obtained":[{"floor":3,"key":"SkillPotion"},{"floor":5,"key":"Regen Potion"},{"floor":11,"key":"Explosive Potion"},{"floor":14,"key":"Ancient Potion"},{"floor":16,"key":"Regen Potion"},{"floor":22,"key":"Regen Potion"}],"is_trial":false,"path_per_floor":["M","M","?","$","M","R","M","E","T","R","E","?","R","M","R","B",null,"M","$","M","M","M","E"],"character_chosen":"IRONCLAD","items_purchased":["Flash of Steel","Burning Pact+1"],"campfire_rested":0,"item_purchase_floors":[4,19],"current_hp_per_floor":[72,75,75,75,75,75,68,52,52,52,55,32,32,34,34,18,61,58,58,40,24,20,0],"gold":106,"neow_bonus":"UPGRADE_CARD","is_prod":false,"is_daily":false,"chose_seed":false,"campfire_upgraded":4,"win_rate":0,"timestamp":1552458552,"path_taken":["M","M","?","$","?","R","?","E","T","R","E","?","R","M","R","BOSS","M","$","M","M","M","E"],"build_version":"2019-02-06","purchased_purges":1,"victory":false,"max_hp_per_floor":[75,75,75,75,75,75,75,75,75,75,75,75,75,75,75,75,75,75,75,75,75,75,75],"card_choices":[{"not_picked":["Fire Breathing","Flex"],"picked":"Clothesline","floor":1},{"not_picked":["Whirlwind","Headbutt"],"picked":"Disarm","floor":2},{"not_picked":["Sentinel","Warcry"],"picked":"Shockwave","floor":5},{"not_picked":["Infernal Blade","Thunderclap"],"picked":"Feel No Pain","floor":7},{"not_picked":["True Grit","Anger"],"picked":"Limit Break","floor":8},{"not_picked":["Clash","Power Through"],"picked":"Armaments","floor":11},{"not_picked":["Twin Strike","Pommel Strike"],"picked":"Disarm+1","floor":14},{"not_picked":["Brutality","Fiend Fire"],"picked":"Barricade","floor":16},{"not_picked":["Iron Wave","Thunderclap"],"picked":"Warcry+1","floor":18},{"not_picked":["Havoc+1","Thunderclap"],"picked":"Anger","floor":20},{"not_picked":["Twin Strike","Spot Weakness+1"],"picked":"Entrench+1","floor":21},{"not_picked":["Iron Wave","Armaments+1"],"picked":"Body Slam","floor":22}],"player_experience":485654,"relics_obtained":[{"floor":8,"key":"Bag of Marbles"},{"floor":9,"key":"Sundial"},{"floor":11,"key":"Toxic Egg 2"}],"event_choices":[{"damage_healed":0,"gold_gain":0,"player_choice":"Bought 1 Potion","damage_taken":0,"max_hp_gain":0,"max_hp_loss":0,"event_name":"The Woman in Blue","floor":3,"gold_loss":0},{"damage_healed":0,"gold_gain":0,"player_choice":"Entered Light","damage_taken":23,"max_hp_gain":0,"max_hp_loss":0,"event_name":"Shining Light","floor":12,"gold_loss":0,"cards_upgraded":["Strike_R","Limit Break"]}],"is_beta":true,"boss_relics":[{"not_picked":["Runic Pyramid","Philosopher\u0027s Stone"],"picked":"Astrolabe"}],"items_purged_floors":[19],"is_endless":false,"potions_floor_spawned":[5,11,14,16,20,22],"killed_by":"Slavers","ascension_level":17}