{"gold_per_floor":[109,184,184,198,34,34,53,81,105,157,190,16,16,46,46,119,119,136,154,79,98,98],"floor_reached":22,"playtime":849,"items_purged":[],"score":404,"play_id":"a42112fd-6675-4b2c-b6ff-f2a80b700d0a","local_time":"20180916013855","is_ascension_mode":true,"campfire_choices":[{"data":"Defragment","floor":6.0,"key":"SMITH"},{"floor":13,"key":"REST"},{"data":"Hologram","floor":15,"key":"SMITH"}],"neow_cost":"NONE","seed_source_timestamp":232854826352301,"circlet_count":0,"master_deck":["Strike_B","Defend_B","Defend_B+1","Defend_B","Zap+1","Dualcast","AscendersBane","Hologram+1","Defragment+1","Rebound","Auto Shields","Leap","Rainbow","Skim+1","Core Surge+1","Compile Driver+1","Melter","Reinforced Body"],"special_seed":0,"relics":["Cracked Core","Vajra","Potion Belt","War Paint","Happy Flower","Lantern","Boot","Oddly Smooth Stone","Singing Bowl","Astrolabe"],"potions_floor_usage":[11,16,16,22],"damage_taken":[{"damage":0.0,"enemies":"Small Slimes","floor":1.0,"turns":3.0},{"damage":0.0,"enemies":"2 Louse","floor":4.0,"turns":2.0},{"damage":2.0,"enemies":"Cultist","floor":7.0,"turns":4.0},{"damage":36.0,"enemies":"Gremlin Nob","floor":8.0,"turns":4.0},{"damage":12,"enemies":"3 Sentries","floor":11,"turns":6},{"damage":7,"enemies":"Lagavulin","floor":14,"turns":7},{"damage":18,"enemies":"Hexaghost","floor":16,"turns":8},{"damage":10,"enemies":"2 Thieves","floor":18,"turns":4},{"damage":0,"enemies":"Chosen","floor":19,"turns":3},{"damage":23,"enemies":"Snake Plant","floor":21,"turns":6},{"damage":38,"enemies":"Colosseum Slavers","floor":22,"turns":3}],"seed_played":"6889910583308343082","potions_obtained":[{"floor":3.0,"key":"FairyPotion"},{"floor":3.0,"key":"SteroidPotion"},{"floor":8.0,"key":"Fire Potion"},{"floor":11,"key":"LiquidBronze"},{"floor":14,"key":"Swift Potion"},{"floor":16,"key":"Poison Potion"},{"floor":21,"key":"Swift Potion"}],"is_trial":false,"path_per_floor":["M","?","?","M","$","R","M","E","T","T","E","$","R","E","R","B",null,"M","M","?","M"],"character_chosen":"DEFECT","items_purchased":["Potion Belt","Oddly Smooth Stone"],"campfire_rested":1,"item_purchase_floors":[5,12],"current_hp_per_floor":[64,53,53,53,53,53,51,15,15,15,3,3,24,17,17,7,55,47,47,47,24,0],"gold":98,"neow_bonus":"RANDOM_COMMON_RELIC","is_prod":false,"is_daily":false,"chose_seed":false,"campfire_upgraded":2,"win_rate":0,"timestamp":1537076335,"path_taken":["M","?","?","?","?","R","M","E","T","?","E","$","R","E","R","BOSS","M","M","?","?","?"],"build_version":"2018-09-06","purchased_purges":0,"victory":false,"max_hp_per_floor":[71,71,71,71,71,71,71,71,71,71,71,71,71,71,71,71,71,73,73,73,73,73],"card_choices":[{"not_picked":["Chaos","Blizzard"],"picked":"Hologram","floor":1.0},{"not_picked":["Gash","Loop"],"picked":"Defragment","floor":4.0},{"not_picked":["Glacier","Lockon"],"picked":"Rebound","floor":7.0},{"not_picked":["Lockon","Heatsinks","Rebound"],"picked":"SKIP","floor":8.0},{"not_picked":["Go for the Eyes","Scrape"],"picked":"Auto Shields","floor":11},{"not_picked":["Barrage","BootSequence"],"picked":"Leap","floor":14},{"not_picked":["Buffer","Fission"],"picked":"Rainbow","floor":16},{"not_picked":["Streamline","Steam","Aggregate"],"picked":"Singing Bowl","floor":18},{"not_picked":["Auto Shields","Undo"],"picked":"Melter","floor":19},{"not_picked":["Capacitor","Static Discharge"],"picked":"Reinforced Body","floor":21}],"player_experience":859591,"relics_obtained":[{"floor":8.0,"key":"War Paint"},{"floor":9.0,"key":"Happy Flower"},{"floor":10.0,"key":"Lantern"},{"floor":11,"key":"Boot"},{"floor":14,"key":"Singing Bowl"}],"event_choices":[{"event_name":"World of Goop","player_choice":"Gather Gold","floor":2.0,"damage_taken":0.0},{"event_name":"The Lab","player_choice":"Got Potions","floor":3.0,"damage_taken":0.0},{"event_name":"Beggar","player_choice":"Gave Gold","floor":20,"damage_taken":0},{"event_name":"Colosseum","player_choice":"Fight","floor":22,"damage_taken":0}],"is_beta":false,"boss_relics":[{"not_picked":["Black Star","Snecko Eye"],"picked":"Astrolabe"}],"items_purged_floors":[],"is_endless":false,"potions_floor_spawned":[8,11,14,16,21],"killed_by":"Colosseum Slavers","ascension_level":20}