{"gold_per_floor":[99,99,117,117,117,151,151,181,181,206,206,239,253,253,253,253],"floor_reached":16,"playtime":534,"items_purged":[],"score":141,"play_id":"872723ac-ac73-41f3-8057-cb9ef62008c1","local_time":"20190311045005","is_ascension_mode":true,"campfire_choices":[{"data":"Iron Wave","floor":7,"key":"SMITH"},{"floor":11,"key":"REST"},{"floor":15,"key":"REST"}],"neow_cost":"NONE","seed_source_timestamp":252538881876784,"circlet_count":0,"master_deck":["Strike_R","Strike_R","Strike_R","Strike_R","Defend_R+1","Defend_R+1","Defend_R","Defend_R","Bash","Iron Wave+1","Reckless Charge","Rage","Heavy Blade","Dual Wield","Immolate"],"relics":["Burning Blood","NeowsBlessing","Shuriken","Omamori","Matryoshka","Centennial Puzzle","Du-Vu Doll","Golden Idol"],"potions_floor_usage":[10,10,12,16],"damage_taken":[{"damage":0,"enemies":"Cultist","floor":1,"turns":1},{"damage":0,"enemies":"2 Louse","floor":3,"turns":1},{"damage":0,"enemies":"Jaw Worm","floor":5,"turns":1},{"damage":64,"enemies":"3 Sentries","floor":6,"turns":18},{"damage":6,"enemies":"Gremlin Nob","floor":8,"turns":3},{"damage":12,"enemies":"Lagavulin","floor":10,"turns":5},{"damage":28,"enemies":"Gremlin Nob","floor":12,"turns":4},{"damage":9,"enemies":"2 Fungi Beasts","floor":13,"turns":3},{"damage":41,"enemies":"The Guardian","floor":16,"turns":7}],"seed_played":"-6197525635502345505","potions_obtained":[{"floor":3,"key":"Energy Potion"},{"floor":8,"key":"SkillPotion"},{"floor":12,"key":"Fruit Juice"},{"floor":13,"key":"AttackPotion"}],"is_trial":false,"path_per_floor":["M","?","M","?","M","E","R","E","T","E","R","E","M","?","R","B"],"character_chosen":"IRONCLAD","items_purchased":[],"campfire_rested":2,"item_purchase_floors":[],"current_hp_per_floor":[80,64,70,70,76,18,18,18,18,12,36,19,16,16,41,0],"gold":253,"neow_bonus":"THREE_ENEMY_KILL","is_prod":false,"is_daily":false,"chose_seed":false,"campfire_upgraded":1,"win_rate":0,"timestamp":1552305005,"path_taken":["M","?","M","?","?","E","R","E","T","E","R","E","M","?","R","BOSS"],"build_version":"2019-01-23","purchased_purges":0,"victory":false,"max_hp_per_floor":[80,80,80,80,80,80,80,80,80,80,80,85,85,85,85,85],"card_choices":[{"not_picked":["Flex","Sever Soul","Armaments"],"picked":"SKIP","floor":1},{"not_picked":["Pommel Strike","Burning Pact"],"picked":"Iron Wave","floor":3},{"not_picked":["Shrug It Off","Dual Wield","Seeing Red"],"picked":"SKIP","floor":5},{"not_picked":["Dropkick","Carnage"],"picked":"Reckless Charge","floor":6},{"not_picked":["Warcry","Flame Barrier"],"picked":"Rage","floor":8},{"not_picked":["Metallicize","Headbutt"],"picked":"Heavy Blade","floor":10},{"not_picked":["Iron Wave","Wild Strike"],"picked":"Dual Wield","floor":12},{"not_picked":["Twin Strike","Sword Boomerang"],"picked":"Immolate","floor":13}],"player_experience":322008,"relics_obtained":[{"floor":6,"key":"Shuriken"},{"floor":8,"key":"Omamori"},{"floor":9,"key":"Matryoshka"},{"floor":10,"key":"Centennial Puzzle"},{"floor":12,"key":"Du-Vu Doll"}],"event_choices":[{"damage_healed":0,"gold_gain":0,"player_choice":"Entered Light","damage_taken":16,"max_hp_gain":0,"max_hp_loss":0,"event_name":"Shining Light","floor":2,"gold_loss":0,"cards_upgraded":["Defend_R","Defend_R"]},{"cards_removed":["Strike_R"],"damage_healed":0,"gold_gain":0,"player_choice":"Purged","damage_taken":0,"max_hp_gain":0,"max_hp_loss":0,"event_name":"Purifier","floor":4,"gold_loss":0},{"damage_healed":0,"gold_gain":0,"player_choice":"Take Wound","damage_taken":0,"relics_obtained":["Golden Idol"],"max_hp_gain":0,"max_hp_loss":0,"event_name":"Golden Idol","floor":14,"gold_loss":0,"cards_obtained":["Injury"]}],"is_beta":false,"boss_relics":[],"items_purged_floors":[],"is_endless":false,"potions_floor_spawned":[3,8,12,13],"killed_by":"The Guardian","ascension_level":2}