{"gold_per_floor":[362,372,372,382,382,382,395,395,395,414,449,46,65,92,92,166,166,180,180,197,112,37,37,63,63,110,165,165,195,195,195,195,272,272,288,308,408,420,436,436,463,463,512,528,528,107,107,122,122,122,122,122,20,53,53],"floor_reached":55,"playtime":3689,"items_purged":["Strike_R","Anger"],"score":1266,"play_id":"9525cce3-c5d2-4524-898e-72a15f4b9748","local_time":"20190222163841","is_ascension_mode":true,"campfire_choices":[{"data":"Carnage","floor":6,"key":"SMITH"},{"data":"Cleave","floor":8,"key":"SMITH"},{"data":"Metallicize","floor":15,"key":"SMITH"},{"data":"Flame Barrier","floor":23,"key":"SMITH"},{"data":"Demon Form","floor":28,"key":"SMITH"},{"data":"Bite","floor":30,"key":"SMITH"},{"floor":32,"key":"REST"},{"data":"Impervious","floor":40,"key":"SMITH"},{"data":"Shrug It Off","floor":42,"key":"SMITH"},{"floor":45,"key":"RECALL"},{"data":"Dual Wield","floor":49,"key":"SMITH"},{"data":"Shrug It Off","floor":52,"key":"SMITH"}],"neow_cost":"TEN_PERCENT_HP_LOSS","seed_source_timestamp":4328148432500,"circlet_count":0,"master_deck":["AscendersBane","Defend_R","Defend_R","Defend_R","Defend_R","Bash+1","Perfected Strike","Cleave+1","Carnage+1","Disarm","Inflame","Shrug It Off+1","Metallicize+1","Demon Form+1","Disarm","Impervious+1","Twin Strike","Flame Barrier+1","Bite+1","Bite","Bite","Bite","Bite","Battle Trance","Headbutt","Barricade","Cleave","Shrug It Off+1","Dual Wield+1"],"relics":["Burning Blood","Sundial","Omamori","Bronze Scales","Pen Nib","Art of War","Bag of Preparation","Snecko Eye","Red Skull","Torii","Smiling Mask","Tiny Chest","Happy Flower","Busted Crown","StoneCalendar","Paper Frog","Vajra","Ancient Tea Set","Bag of Marbles"],"potions_floor_usage":[14,16,27,29,31,36,44,48,50,50,54,54,55],"damage_taken":[{"damage":6,"enemies":"Cultist","floor":1,"turns":3},{"damage":7,"enemies":"Jaw Worm","floor":2,"turns":2},{"damage":0,"enemies":"Small Slimes","floor":4,"turns":3},{"damage":10,"enemies":"2 Fungi Beasts","floor":7,"turns":3},{"damage":12,"enemies":"Large Slime","floor":10,"turns":4},{"damage":25,"enemies":"3 Sentries","floor":11,"turns":5},{"damage":7,"enemies":"Red Slaver","floor":13,"turns":4},{"damage":16,"enemies":"Gremlin Nob","floor":14,"turns":3},{"damage":7,"enemies":"Hexaghost","floor":16,"turns":9},{"damage":1,"enemies":"Chosen","floor":18,"turns":5},{"damage":0,"enemies":"3 Byrds","floor":20,"turns":3},{"damage":9,"enemies":"Gremlin Leader","floor":24,"turns":5},{"damage":11,"enemies":"Book of Stabbing","floor":27,"turns":4},{"damage":43,"enemies":"Gremlin Leader","floor":29,"turns":6},{"damage":12,"enemies":"Snake Plant","floor":31,"turns":3},{"damage":50,"enemies":"Automaton","floor":33,"turns":8},{"damage":1,"enemies":"3 Shapes","floor":35,"turns":4},{"damage":22,"enemies":"3 Darklings","floor":36,"turns":9},{"damage":0,"enemies":"Mind Bloom Boss Battle","floor":37,"turns":6},{"damage":0,"enemies":"Maw","floor":38,"turns":6},{"damage":12,"enemies":"Writhing Mass","floor":39,"turns":7},{"damage":2,"enemies":"Nemesis","floor":41,"turns":5},{"damage":0,"enemies":"Transient","floor":44,"turns":5},{"damage":8,"enemies":"Jaw Worm Horde","floor":48,"turns":5},{"damage":54,"enemies":"Awakened One","floor":50,"turns":11},{"damage":36,"enemies":"Shield and Spear","floor":54,"turns":5},{"damage":81,"enemies":"The Heart","floor":55,"turns":8}],"seed_played":"-3061835387008725757","potions_obtained":[{"floor":4,"key":"BloodPotion"},{"floor":7,"key":"Poison Potion"},{"floor":10,"key":"Weak Potion"},{"floor":14,"key":"AttackPotion"},{"floor":18,"key":"SkillPotion"},{"floor":27,"key":"SmokeBomb"},{"floor":29,"key":"Strength Potion"},{"floor":33,"key":"Strength Potion"},{"floor":37,"key":"Strength Potion"},{"floor":38,"key":"Energy Potion"},{"floor":48,"key":"BloodPotion"},{"floor":54,"key":"Regen Potion"}],"is_trial":false,"path_per_floor":["M","M","?","M","?","R","M","R","T","M","E","$","M","E","R","B",null,"M","?","M","?","$","R","E","?","T","E","R","E","R","M","R","B",null,"M","M","?","M","M","R","E","R","T","M","R","$","?","M","R","B",null,"R","$","E","B"],"character_chosen":"IRONCLAD","items_purchased":["Shrug It Off","Metallicize","Pen Nib","Art of War","Vajra","Shrug It Off","Ancient Tea Set","AttackPotion","PowerPotion","SkillPotion"],"campfire_rested":1,"item_purchase_floors":[12,12,12,12,46,46,46,46,53,53],"current_hp_per_floor":[68,67,67,68,68,68,64,64,64,58,39,39,38,28,28,27,58,63,63,68,68,68,68,65,65,65,64,64,31,31,25,45,22,57,64,68,68,68,68,68,68,68,68,68,68,68,68,68,68,39,61,61,61,38,0],"gold":53,"neow_bonus":"TWO_FIFTY_GOLD","is_prod":false,"is_daily":false,"chose_seed":false,"campfire_upgraded":10,"win_rate":0,"timestamp":1550871521,"path_taken":["M","M","?","M","?","R","M","R","T","?","E","$","M","E","R","BOSS","M","?","M","?","$","R","E","?","T","E","R","E","R","M","R","BOSS","M","M","?","M","M","R","E","R","T","M","R","$","?","M","R","BOSS","R","$","E","BOSS"],"build_version":"2019-02-06","purchased_purges":2,"victory":false,"max_hp_per_floor":[68,68,68,68,68,68,68,68,68,68,68,68,68,68,68,68,68,68,68,68,68,68,68,68,68,68,68,68,68,68,68,68,68,68,68,68,68,68,68,68,68,68,68,68,68,68,68,68,68,68,68,68,68,68,68],"card_choices":[{"not_picked":["Warcry","Pummel"],"picked":"Perfected Strike","floor":1},{"not_picked":["Whirlwind","Clothesline"],"picked":"Cleave","floor":2},{"not_picked":["Wild Strike","True Grit"],"picked":"Carnage","floor":4},{"not_picked":["Heavy Blade","Second Wind","Infernal Blade"],"picked":"SKIP","floor":7},{"not_picked":["Inflame","Evolve"],"picked":"Disarm","floor":10},{"not_picked":["Rampage","Corruption"],"picked":"Inflame","floor":11},{"not_picked":["Dropkick","Shockwave"],"picked":"Demon Form","floor":13},{"not_picked":["Dropkick","Blood for Blood"],"picked":"Disarm","floor":14},{"not_picked":["Berserk","Brutality"],"picked":"Impervious","floor":16},{"not_picked":["Seeing Red","Armaments"],"picked":"Twin Strike","floor":18},{"not_picked":["Havoc","Evolve"],"picked":"Flame Barrier","floor":20},{"not_picked":["Reaper","Warcry","Body Slam"],"picked":"SKIP","floor":24},{"not_picked":["Spot Weakness","Sentinel"],"picked":"Battle Trance","floor":27},{"not_picked":["Immolate","Rampage"],"picked":"Headbutt","floor":29},{"not_picked":["Feed","Reaper"],"picked":"Barricade","floor":33},{"not_picked":["Battle Trance"],"picked":"SKIP","floor":35},{"not_picked":[],"picked":"Anger","floor":36},{"not_picked":["Corruption"],"picked":"SKIP","floor":38},{"not_picked":[],"picked":"Cleave","floor":39},{"not_picked":["Dropkick"],"picked":"SKIP","floor":41},{"not_picked":["Perfected Strike+1"],"picked":"SKIP","floor":44},{"not_picked":[],"picked":"Dual Wield","floor":48},{"not_picked":["Power Through"],"picked":"SKIP","floor":54}],"player_experience":410629,"relics_obtained":[{"floor":9,"key":"Omamori"},{"floor":11,"key":"Bronze Scales"},{"floor":14,"key":"Bag of Preparation"},{"floor":24,"key":"Torii"},{"floor":26,"key":"Smiling Mask"},{"floor":27,"key":"Tiny Chest"},{"floor":29,"key":"Happy Flower"},{"floor":37,"key":"StoneCalendar"},{"floor":41,"key":"Paper Frog"},{"floor":54,"key":"Bag of Marbles"}],"event_choices":[{"damage_healed":0,"gold_gain":0,"player_choice":"Grow","damage_taken":0,"max_hp_gain":0,"max_hp_loss":0,"event_name":"Living Wall","floor":3,"gold_loss":0,"cards_upgraded":["Bash"]},{"damage_healed":0,"gold_gain":0,"player_choice":"Gave Potion","damage_taken":0,"relics_obtained":["Sundial"],"max_hp_gain":0,"max_hp_loss":0,"event_name":"WeMeetAgain","floor":5,"gold_loss":0},{"damage_healed":0,"gold_gain":0,"player_choice":"Opened","damage_taken":0,"relics_obtained":["Blood Vial"],"max_hp_gain":0,"max_hp_loss":0,"event_name":"The Mausoleum","floor":19,"gold_loss":0},{"damage_healed":0,"gold_gain":0,"player_choice":"Obtained Relic","damage_taken":0,"relics_obtained":["Red Skull"],"max_hp_gain":0,"max_hp_loss":0,"event_name":"Addict","floor":21,"gold_loss":85},{"damage_healed":0,"gold_gain":0,"player_choice":"Became a vampire (Vial)","damage_taken":0,"max_hp_gain":0,"max_hp_loss":0,"event_name":"Vampires","floor":25,"relics_lost":["Blood Vial"],"gold_loss":0,"cards_obtained":["Bite","Bite","Bite","Bite","Bite"]},{"damage_healed":0,"gold_gain":0,"player_choice":"Fight","damage_taken":0,"max_hp_gain":0,"max_hp_loss":0,"event_name":"MindBloom","floor":37,"gold_loss":0},{"damage_healed":0,"gold_gain":0,"player_choice":"Ignored","damage_taken":0,"max_hp_gain":0,"max_hp_loss":0,"event_name":"Mysterious Sphere","floor":47,"gold_loss":0}],"is_beta":true,"boss_relics":[{"not_picked":["Runic Cube","Black Star"],"picked":"Snecko Eye"},{"not_picked":["Pandora\u0027s Box","Mark of Pain"],"picked":"Busted Crown"}],"items_purged_floors":[22,46],"is_endless":false,"potions_floor_spawned":[4,7,10,11,14,18,27,29,31,33,37,38,41,48,54],"killed_by":"The Heart","ascension_level":14}