{"gold_per_floor":[109,54,64,64,74,100,100,131,131,156,169,92,92,92,92,92],"floor_reached":16,"playtime":584,"items_purged":[],"score":236,"play_id":"2e1e0f36-0068-4ee1-9c11-0577f72476df","local_time":"20181103172541","is_ascension_mode":true,"campfire_choices":[{"floor":7.0,"key":"REST"},{"data":"Disarm","floor":15.0,"key":"SMITH"}],"neow_cost":"NONE","seed_source_timestamp":27070375524070,"circlet_count":0,"master_deck":["AscendersBane","Strike_R","Strike_R","Strike_R","Strike_R","Strike_R","Defend_R","Defend_R","Defend_R","Defend_R","Bash","Cleave","Flame Barrier","Feel No Pain+1","Corruption+1","Disarm+1","Rampage","Flame Barrier"],"special_seed":0,"relics":["Burning Blood","Blood Vial","Frozen Egg 2","Lantern","Unceasing Top","Letter Opener","Strawberry","Toxic Egg 2","The Courier"],"potions_floor_usage":[16],"damage_taken":[{"damage":1.0,"enemies":"Cultist","floor":1.0,"turns":3.0},{"damage":2.0,"enemies":"Jaw Worm","floor":3.0,"turns":3.0},{"damage":7.0,"enemies":"Small Slimes","floor":5.0,"turns":3.0},{"damage":32.0,"enemies":"Gremlin Nob","floor":6.0,"turns":4.0},{"damage":19.0,"enemies":"3 Sentries","floor":8.0,"turns":17.0},{"damage":55.0,"enemies":"Gremlin Nob","floor":10.0,"turns":5.0},{"damage":7.0,"enemies":"Blue Slaver","floor":11.0,"turns":4.0},{"damage":23,"enemies":"Hexaghost","floor":16,"turns":11}],"seed_played":"2791519121562184673","potions_obtained":[{"floor":3.0,"key":"BloodPotion"},{"floor":8.0,"key":"SteroidPotion"},{"floor":10.0,"key":"LiquidBronze"}],"is_trial":false,"path_per_floor":["M","$","M","?","M","E","R","E","T","E","M","$","?","T","R","B"],"character_chosen":"IRONCLAD","items_purchased":["Fire Potion","Flame Barrier"],"campfire_rested":1,"item_purchase_floors":[2,12],"current_hp_per_floor":[75,75,75,64,72,48,70,59,59,19,20,20,20,20,20,0],"gold":92,"neow_bonus":"RANDOM_COMMON_RELIC","is_prod":false,"is_daily":false,"chose_seed":false,"campfire_upgraded":1,"win_rate":0,"timestamp":1541280341,"path_taken":["M","$","?","?","M","E","R","E","T","E","M","$","?","?","R","BOSS"],"build_version":"2018-11-02","purchased_purges":0,"victory":false,"max_hp_per_floor":[75,75,75,75,75,75,75,75,75,82,82,82,82,82,82,82],"card_choices":[{"not_picked":["True Grit","Anger"],"picked":"Cleave","floor":1.0},{"not_picked":["Warcry","Headbutt"],"picked":"Flame Barrier","floor":3.0},{"not_picked":["Spot Weakness","Twin Strike"],"picked":"Feel No Pain+1","floor":5.0},{"not_picked":["Dual Wield","Havoc"],"picked":"Corruption+1","floor":6.0},{"not_picked":["Combust+1","Cleave"],"picked":"Disarm","floor":8.0},{"not_picked":["Hemokinesis","Flex","Heavy Blade"],"picked":"SKIP","floor":10.0},{"not_picked":["Burning Pact","Carnage"],"picked":"Rampage","floor":11.0}],"player_experience":819923,"relics_obtained":[{"floor":6.0,"key":"Lantern"},{"floor":8.0,"key":"Unceasing Top"},{"floor":9.0,"key":"Letter Opener"},{"floor":10.0,"key":"Strawberry"},{"floor":14.0,"key":"The Courier"}],"event_choices":[{"damage_healed":0.0,"max_hp_gain":0.0,"max_hp_loss":0.0,"gold_gain":0.0,"event_name":"Scrap Ooze","player_choice":"Success","floor":4.0,"gold_loss":0.0,"damage_taken":11.0,"relics_obtained":["Frozen Egg 2"]},{"damage_healed":0.0,"max_hp_gain":0.0,"max_hp_loss":0.0,"gold_gain":0.0,"event_name":"Dead Adventurer","player_choice":"Searched \u00271\u0027 times","floor":13.0,"gold_loss":0.0,"damage_taken":0.0,"relics_obtained":["Toxic Egg 2"]}],"is_beta":true,"boss_relics":[],"items_purged_floors":[],"is_endless":false,"potions_floor_spawned":[3,8,10],"killed_by":"Hexaghost","ascension_level":20}