{"gold_per_floor":[115,23,198,210,226,226,238,238,265,265,282,282,313,332,332,332],"floor_reached":16,"playtime":518,"items_purged":[],"score":107,"play_id":"bcee3e7d-439d-4c24-bbcb-0d335ba0ac97","local_time":"20190224050437","is_ascension_mode":true,"campfire_choices":[{"data":"Zap","floor":6,"key":"SMITH"},{"floor":8,"key":"REST"},{"floor":12,"key":"REST"},{"floor":15,"key":"REST"}],"neow_cost":"NONE","seed_source_timestamp":306661564149868,"circlet_count":0,"master_deck":["Strike_B","Strike_B","Strike_B","Defend_B","Defend_B","Defend_B","Zap+1","Dualcast","Leap","Redo","Go for the Eyes","Defragment","Doubt","Steam","Rebound","Gash","Turbo","Sunder","Gash"],"relics":["Cracked Core","Bronze Scales","Pen Nib"],"potions_floor_usage":[16,16],"damage_taken":[{"damage":14,"enemies":"Jaw Worm","floor":1,"turns":5},{"damage":7,"enemies":"Small Slimes","floor":4,"turns":4},{"damage":1,"enemies":"Cultist","floor":5,"turns":4},{"damage":44,"enemies":"Gremlin Gang","floor":7,"turns":5},{"damage":0,"enemies":"3 Louse","floor":11,"turns":2},{"damage":37,"enemies":"3 Sentries","floor":13,"turns":6},{"damage":4,"enemies":"Red Slaver","floor":14,"turns":2},{"damage":34,"enemies":"The Guardian","floor":16,"turns":8}],"seed_played":"7123561365870506417","potions_obtained":[{"floor":5,"key":"SneckoOil"},{"floor":13,"key":"Swift Potion"}],"is_trial":false,"path_per_floor":["M","$","?","M","M","R","M","R","T","?","M","R","E","M","R","B"],"character_chosen":"DEFECT","items_purchased":["Go for the Eyes","Defragment"],"campfire_rested":3,"item_purchase_floors":[2,2],"current_hp_per_floor":[61,61,61,54,53,53,9,31,31,31,31,53,16,12,34,0],"gold":332,"neow_bonus":"TRANSFORM_CARD","is_prod":false,"is_daily":false,"chose_seed":false,"campfire_upgraded":1,"win_rate":0,"timestamp":1551013477,"path_taken":["M","$","?","M","M","R","M","R","T","?","M","R","E","M","R","BOSS"],"build_version":"2019-01-23","purchased_purges":0,"victory":false,"max_hp_per_floor":[75,75,75,75,75,75,75,75,75,75,75,75,75,75,75,75],"card_choices":[{"not_picked":["Leap","Lockon"],"picked":"Redo","floor":1},{"not_picked":["Heatsinks","Leap"],"picked":"Steam","floor":4},{"not_picked":["Stack","Compile Driver"],"picked":"Rebound","floor":5},{"not_picked":["Redo","Stack"],"picked":"Gash","floor":7},{"not_picked":["Coolheaded","Fission","Stack"],"picked":"SKIP","floor":11},{"not_picked":["Hologram","Aggregate"],"picked":"Sunder","floor":13},{"not_picked":["Chaos","Undo"],"picked":"Gash","floor":14}],"player_experience":271132,"relics_obtained":[{"floor":9,"key":"Bronze Scales"},{"floor":13,"key":"Pen Nib"}],"event_choices":[{"damage_healed":0,"gold_gain":175,"player_choice":"AGREE","damage_taken":0,"max_hp_gain":0,"max_hp_loss":0,"event_name":"Liars Game","floor":3,"gold_loss":0,"cards_obtained":["Doubt"]},{"damage_healed":0,"gold_gain":0,"cards_transformed":["Defend_B"],"player_choice":"Transformed","damage_taken":0,"max_hp_gain":0,"max_hp_loss":0,"event_name":"Transmorgrifier","floor":10,"gold_loss":0,"cards_obtained":["Turbo"]}],"is_beta":false,"boss_relics":[],"items_purged_floors":[],"is_endless":false,"potions_floor_spawned":[5,13],"killed_by":"The Guardian","ascension_level":1}