{"gold_per_floor":[367,442,245,259,39,70,70,83,83,113,129,129,49,104,104,207,207,223,322,322,42,58,85,99,127,127,127,127,10,30,46,46,143,143,153,166,166,177,177,207,207,240,240,240,254,4,4,4,4,4],"floor_reached":50,"playtime":2881,"items_purged":["Strike_R","Strike_R"],"score":917,"play_id":"67ada398-e21c-4316-ac74-d518c6ccb90f","local_time":"20190119023508","is_ascension_mode":true,"campfire_choices":[{"data":"Pommel Strike","floor":7,"key":"SMITH"},{"data":"Heavy Blade","floor":12,"key":"SMITH"},{"floor":15,"key":"REST"},{"data":"Shrug It Off","floor":27,"key":"SMITH"},{"data":"Thunderclap","floor":32,"key":"SMITH"},{"floor":41,"key":"DIG"},{"floor":44,"key":"DIG"},{"floor":49,"key":"DIG"}],"neow_cost":"PERCENT_DAMAGE","seed_source_timestamp":58422328699198,"circlet_count":0,"master_deck":["Strike_R","Strike_R","Defend_R","Defend_R","Defend_R","Defend_R","Bash","Pommel Strike+1","Spot Weakness","Impervious","Headbutt","Pummel","Heavy Blade+1","Thunderclap+1","Feed","Shrug It Off+1","Juggernaut","Warcry","Juggernaut","Flame Barrier+1","Double Tap+1","Heavy Blade+1","Inflame+1","Iron Wave+1","Reaper+1"],"relics":["Black Blood","Lee\u0027s Waffle","Vajra","Boot","The Courier","Regal Pillow","Tiny Chest","Coffee Dripper","Incense Burner","Omamori","HandDrill","Red Skull","Singing Bowl","Frozen Egg 2","Blood Vial","Shovel","Peace Pipe","Molten Egg 2","Toxic Egg 2","Nunchaku","Oddly Smooth Stone"],"potions_floor_usage":[10,10,16,22,28,33,33,50,50],"damage_taken":[{"damage":11,"enemies":"Jaw Worm","floor":1,"turns":4},{"damage":7,"enemies":"Small Slimes","floor":4,"turns":4},{"damage":30,"enemies":"3 Sentries","floor":6,"turns":10},{"damage":0,"enemies":"2 Louse","floor":8,"turns":4},{"damage":15,"enemies":"Lagavulin","floor":10,"turns":5},{"damage":17,"enemies":"Exordium Wildlife","floor":11,"turns":3},{"damage":20,"enemies":"3 Sentries","floor":14,"turns":7},{"damage":45,"enemies":"The Guardian","floor":16,"turns":7},{"damage":9,"enemies":"3 Byrds","floor":18,"turns":5},{"damage":9,"enemies":"Shell Parasite","floor":22,"turns":2},{"damage":37,"enemies":"Book of Stabbing","floor":23,"turns":5},{"damage":1,"enemies":"Centurion and Healer","floor":24,"turns":2},{"damage":30,"enemies":"Gremlin Leader","floor":25,"turns":3},{"damage":14,"enemies":"Colosseum Slavers","floor":28,"turns":5},{"damage":4,"enemies":"Chosen and Byrds","floor":30,"turns":5},{"damage":0,"enemies":"Shelled Parasite and Fungi","floor":31,"turns":3},{"damage":27,"enemies":"Collector","floor":33,"turns":9},{"damage":16,"enemies":"3 Darklings","floor":35,"turns":6},{"damage":11,"enemies":"Orb Walker","floor":36,"turns":3},{"damage":15,"enemies":"Jaw Worm Horde","floor":38,"turns":4},{"damage":36,"enemies":"Giant Head","floor":40,"turns":8},{"damage":34,"enemies":"Nemesis","floor":42,"turns":8},{"damage":4,"enemies":"Transient","floor":45,"turns":5},{"damage":92,"enemies":"Time Eater","floor":50,"turns":6}],"seed_played":"1082541865321353717","potions_obtained":[{"floor":4,"key":"Strength Potion"},{"floor":6,"key":"Weak Potion"},{"floor":14,"key":"SteroidPotion"},{"floor":16,"key":"Ancient Potion"},{"floor":18,"key":"Strength Potion"},{"floor":22,"key":"GamblersBrew"},{"floor":30,"key":"Block Potion"},{"floor":33,"key":"SteroidPotion"},{"floor":36,"key":"Ancient Potion"},{"floor":38,"key":"Energy Potion"}],"is_trial":false,"path_per_floor":["M","?","$","M","$","E","R","M","T","E","M","R","$","E","R","B",null,"M","?","T","$","M","E","M","E","T","R","?","$","M","M","R","B",null,"M","M","?","M","?","E","R","E","T","R","M","$","?","$","R","B"],"character_chosen":"IRONCLAD","items_purchased":["Lee\u0027s Waffle","Vajra","Omamori","HandDrill","Blood Vial","Nunchaku"],"campfire_rested":1,"item_purchase_floors":[3,5,21,21,29,46],"current_hp_per_floor":[46,35,87,86,86,62,62,68,68,59,48,48,48,34,75,36,74,74,74,74,74,71,43,48,24,24,24,19,19,28,36,36,20,83,79,83,83,83,83,64,64,44,44,44,52,52,52,52,52,0],"gold":4,"neow_bonus":"TWO_FIFTY_GOLD","is_prod":false,"is_daily":false,"chose_seed":false,"campfire_upgraded":4,"win_rate":0,"timestamp":1547883308,"path_taken":["M","?","$","M","$","E","R","M","T","E","M","R","$","E","R","BOSS","M","?","?","$","M","E","M","E","T","R","?","$","M","M","R","BOSS","M","M","?","M","?","E","R","E","T","R","?","$","?","?","R","BOSS"],"build_version":"2019-01-17","purchased_purges":2,"victory":false,"max_hp_per_floor":[80,80,87,87,87,87,87,87,87,87,87,87,87,87,87,87,87,90,90,90,90,90,93,93,93,93,93,96,96,101,101,101,104,104,104,107,107,110,110,115,115,117,117,117,117,117,117,117,117,117],"card_choices":[{"not_picked":["True Grit","Perfected Strike"],"picked":"Pommel Strike","floor":1},{"not_picked":["Armaments","True Grit"],"picked":"Spot Weakness","floor":4},{"not_picked":["Entrench","Rupture"],"picked":"Impervious","floor":6},{"not_picked":["Anger","Flex"],"picked":"Headbutt","floor":8},{"not_picked":["True Grit","Twin Strike"],"picked":"Pummel","floor":10},{"not_picked":["Inflame","Cleave"],"picked":"Heavy Blade","floor":11},{"not_picked":["Rampage","Infernal Blade"],"picked":"Thunderclap","floor":14},{"not_picked":["Dark Embrace","Brutality"],"picked":"Feed","floor":16},{"not_picked":["Clothesline+1","Ghostly Armor"],"picked":"Shrug It Off","floor":18},{"not_picked":["Sentinel+1","Iron Wave","Heavy Blade"],"picked":"SKIP","floor":22},{"not_picked":["Perfected Strike","Uppercut"],"picked":"Juggernaut","floor":23},{"not_picked":["Clothesline","True Grit"],"picked":"Warcry","floor":24},{"not_picked":["Blood for Blood","Burning Pact"],"picked":"Juggernaut","floor":25},{"not_picked":["Cleave","Rupture+1","Flex"],"picked":"Singing Bowl","floor":30},{"not_picked":["Reckless Charge","Thunderclap"],"picked":"Flame Barrier+1","floor":31},{"not_picked":["Immolate","Demon Form+1"],"picked":"Double Tap","floor":33},{"not_picked":["Iron Wave","Second Wind+1"],"picked":"Heavy Blade+1","floor":35},{"not_picked":["Clothesline","Searing Blow"],"picked":"Inflame+1","floor":36},{"not_picked":["Wild Strike+1","Dual Wield"],"picked":"Iron Wave+1","floor":38},{"not_picked":["Thunderclap+1","Shockwave","Twin Strike"],"picked":"Singing Bowl","floor":40},{"not_picked":["Warcry","Dropkick+1","Rampage+1"],"picked":"Singing Bowl","floor":42},{"not_picked":["Twin Strike+1","Wild Strike+1"],"picked":"Reaper+1","floor":45}],"player_experience":222955,"relics_obtained":[{"floor":6,"key":"Boot"},{"floor":9,"key":"The Courier"},{"floor":10,"key":"Regal Pillow"},{"floor":14,"key":"Tiny Chest"},{"floor":20,"key":"Incense Burner"},{"floor":23,"key":"Red Skull"},{"floor":25,"key":"Singing Bowl"},{"floor":26,"key":"Frozen Egg 2"},{"floor":40,"key":"Shovel"},{"floor":41,"key":"Peace Pipe"},{"floor":42,"key":"Molten Egg 2"},{"floor":44,"key":"Toxic Egg 2"},{"floor":49,"key":"Oddly Smooth Stone"}],"event_choices":[{"damage_healed":0,"gold_gain":75,"player_choice":"Gather Gold","damage_taken":11,"max_hp_gain":0,"max_hp_loss":0,"event_name":"World of Goop","floor":2,"gold_loss":0},{"damage_healed":0,"gold_gain":99,"player_choice":"Stole From Cult","damage_taken":0,"max_hp_gain":0,"max_hp_loss":0,"event_name":"Nest","floor":19,"gold_loss":0},{"damage_healed":0,"gold_gain":0,"player_choice":"Fight","damage_taken":0,"max_hp_gain":0,"max_hp_loss":0,"event_name":"Colosseum","floor":28,"gold_loss":0},{"damage_healed":0,"gold_gain":0,"player_choice":"Fled From Nobs","damage_taken":0,"max_hp_gain":0,"max_hp_loss":0,"event_name":"Colosseum","floor":28,"gold_loss":0},{"damage_healed":0,"gold_gain":0,"player_choice":"Ignored","damage_taken":0,"max_hp_gain":0,"max_hp_loss":0,"event_name":"Tomb of Lord Red Mask","floor":37,"gold_loss":0},{"cards_removed":["Strike_R"],"damage_healed":0,"gold_gain":0,"player_choice":"Removed Attack","damage_taken":0,"max_hp_gain":0,"max_hp_loss":0,"event_name":"Falling","floor":39,"gold_loss":0},{"damage_healed":0,"gold_gain":0,"player_choice":"Forge","damage_taken":0,"max_hp_gain":0,"max_hp_loss":0,"event_name":"Accursed Blacksmith","floor":47,"gold_loss":0,"cards_upgraded":["Double Tap"]}],"is_beta":true,"boss_relics":[{"not_picked":["Empty Cage","Tiny House"],"picked":"Coffee Dripper"},{"not_picked":["Philosopher\u0027s Stone","Mark of Pain"],"picked":"Black Blood"}],"items_purged_floors":[5,13],"is_endless":false,"potions_floor_spawned":[4,6,14,16,18,22,28,30,33,36,38,42],"killed_by":"Time Eater","ascension_level":9}