{"gold_per_floor":[112,112,129,145,163,189,203,203,230,256,278,303,280,308,320,432,444,466,465,576,1,1,1],"floor_reached":23,"playtime":1195,"items_purged":["Strike_G"],"score":246,"play_id":"d67b85f3-99f6-46c9-be93-b29a0c98236e","local_time":"20190118140408","is_ascension_mode":true,"campfire_choices":[{"floor":8,"key":"REST"},{"floor":15,"key":"REST"}],"neow_cost":"PERCENT_DAMAGE","seed_source_timestamp":15058479281017,"circlet_count":0,"master_deck":["Defend_G","Defend_G","Defend_G","Defend_G","Strike_G","Strike_G","Strike_G","Strike_G","Survivor","Neutralize","Dramatic Entrance","Madness","PiercingWail","Crippling Poison","Acrobatics","Phantasmal Killer","Sucker Punch","Footwork","Quick Slash","Deflect","Heel Hook","Flying Knee","Night Terror","Heel Hook","Caltrops","The Bomb","Venomology"],"relics":["Ring of the Snake","Omamori","MawBank","Cursed Key","Bird Faced Urn"],"potions_floor_usage":[6,7,16,16,16],"damage_taken":[{"damage":3,"enemies":"2 Louse","floor":1,"turns":3},{"damage":3,"enemies":"Cultist","floor":3,"turns":4},{"damage":4,"enemies":"Jaw Worm","floor":4,"turns":5},{"damage":8,"enemies":"Looter","floor":5,"turns":4},{"damage":19,"enemies":"3 Sentries","floor":6,"turns":8},{"damage":3,"enemies":"2 Fungi Beasts","floor":7,"turns":3},{"damage":9,"enemies":"Exordium Wildlife","floor":10,"turns":6},{"damage":6,"enemies":"Looter","floor":11,"turns":2},{"damage":5,"enemies":"Blue Slaver","floor":12,"turns":4},{"damage":9,"enemies":"3 Louse","floor":14,"turns":2},{"damage":36,"enemies":"The Guardian","floor":16,"turns":11},{"damage":18,"enemies":"Shell Parasite","floor":18,"turns":9},{"damage":24,"enemies":"2 Thieves","floor":19,"turns":4},{"damage":16,"enemies":"Slavers","floor":23,"turns":1}],"seed_played":"7959745570209862044","potions_obtained":[{"floor":4,"key":"Explosive Potion"},{"floor":5,"key":"GamblersBrew"},{"floor":7,"key":"Strength Potion"},{"floor":10,"key":"Regen Potion"},{"floor":14,"key":"Fire Potion"},{"floor":19,"key":"Swift Potion"}],"is_trial":false,"path_per_floor":["M","?","M","M","M","E","M","R","T","M","M","M","?","M","R","B",null,"M","M","?","$","?","E"],"character_chosen":"THE_SILENT","items_purchased":["Bird Faced Urn","Caltrops","The Bomb"],"campfire_rested":2,"item_purchase_floors":[21,21,21],"current_hp_per_floor":[46,46,43,39,31,12,9,30,30,21,15,10,27,18,39,18,57,39,15,15,15,15,0],"gold":1,"neow_bonus":"RANDOM_COLORLESS_2","is_prod":false,"is_daily":false,"chose_seed":false,"campfire_upgraded":0,"win_rate":0,"timestamp":1547838248,"path_taken":["M","?","M","?","M","E","M","R","T","M","M","M","?","M","R","BOSS","M","M","?","$","?","E"],"build_version":"2019-01-16","purchased_purges":1,"victory":false,"max_hp_per_floor":[70,70,70,70,70,70,70,70,70,70,70,70,70,70,70,70,70,70,70,70,70,70,70],"card_choices":[{"not_picked":["Blade Dance","Flechettes"],"picked":"PiercingWail","floor":1},{"not_picked":["Quick Slash","Backflip"],"picked":"Crippling Poison","floor":3},{"not_picked":["Outmaneuver","PiercingWail"],"picked":"Acrobatics","floor":4},{"not_picked":["Prepared","Flying Knee"],"picked":"Phantasmal Killer","floor":5},{"not_picked":["Deflect","PiercingWail"],"picked":"Sucker Punch","floor":6},{"not_picked":["Bane","Quick Slash"],"picked":"Footwork","floor":7},{"not_picked":["Accuracy","Acrobatics"],"picked":"Quick Slash","floor":10},{"not_picked":["PiercingWail","Dagger Throw"],"picked":"Deflect","floor":11},{"not_picked":["Grand Finale","Slice"],"picked":"Heel Hook","floor":12},{"not_picked":["Underhanded Strike","Calculated Gamble"],"picked":"Flying Knee","floor":14},{"not_picked":["After Image","A Thousand Cuts"],"picked":"Night Terror","floor":16},{"not_picked":["Dagger Spray","Outmaneuver"],"picked":"Heel Hook","floor":18},{"not_picked":["PiercingWail","Endless Agony+1","Slice"],"picked":"SKIP","floor":19}],"player_experience":213387,"relics_obtained":[{"floor":6,"key":"Omamori"},{"floor":9,"key":"MawBank"}],"event_choices":[{"cards_removed":["Defend_G"],"damage_healed":0,"gold_gain":0,"player_choice":"Offered Basic","damage_taken":0,"max_hp_gain":0,"max_hp_loss":0,"event_name":"Bonfire Elementals","floor":2,"gold_loss":0},{"damage_healed":17,"gold_gain":0,"player_choice":"Healed","damage_taken":0,"max_hp_gain":0,"max_hp_loss":0,"event_name":"The Cleric","floor":13,"gold_loss":35},{"damage_healed":0,"gold_gain":99,"player_choice":"Stole From Cult","damage_taken":0,"max_hp_gain":0,"max_hp_loss":0,"event_name":"Nest","floor":20,"gold_loss":0},{"damage_healed":0,"gold_gain":0,"player_choice":"Read","damage_taken":0,"max_hp_gain":0,"max_hp_loss":0,"event_name":"The Library","floor":22,"gold_loss":0,"cards_obtained":["Venomology"]}],"is_beta":true,"boss_relics":[{"not_picked":["Empty Cage","Tiny House"],"picked":"Cursed Key"}],"items_purged_floors":[21],"is_endless":false,"potions_floor_spawned":[4,5,7,10,14,19],"killed_by":"Slavers","ascension_level":5}