{"gold_per_floor":[111,131,141,43,60,93,93,93,141,170,170,170,202,202,202,278,278,291,291,341,354,365,365,380,380,380,411,411,52,52,66,66,140,140,160,0,0,0,17,17,48,48,103,134,181,93,93,108,108,108],"floor_reached":51,"playtime":3108,"items_purged":["Normality","Writhe"],"score":1446,"play_id":"27b26af9-a33a-4f5d-b6f4-2a202d0bd113","local_time":"20190321233811","is_ascension_mode":true,"campfire_choices":[{"floor":7,"key":"REST"},{"floor":11,"key":"REST"},{"floor":15,"key":"REST"},{"floor":23,"key":"REST"},{"data":"Flame Barrier","floor":25,"key":"SMITH"},{"floor":32,"key":"REST"},{"floor":40,"key":"DIG"},{"floor":42,"key":"DIG"},{"floor":49,"key":"DIG"}],"neow_cost":"NONE","seed_source_timestamp":45906446468035,"circlet_count":0,"master_deck":["AscendersBane","Defend_R","Defend_R","Defend_R","Defend_R","Bash+1","Shockwave","Headbutt+1","Whirlwind","Flash of Steel","Flame Barrier+1","Spot Weakness","Rage","Headbutt","Feed","Barricade","Battle Trance","Demon Form","Bite","Bite","Bite","Bite","Bite","Flash of Steel","Apotheosis","Impervious","Havoc+1","Injury","Metallicize+1","Body Slam"],"relics":["Burning Blood","Shuriken","Whetstone","Pen Nib","Champion Belt","Regal Pillow","NlothsMask","Cursed Key","Enchiridion","Pear","Shovel","Black Star","Red Mask","Ginger","Kunai","Dead Branch","Dream Catcher","MawBank","Red Skull","Ancient Tea Set","Happy Flower"],"potions_floor_usage":[5,10,13,16,21,24,33,39,41,50],"damage_taken":[{"damage":6,"enemies":"2 Louse","floor":1,"turns":3},{"damage":12,"enemies":"Jaw Worm","floor":2,"turns":4},{"damage":7,"enemies":"Small Slimes","floor":3,"turns":3},{"damage":11,"enemies":"Exordium Thugs","floor":5,"turns":4},{"damage":50,"enemies":"Gremlin Nob","floor":6,"turns":5},{"damage":30,"enemies":"Lagavulin","floor":10,"turns":6},{"damage":21,"enemies":"3 Sentries","floor":13,"turns":5},{"damage":21,"enemies":"Hexaghost","floor":16,"turns":6},{"damage":30,"enemies":"2 Thieves","floor":18,"turns":4},{"damage":1,"enemies":"3 Byrds","floor":21,"turns":4},{"damage":10,"enemies":"Centurion and Healer","floor":22,"turns":7},{"damage":32,"enemies":"Cultist and Chosen","floor":24,"turns":5},{"damage":48,"enemies":"Slavers","floor":27,"turns":4},{"damage":19,"enemies":"Chosen and Byrds","floor":31,"turns":5},{"damage":65,"enemies":"Collector","floor":33,"turns":9},{"damage":20,"enemies":"Orb Walker","floor":35,"turns":5},{"damage":9,"enemies":"3 Darklings","floor":39,"turns":6},{"damage":9,"enemies":"Giant Head","floor":41,"turns":6},{"damage":0,"enemies":"4 Shapes","floor":44,"turns":5},{"damage":64,"enemies":"Reptomancer","floor":45,"turns":5},{"damage":30,"enemies":"Transient","floor":48,"turns":5},{"damage":73,"enemies":"Donu and Deca","floor":50,"turns":8}],"seed_played":"8999247963245768716","potions_obtained":[{"floor":2,"key":"BloodPotion"},{"floor":3,"key":"SteroidPotion"},{"floor":5,"key":"EssenceOfSteel"},{"floor":10,"key":"SpeedPotion"},{"floor":18,"key":"AttackPotion"},{"floor":21,"key":"Energy Potion"},{"floor":31,"key":"Regen Potion"},{"floor":35,"key":"Swift Potion"},{"floor":39,"key":"PowerPotion"},{"floor":44,"key":"SpeedPotion"}],"is_trial":false,"path_per_floor":["M","M","M","$","M","E","R","?","T","E","R","T","E","?","R","B",null,"M","?","?","M","M","R","M","R","T","E","?","$","?","M","R","B",null,"M","?","$","?","M","R","E","R","T","M","E","$","?","M","R","B",null],"character_chosen":"IRONCLAD","items_purchased":["Flash of Steel","Flash of Steel","Apotheosis"],"campfire_rested":5,"item_purchase_floors":[4,29,29],"current_hp_per_floor":[68,62,61,61,56,12,34,39,39,23,47,47,32,32,71,56,74,53,32,32,40,39,80,57,57,57,25,25,25,25,24,60,45,65,60,60,60,60,73,73,79,79,79,79,31,31,79,64,64,12],"gold":108,"neow_bonus":"UPGRADE_CARD","is_prod":false,"is_daily":false,"chose_seed":false,"campfire_upgraded":1,"win_rate":0,"timestamp":1553225891,"path_taken":["M","M","M","$","M","E","R","?","T","E","R","?","E","?","R","BOSS","M","?","?","M","M","R","M","R","T","E","?","$","?","M","R","BOSS","M","?","$","?","M","R","E","R","T","M","E","$","?","M","R","BOSS"],"build_version":"2019-03-15","purchased_purges":2,"victory":true,"max_hp_per_floor":[75,75,75,75,75,75,75,80,80,80,80,80,80,80,80,80,80,83,83,83,86,89,89,92,92,92,102,71,71,71,71,71,71,71,71,71,71,71,75,75,79,79,79,79,79,79,79,79,79,79],"card_choices":[{"not_picked":["Perfected Strike","Wild Strike"],"picked":"Shockwave","floor":1},{"not_picked":["Armaments","Infernal Blade"],"picked":"Headbutt","floor":2},{"not_picked":["Wild Strike","Heavy Blade"],"picked":"Whirlwind","floor":3},{"not_picked":["Twin Strike","Body Slam"],"picked":"Flame Barrier","floor":5},{"not_picked":["Armaments","Searing Blow"],"picked":"Spot Weakness","floor":6},{"not_picked":["Warcry","Flex"],"picked":"Rage","floor":10},{"not_picked":["Warcry","Power Through"],"picked":"Headbutt","floor":13},{"not_picked":["Impervious","Juggernaut"],"picked":"Feed","floor":16},{"not_picked":["Sword Boomerang","Wild Strike","True Grit"],"picked":"SKIP","floor":18},{"not_picked":["Wild Strike","Clash+1","Perfected Strike"],"picked":"SKIP","floor":21},{"not_picked":["Spot Weakness","Iron Wave"],"picked":"Barricade","floor":22},{"not_picked":["Whirlwind","Headbutt"],"picked":"Battle Trance","floor":24},{"not_picked":["Sword Boomerang+1","Shrug It Off"],"picked":"Demon Form","floor":27},{"not_picked":["Anger","Searing Blow","Armaments"],"picked":"SKIP","floor":31},{"not_picked":["Demon Form","Offering"],"picked":"Impervious","floor":33},{"not_picked":["Flex","Spot Weakness"],"picked":"Cleave","floor":35},{"not_picked":["Perfected Strike","Twin Strike"],"picked":"Havoc+1","floor":39},{"not_picked":["Body Slam","Perfected Strike+1"],"picked":"Battle Trance","floor":41},{"not_picked":["Barricade","Heavy Blade"],"picked":"Metallicize+1","floor":44},{"not_picked":["True Grit","Twin Strike"],"picked":"Body Slam","floor":45},{"not_picked":["Infernal Blade","Perfected Strike","Evolve"],"picked":"SKIP","floor":48}],"player_experience":599333,"relics_obtained":[{"floor":6,"key":"Shuriken"},{"floor":9,"key":"Whetstone"},{"floor":10,"key":"Pen Nib"},{"floor":12,"key":"Champion Belt"},{"floor":13,"key":"Regal Pillow"},{"floor":19,"key":"Enchiridion"},{"floor":27,"key":"Pear"},{"floor":40,"key":"Ginger"},{"floor":41,"key":"Kunai"},{"floor":41,"key":"Dead Branch"},{"floor":42,"key":"Dream Catcher"},{"floor":43,"key":"MawBank"},{"floor":45,"key":"Red Skull"},{"floor":45,"key":"Ancient Tea Set"},{"floor":49,"key":"Happy Flower"}],"event_choices":[{"damage_healed":0,"gold_gain":0,"player_choice":"Donut","damage_taken":0,"max_hp_gain":5,"max_hp_loss":0,"event_name":"Big Fish","floor":8,"gold_loss":0},{"damage_healed":0,"gold_gain":0,"player_choice":"Trade","damage_taken":0,"relics_obtained":["NlothsMask"],"max_hp_gain":0,"max_hp_loss":0,"event_name":"FaceTrader","floor":14,"gold_loss":0},{"damage_healed":0,"gold_gain":0,"player_choice":"Obtained Book","damage_taken":21,"max_hp_gain":0,"max_hp_loss":0,"event_name":"Cursed Tome","floor":19,"gold_loss":0},{"damage_healed":0,"gold_gain":50,"player_choice":"Stole From Cult","damage_taken":0,"max_hp_gain":0,"max_hp_loss":0,"event_name":"Nest","floor":20,"gold_loss":0},{"damage_healed":0,"gold_gain":0,"player_choice":"Became a vampire","damage_taken":0,"max_hp_gain":0,"max_hp_loss":31,"event_name":"Vampires","floor":28,"gold_loss":0,"cards_obtained":["Bite","Bite","Bite","Bite","Bite"]},{"damage_healed":0,"gold_gain":0,"player_choice":"Opened","damage_taken":0,"relics_obtained":["Shovel"],"max_hp_gain":0,"max_hp_loss":0,"event_name":"The Mausoleum","floor":30,"gold_loss":0,"cards_obtained":["Writhe"]},{"damage_healed":0,"gold_gain":0,"player_choice":"Paid","damage_taken":0,"relics_obtained":["Red Mask"],"max_hp_gain":0,"max_hp_loss":0,"event_name":"Tomb of Lord Red Mask","floor":36,"gold_loss":160},{"cards_removed":["Cleave"],"damage_healed":0,"gold_gain":0,"player_choice":"Removed Attack","damage_taken":0,"max_hp_gain":0,"max_hp_loss":0,"event_name":"Falling","floor":38,"gold_loss":0},{"cards_removed":["Battle Trance"],"damage_healed":48,"gold_gain":0,"player_choice":"Offered Uncommon","damage_taken":0,"max_hp_gain":0,"max_hp_loss":0,"event_name":"Bonfire Elementals","floor":47,"gold_loss":0}],"is_beta":true,"boss_relics":[{"not_picked":["Astrolabe","Runic Cube"],"picked":"Cursed Key"},{"not_picked":["Eternal Feather","White Beast Statue"],"picked":"Black Star"}],"items_purged_floors":[29,46],"is_endless":false,"potions_floor_spawned":[2,3,5,6,10,18,21,31,35,39,44],"ascension_level":19}