{"gold_per_floor":[119,137,137,63,33,58,58,72,72,84,84,97,117,145,145,247,247,264,264,279,279,290,290,323,323],"floor_reached":25,"playtime":750,"items_purged":[],"score":245,"play_id":"c3e75848-15ce-4bd9-b69c-43e002f4f84d","local_time":"20190224052742","is_ascension_mode":true,"campfire_choices":[{"data":"Zap","floor":7,"key":"SMITH"},{"floor":11,"key":"RECALL"},{"floor":15,"key":"REST"},{"floor":23,"key":"REST"}],"neow_cost":"CURSE","seed_source_timestamp":307816260565688,"circlet_count":0,"master_deck":["Strike_B","Strike_B","Strike_B","Strike_B","Defend_B","Defend_B","Defend_B","Zap+1","Dualcast+1","Parasite","Conserve Battery","Gash","Doom and Gloom","Go for the Eyes","Gash","Multi-Cast","Core Surge"],"relics":["Cracked Core","Peace Pipe","Mercury Hourglass","Vajra","Letter Opener","Inserter","Prayer Wheel"],"potions_floor_usage":[6,6,10,10,16,16,16,20],"damage_taken":[{"damage":5,"enemies":"Cultist","floor":1,"turns":5},{"damage":2,"enemies":"Jaw Worm","floor":2,"turns":5},{"damage":11,"enemies":"3 Sentries","floor":6,"turns":6},{"damage":0,"enemies":"2 Louse","floor":8,"turns":2},{"damage":6,"enemies":"Red Slaver","floor":10,"turns":3},{"damage":3,"enemies":"Looter","floor":12,"turns":3},{"damage":2,"enemies":"Blue Slaver","floor":13,"turns":3},{"damage":26,"enemies":"Lagavulin","floor":14,"turns":5},{"damage":13,"enemies":"Slime Boss","floor":16,"turns":7},{"damage":17,"enemies":"Spheric Guardian","floor":18,"turns":4},{"damage":17,"enemies":"Shell Parasite","floor":20,"turns":4},{"damage":28,"enemies":"Centurion and Healer","floor":22,"turns":6},{"damage":33,"enemies":"Book of Stabbing","floor":24,"turns":4},{"damage":14,"enemies":"Snake Plant","floor":25,"turns":1}],"seed_played":"-8041226448695137922","potions_obtained":[{"floor":1,"key":"SpeedPotion"},{"floor":5,"key":"SkillPotion"},{"floor":5,"key":"SkillPotion"},{"floor":6,"key":"Fruit Juice"},{"floor":8,"key":"SkillPotion"},{"floor":13,"key":"Weak Potion"},{"floor":14,"key":"Ancient Potion"},{"floor":18,"key":"Strength Potion"}],"is_trial":false,"path_per_floor":["M","M","?","$","?","E","R","M","T","M","R","M","M","E","R","B",null,"M","?","M","?","M","R","E","M"],"character_chosen":"DEFECT","items_purchased":["Doom and Gloom"],"campfire_rested":2,"item_purchase_floors":[4],"current_hp_per_floor":[70,68,61,61,61,50,50,50,50,49,49,46,44,18,42,29,80,63,63,46,46,18,42,9,0],"gold":323,"neow_bonus":"ONE_RARE_RELIC","is_prod":false,"is_daily":false,"chose_seed":false,"campfire_upgraded":1,"win_rate":0,"timestamp":1551014862,"path_taken":["M","?","?","$","?","E","R","M","T","?","R","M","M","E","R","BOSS","M","?","?","?","M","R","E","M"],"build_version":"2019-01-23","purchased_purges":0,"victory":false,"max_hp_per_floor":[75,75,75,75,75,75,75,75,75,80,80,80,80,80,80,80,80,80,80,80,80,80,80,80,80],"card_choices":[{"not_picked":["Compile Driver","Barrage"],"picked":"Conserve Battery","floor":1},{"not_picked":["Coolheaded","Hologram"],"picked":"Gash","floor":2},{"not_picked":["Barrage","Aggregate","Hologram"],"picked":"SKIP","floor":6},{"not_picked":["Biased Cognition","Skim","Rip and Tear"],"picked":"SKIP","floor":8},{"not_picked":["Cold Snap","Rip and Tear"],"picked":"Go for the Eyes","floor":10},{"not_picked":["Blizzard","Go for the Eyes","Cold Snap"],"picked":"SKIP","floor":12},{"not_picked":["Storm","Scrape"],"picked":"Gash","floor":13},{"not_picked":["Ball Lightning","Doom and Gloom","Undo"],"picked":"SKIP","floor":14},{"not_picked":["Rainbow","Echo Form"],"picked":"Multi-Cast","floor":16},{"not_picked":["Blizzard","Glacier","Conserve Battery"],"picked":"SKIP","floor":18},{"not_picked":["Reprogram","Conserve Battery","Blizzard"],"picked":"SKIP","floor":20},{"not_picked":["Ball Lightning","Leap","Hello World+1"],"picked":"SKIP","floor":22},{"not_picked":["Sweeping Beam","Static Discharge"],"picked":"Core Surge","floor":24}],"player_experience":272228,"relics_obtained":[{"floor":6,"key":"Mercury Hourglass"},{"floor":9,"key":"Vajra"},{"floor":14,"key":"Letter Opener"},{"floor":24,"key":"Prayer Wheel"}],"event_choices":[{"cards_removed":["Defend_B"],"damage_healed":0,"gold_gain":0,"player_choice":"Card Removal","damage_taken":7,"max_hp_gain":0,"max_hp_loss":0,"event_name":"Golden Wing","floor":3,"gold_loss":0},{"damage_healed":0,"gold_gain":0,"player_choice":"Bought 2 Potions","damage_taken":0,"max_hp_gain":0,"max_hp_loss":0,"event_name":"The Woman in Blue","floor":5,"gold_loss":0},{"damage_healed":0,"gold_gain":0,"player_choice":"Forge","damage_taken":0,"max_hp_gain":0,"max_hp_loss":0,"event_name":"Accursed Blacksmith","floor":19,"gold_loss":0,"cards_upgraded":["Dualcast"]},{"damage_healed":0,"gold_gain":0,"player_choice":"Ignored","damage_taken":0,"max_hp_gain":0,"max_hp_loss":0,"event_name":"Ghosts","floor":21,"gold_loss":0}],"is_beta":false,"boss_relics":[{"not_picked":["Velvet Choker","White Beast Statue"],"picked":"Inserter"}],"items_purged_floors":[],"is_endless":false,"potions_floor_spawned":[1,6,8,13,14,18],"killed_by":"Snake Plant","ascension_level":1}