{"gold_per_floor":[110,121,140,140,150,150,179,198,198,348,367,367,7,18,18,96,96,69,19,19],"floor_reached":20,"playtime":1436,"items_purged":["Doubt"],"score":359,"play_id":"c7bdfd06-b79d-471d-9f42-2b6e1ad6e278","local_time":"20190318111253","is_ascension_mode":true,"campfire_choices":[{"data":"Armaments","floor":6,"key":"SMITH"},{"data":"Limit Break","floor":12,"key":"SMITH"},{"floor":15,"key":"REST"}],"neow_cost":"TEN_PERCENT_HP_LOSS","seed_source_timestamp":7764862951124,"circlet_count":0,"master_deck":["AscendersBane","Strike_R","Strike_R","Strike_R","Strike_R","Strike_R","Defend_R","Defend_R","Defend_R","Defend_R","Bash","Feed+1","Armaments+1","Pommel Strike","Shrug It Off","Inflame","Cleave","Limit Break+1","Feel No Pain","True Grit","Clothesline","Shrug It Off","Double Tap","Burning Pact"],"relics":["Burning Blood","Dream Catcher","Smiling Mask","Strange Spoon","Runic Pyramid"],"potions_floor_usage":[8,16,16],"damage_taken":[{"damage":9,"enemies":"Jaw Worm","floor":1,"turns":4},{"damage":10,"enemies":"Small Slimes","floor":2,"turns":6},{"damage":1,"enemies":"2 Louse","floor":3,"turns":3},{"damage":7,"enemies":"Looter","floor":5,"turns":3},{"damage":44,"enemies":"Lagavulin","floor":7,"turns":8},{"damage":11,"enemies":"Red Slaver","floor":8,"turns":5},{"damage":8,"enemies":"Blue Slaver","floor":11,"turns":5},{"damage":12,"enemies":"2 Fungi Beasts","floor":14,"turns":7},{"damage":60,"enemies":"Slime Boss","floor":16,"turns":13},{"damage":23,"enemies":"2 Thieves","floor":18,"turns":4},{"damage":68,"enemies":"3 Byrds","floor":20,"turns":7}],"seed_played":"846849550292202618","potions_obtained":[{"floor":3,"key":"PowerPotion"},{"floor":5,"key":"SpeedPotion"},{"floor":14,"key":"SpeedPotion"}],"is_trial":false,"path_per_floor":["M","M","M","?","M","R","E","M","T","?","M","R","$","M","R","B",null,"M","$","M"],"character_chosen":"IRONCLAD","items_purchased":["Strange Spoon","Feel No Pain","True Grit"],"campfire_rested":1,"item_purchase_floors":[13,13,13],"current_hp_per_floor":[68,67,75,75,78,78,40,39,39,39,41,41,41,43,72,18,77,64,64,0],"gold":19,"neow_bonus":"THREE_RARE_CARDS","is_prod":false,"is_daily":false,"chose_seed":false,"campfire_upgraded":2,"win_rate":0,"timestamp":1552921973,"path_taken":["M","M","M","?","M","R","E","M","T","?","M","R","$","M","R","BOSS","M","$","M"],"build_version":"2019-03-15","purchased_purges":1,"victory":false,"max_hp_per_floor":[71,74,77,77,81,81,81,85,85,85,89,89,89,97,97,97,97,101,101,105],"card_choices":[{"not_picked":["Exhume","Demon Form"],"picked":"Feed","floor":0},{"not_picked":["Heavy Blade","Power Through"],"picked":"Armaments","floor":1},{"not_picked":["Warcry","Rampage"],"picked":"Pommel Strike","floor":2},{"not_picked":["Headbutt","Pommel Strike"],"picked":"Shrug It Off","floor":3},{"not_picked":["Armaments","Havoc"],"picked":"Inflame","floor":5},{"not_picked":["Clash","Sword Boomerang","Power Through"],"picked":"SKIP","floor":7},{"not_picked":["Clash","Sword Boomerang","Power Through"],"picked":"SKIP","floor":7},{"not_picked":["Perfected Strike","Intimidate"],"picked":"Cleave","floor":8},{"not_picked":["Pummel","True Grit"],"picked":"Limit Break","floor":11},{"not_picked":["Twin Strike","Armaments"],"picked":"Clothesline","floor":14},{"not_picked":["Entrench","Anger"],"picked":"Shrug It Off","floor":15},{"not_picked":["Berserk","Juggernaut"],"picked":"Double Tap","floor":16},{"not_picked":["Perfected Strike","Clothesline"],"picked":"Burning Pact","floor":18}],"player_experience":558673,"relics_obtained":[{"floor":7,"key":"Dream Catcher"},{"floor":9,"key":"Smiling Mask"}],"event_choices":[{"damage_healed":0,"gold_gain":0,"player_choice":"Grow","damage_taken":0,"max_hp_gain":0,"max_hp_loss":0,"event_name":"Living Wall","floor":4,"gold_loss":0,"cards_upgraded":["Feed"]},{"damage_healed":0,"gold_gain":150,"player_choice":"AGREE","damage_taken":0,"max_hp_gain":0,"max_hp_loss":0,"event_name":"Liars Game","floor":10,"gold_loss":0,"cards_obtained":["Doubt"]}],"is_beta":true,"boss_relics":[{"not_picked":["Cursed Key","Black Blood"],"picked":"Runic Pyramid"}],"items_purged_floors":[19],"is_endless":false,"potions_floor_spawned":[3,5,14],"killed_by":"3 Byrds","ascension_level":18}