{"gold_per_floor":[114,114,114,114,127,167,167,211,211,211,224,243,256,289,289,387,387,408,431,356,381,381,381,424,447,472,472,510,244,244,275,275,364,364,380,196,212,212,226,269,269,282,305,348,348,423,457,481,481,481,481,481,481,248,282,282],"floor_reached":57,"playtime":4928,"items_purged":["Setup","Pain","Dagger Spray","Noxious Fumes"],"score":3311,"play_id":"e9a1f54a-323e-4992-aa2b-b88e754e45a8","local_time":"20190302164629","is_ascension_mode":true,"campfire_choices":[{"data":"Noxious Fumes","floor":7.0,"key":"SMITH"},{"data":"Neutralize","floor":10.0,"key":"SMITH"},{"data":"Well Laid Plans","floor":15.0,"key":"SMITH"},{"floor":23.0,"key":"REST"},{"data":"After Image","floor":27,"key":"SMITH"},{"data":"Catalyst","floor":30,"key":"SMITH"},{"data":"Night Terror","floor":32,"key":"SMITH"},{"data":"Footwork","floor":41,"key":"SMITH"},{"floor":45,"key":"RECALL"},{"data":"Prepared","floor":49,"key":"SMITH"},{"data":"Corpse Explosion","floor":53,"key":"SMITH"}],"neow_cost":"NONE","seed_source_timestamp":671376553809893,"circlet_count":0,"master_deck":["AscendersBane","Survivor","Neutralize+1","Noxious Fumes+1","Footwork+1","Backflip","Escape Plan","Venomology","Catalyst+1","Well Laid Plans+1","Backstab","After Image+1","Crippling Poison","Corpse Explosion+1","Prepared+1","Distraction","Deadly Poison","Storm of Steel","Leg Sweep","Deflect","Backflip","Backflip","Night Terror+1","PiercingWail","Cloak And Dagger+1","Acrobatics+1","Footwork+1","Blur","Crippling Poison+1"],"special_seed":0,"relics":["Ring of the Snake","NeowsBlessing","Golden Idol","Dead Branch","Dodecahedron","Bottled Flame","Bronze Scales","Pandora\u0027s Box","WarpedTongs","Bird Faced Urn","Bag of Preparation","Bag of Marbles","Lantern","Philosopher\u0027s Stone","Meat on the Bone","Regal Pillow","Shuriken","Juzu Bracelet","Sundial"],"potions_floor_usage":[25,44,44,47,48,50,55,55,55,56,56],"damage_taken":[{"damage":0.0,"enemies":"2 Louse","floor":1.0,"turns":1.0},{"damage":0.0,"enemies":"Small Slimes","floor":5.0,"turns":1.0},{"damage":0.0,"enemies":"Gremlin Nob","floor":6.0,"turns":1.0},{"damage":14.0,"enemies":"3 Sentries","floor":8.0,"turns":7.0},{"damage":3.0,"enemies":"Jaw Worm","floor":11.0,"turns":5.0},{"damage":6.0,"enemies":"Blue Slaver","floor":12.0,"turns":6.0},{"damage":0.0,"enemies":"Red Slaver","floor":13.0,"turns":3.0},{"damage":0.0,"enemies":"Lagavulin","floor":14.0,"turns":7.0},{"damage":15.0,"enemies":"Hexaghost","floor":16.0,"turns":9.0},{"damage":11.0,"enemies":"2 Thieves","floor":18.0,"turns":4.0},{"damage":0.0,"enemies":"Spheric Guardian","floor":19.0,"turns":3.0},{"damage":15.0,"enemies":"Cultist and Chosen","floor":21.0,"turns":4.0},{"damage":9.0,"enemies":"Book of Stabbing","floor":24.0,"turns":6.0},{"damage":3,"enemies":"Centurion and Healer","floor":25,"turns":8},{"damage":8,"enemies":"Gremlin Leader","floor":28,"turns":6},{"damage":16,"enemies":"Slavers","floor":31,"turns":5},{"damage":3,"enemies":"Champ","floor":33,"turns":7},{"damage":0,"enemies":"3 Shapes","floor":35,"turns":3},{"damage":0,"enemies":"Orb Walker","floor":37,"turns":2},{"damage":0,"enemies":"Writhing Mass","floor":39,"turns":5},{"damage":0,"enemies":"Giant Head","floor":40,"turns":3},{"damage":0,"enemies":"4 Shapes","floor":42,"turns":3},{"damage":0,"enemies":"Reptomancer","floor":44,"turns":2},{"damage":0,"enemies":"Giant Head","floor":47,"turns":5},{"damage":0,"enemies":"Maw","floor":48,"turns":6},{"damage":0,"enemies":"Time Eater","floor":50,"turns":7},{"damage":0,"enemies":"Donu and Deca","floor":51,"turns":6},{"damage":16,"enemies":"Shield and Spear","floor":55,"turns":5},{"damage":56,"enemies":"The Heart","floor":56,"turns":8}],"seed_played":"-7745539799257027223","potions_obtained":[{"floor":8.0,"key":"SteroidPotion"},{"floor":11.0,"key":"Fruit Juice"},{"floor":12.0,"key":"LiquidBronze"},{"floor":31,"key":"GamblersBrew"},{"floor":33,"key":"Block Potion"},{"floor":42,"key":"Fruit Juice"},{"floor":44,"key":"Explosive Potion"}],"is_trial":false,"path_per_floor":["M","?","?","?","M","E","R","E","T","R","M","M","M","E","R","B",null,"M","M","$","M","?","R","E","M","T","R","E","$","R","E","R","B",null,"M","$","M","?","M","E","R","M","T","E","R","T","E","M","R","B","B",null,"R","$","E","B",null],"character_chosen":"THE_SILENT","items_purchased":["Night Terror","PiercingWail","GamblersBrew"],"campfire_rested":1,"item_purchase_floors":[29,36,54],"current_hp_per_floor":[59,39,44,44,44,44,44,30,30,30,27,26,26,26,26,11,55,44,44,44,29,29,49,40,51,51,51,55,55,55,47,47,52,65,69,69,69,69,69,69,69,69,69,74,74,74,74,74,74,74,74,74,74,74,60,28],"gold":282,"neow_bonus":"THREE_ENEMY_KILL","is_prod":false,"is_daily":false,"chose_seed":false,"campfire_upgraded":9,"win_rate":0,"timestamp":1551563189,"path_taken":["M","?","?","?","M","E","R","E","T","R","M","?","M","E","R","BOSS","M","M","$","M","?","R","E","?","T","R","E","$","R","E","R","BOSS","M","$","M","?","M","E","R","M","T","E","R","?","E","M","R","BOSS","BOSS","R","$","E","BOSS"],"build_version":"2019-02-06","purchased_purges":4,"victory":true,"max_hp_per_floor":[66,66,71,64,64,64,64,64,64,64,64,69,69,69,69,69,69,69,69,69,69,69,69,69,69,69,69,69,69,69,69,69,69,69,69,69,69,69,69,69,69,69,69,74,74,74,74,74,74,74,74,74,74,74,74,74],"card_choices":[{"not_picked":["Quick Slash","Bane"],"picked":"Noxious Fumes","floor":1.0},{"not_picked":["Blade Dance","Setup"],"picked":"Footwork","floor":5.0},{"not_picked":["Outmaneuver","All Out Attack"],"picked":"Backflip","floor":6.0},{"not_picked":["Underhanded Strike","Blade Dance"],"picked":"Escape Plan","floor":8.0},{"not_picked":["Predator","Heel Hook"],"picked":"Venomology","floor":11.0},{"not_picked":["PiercingWail","Cloak And Dagger"],"picked":"Catalyst","floor":12.0},{"not_picked":["Dodge and Roll","Dagger Spray"],"picked":"Well Laid Plans","floor":13.0},{"not_picked":["Outmaneuver","Accuracy"],"picked":"Backstab","floor":14.0},{"not_picked":["Adrenaline","Glass Knife"],"picked":"After Image","floor":16.0},{"not_picked":["Dodge and Roll","Prepared"],"picked":"Deflect","floor":18.0},{"not_picked":["Prepared","Choke","Acrobatics"],"picked":"SKIP","floor":19.0},{"not_picked":["Bane","Sucker Punch"],"picked":"Dagger Spray","floor":21.0},{"not_picked":["Quick Slash","Underhanded Strike+1","Reflex"],"picked":"SKIP","floor":24.0},{"not_picked":["Infinite Blades","Flying Knee+1"],"picked":"Backflip","floor":25},{"not_picked":["All Out Attack","Blade Dance"],"picked":"Backflip","floor":28},{"not_picked":["Poisoned Stab","Slice","Cloak And Dagger"],"picked":"SKIP","floor":31},{"not_picked":["Eviscerate","Blade Dance+1","Underhanded Strike"],"picked":"SKIP","floor":35},{"not_picked":["Dagger Spray+1","Quick Slash"],"picked":"Cloak And Dagger+1","floor":37},{"not_picked":["Deflect","Underhanded Strike"],"picked":"Acrobatics+1","floor":39},{"not_picked":["A Thousand Cuts","Poisoned Stab","Infinite Blades"],"picked":"SKIP","floor":40},{"not_picked":["Dagger Throw+1","Flying Knee+1"],"picked":"Footwork+1","floor":42},{"not_picked":["Endless Agony","Dagger Spray","Noxious Fumes"],"picked":"SKIP","floor":44},{"not_picked":["Prepared","Slice","Dagger Spray"],"picked":"SKIP","floor":47},{"not_picked":["Finisher","Terror"],"picked":"Blur","floor":48},{"not_picked":["Blade Dance","Flying Knee"],"picked":"Crippling Poison+1","floor":55}],"player_experience":1028519,"relics_obtained":[{"floor":6.0,"key":"Dead Branch"},{"floor":8.0,"key":"Dodecahedron"},{"floor":9.0,"key":"Bottled Flame"},{"floor":14.0,"key":"Bronze Scales"},{"floor":24.0,"key":"Bird Faced Urn"},{"floor":26,"key":"Bag of Preparation"},{"floor":28,"key":"Bag of Marbles"},{"floor":31,"key":"Lantern"},{"floor":40,"key":"Meat on the Bone"},{"floor":44,"key":"Regal Pillow"},{"floor":46,"key":"Shuriken"},{"floor":47,"key":"Juzu Bracelet"},{"floor":55,"key":"Sundial"}],"event_choices":[{"damage_healed":0.0,"max_hp_gain":0.0,"max_hp_loss":0.0,"gold_gain":0.0,"event_name":"Shining Light","player_choice":"Entered Light","floor":2.0,"gold_loss":0.0,"damage_taken":20.0,"cards_upgraded":["Strike_G","Strike_G"]},{"damage_healed":0.0,"max_hp_gain":5.0,"max_hp_loss":0.0,"gold_gain":0.0,"event_name":"Big Fish","player_choice":"Donut","floor":3.0,"gold_loss":0.0,"damage_taken":0.0},{"damage_healed":0.0,"max_hp_gain":0.0,"max_hp_loss":7.0,"gold_gain":0.0,"event_name":"Golden Idol","player_choice":"Lose Max HP","floor":4.0,"gold_loss":0.0,"damage_taken":0.0,"relics_obtained":["Golden Idol"]},{"damage_healed":0.0,"max_hp_gain":0.0,"max_hp_loss":0.0,"gold_gain":0.0,"event_name":"Accursed Blacksmith","player_choice":"Rummage","floor":22.0,"gold_loss":0.0,"damage_taken":0.0,"relics_obtained":["WarpedTongs"],"cards_obtained":["Pain"]},{"cards_removed":["Reflex"],"damage_healed":0,"gold_gain":0,"player_choice":"Removed Skill","damage_taken":0,"max_hp_gain":0,"max_hp_loss":0,"event_name":"Falling","floor":38,"gold_loss":0}],"is_beta":true,"boss_relics":[{"not_picked":["Astrolabe","Tiny House"],"picked":"Pandora\u0027s Box"},{"not_picked":["Eternal Feather","Ring of the Serpent"],"picked":"Philosopher\u0027s Stone"}],"items_purged_floors":[20,29,36,54],"is_endless":false,"potions_floor_spawned":[8,11,12,14,28,31,33,42,44,47],"ascension_level":20}